{"gold_per_floor":[369,259,278,178,194,221,233,408,408,408,408,408,423,456,456,551,551,564,564,579,590,590,590,590],"floor_reached":24,"playtime":840,"items_purged":["Strike_R","Strike_R"],"score":319,"play_id":"5730c5f1-e178-4e32-a1e4-2f305c2f4fc9","local_time":"20190115132732","is_ascension_mode":true,"campfire_choices":[{"data":"Doubt","floor":10,"key":"PURGE"},{"data":"Rampage","floor":12,"key":"SMITH"},{"data":"Bash","floor":15,"key":"SMITH"},{"floor":23,"key":"REST"}],"neow_cost":"TEN_PERCENT_HP_LOSS","seed_source_timestamp":502008051988135,"circlet_count":0,"master_deck":["AscendersBane","Strike_R","Strike_R","Strike_R","Defend_R","Defend_R","Defend_R","Defend_R","Bash+1","Sever Soul","Rampage+1","Iron Wave","Ghostly Armor","Ghostly Armor","Warcry+1","Shockwave"],"relics":["Burning Blood","Blue Candle","Peace Pipe","StoneCalendar","Cursed Key","Red Skull"],"potions_floor_usage":[14,16,21,21],"damage_taken":[{"damage":5,"enemies":"Cultist","floor":1,"turns":5},{"damage":7,"enemies":"Small Slimes","floor":3,"turns":3},{"damage":4,"enemies":"Jaw Worm","floor":5,"turns":3},{"damage":46,"enemies":"Lagavulin","floor":6,"turns":6},{"damage":2,"enemies":"Looter","floor":7,"turns":5},{"damage":8,"enemies":"Blue Slaver","floor":13,"turns":4},{"damage":11,"enemies":"Gremlin Nob","floor":14,"turns":4},{"damage":50,"enemies":"The Guardian","floor":16,"turns":11},{"damage":27,"enemies":"Shell Parasite","floor":18,"turns":7},{"damage":2,"enemies":"Chosen","floor":20,"turns":4},{"damage":30,"enemies":"Snake Plant","floor":21,"turns":5},{"damage":30,"enemies":"Slavers","floor":24,"turns":4}],"seed_played":"-8041630147012698623","potions_obtained":[{"floor":1,"key":"Explosive Potion"},{"floor":5,"key":"LiquidBronze"},{"floor":13,"key":"PowerPotion"},{"floor":16,"key":"Dexterity Potion"},{"floor":20,"key":"GamblersBrew"}],"is_trial":false,"path_per_floor":["M","$","M","$","M","E","M","?","T","R","?","R","M","E","R","B",null,"M","?","M","M","?","R","E"],"character_chosen":"IRONCLAD","items_purchased":["Rampage"],"campfire_rested":1,"item_purchase_floors":[2],"current_hp_per_floor":[72,72,71,71,72,32,36,36,36,36,60,60,58,53,53,9,56,35,35,39,15,8,29,0],"gold":590,"neow_bonus":"TWO_FIFTY_GOLD","is_prod":false,"is_daily":false,"chose_seed":false,"campfire_upgraded":2,"win_rate":0,"timestamp":1547576852,"path_taken":["M","$","M","$","M","E","M","?","T","R","?","R","?","E","R","BOSS","M","?","M","M","?","R","E"],"build_version":"2019-01-10","purchased_purges":2,"victory":false,"max_hp_per_floor":[72,72,72,72,72,72,72,72,72,72,72,72,72,72,72,72,72,72,72,72,72,72,72,72],"card_choices":[{"not_picked":["Anger","Sentinel"],"picked":"Sever Soul","floor":1},{"not_picked":["Wild Strike","Clothesline"],"picked":"Iron Wave","floor":3},{"not_picked":["Bloodletting","Twin Strike","Clothesline"],"picked":"SKIP","floor":5},{"not_picked":["Bloodletting","Shockwave","Armaments"],"picked":"SKIP","floor":6},{"not_picked":["Cleave","Armaments"],"picked":"Ghostly Armor","floor":7},{"not_picked":["Shockwave","Clothesline"],"picked":"Ghostly Armor","floor":13},{"not_picked":["Pommel Strike","Dropkick","Feel No Pain"],"picked":"SKIP","floor":14},{"not_picked":["Wild Strike","Sword Boomerang+1"],"picked":"Warcry+1","floor":18},{"not_picked":["Flex+1","Twin Strike+1","Rampage"],"picked":"SKIP","floor":20},{"not_picked":["Flex","Heavy Blade"],"picked":"Shockwave","floor":21}],"player_experience":378351,"relics_obtained":[{"floor":6,"key":"Blue Candle"},{"floor":9,"key":"Peace Pipe"},{"floor":14,"key":"StoneCalendar"}],"event_choices":[{"damage_healed":0,"gold_gain":175,"player_choice":"AGREE","damage_taken":0,"max_hp_gain":0,"max_hp_loss":0,"event_name":"Liars Game","floor":8,"gold_loss":0,"cards_obtained":["Doubt"]},{"damage_healed":24,"gold_gain":0,"player_choice":"Banana","damage_taken":0,"max_hp_gain":0,"max_hp_loss":0,"event_name":"Big Fish","floor":11,"gold_loss":0},{"damage_healed":0,"gold_gain":0,"player_choice":"Opened","damage_taken":0,"relics_obtained":["Red Skull"],"max_hp_gain":0,"max_hp_loss":0,"event_name":"The Mausoleum","floor":19,"gold_loss":0},{"damage_healed":0,"gold_gain":0,"player_choice":"Damaged","damage_taken":7,"max_hp_gain":0,"max_hp_loss":0,"event_name":"Wheel of Change","floor":22,"gold_loss":0}],"is_beta":false,"boss_relics":[{"not_picked":["Black Star","Eternal Feather"],"picked":"Cursed Key"}],"items_purged_floors":[2,4],"is_endless":false,"potions_floor_spawned":[1,5,13,16,20],"killed_by":"Slavers","ascension_level":11}