{"gold_per_floor":[112,128,143,156,52,52,82,82,108,143,161,161,236,236,236,311,311,321,270,286,111,122,122,151,151,199,27,27,42,42,42],"floor_reached":31,"playtime":1215,"items_purged":["Strike_B","Defend_B"],"score":500,"play_id":"2e713b2e-c0df-4a1f-a1a8-e644ee988070","local_time":"20190216115310","is_ascension_mode":true,"campfire_choices":[{"data":"Zap","floor":6,"key":"SMITH"},{"floor":8,"key":"REST"},{"floor":12,"key":"REST"},{"data":"Streamline","floor":15,"key":"SMITH"},{"floor":23,"key":"REST"},{"data":"Defragment","floor":25,"key":"SMITH"},{"floor":28,"key":"REST"}],"neow_cost":"NONE","seed_source_timestamp":2153740224537,"circlet_count":0,"master_deck":["AscendersBane","Strike_B","Strike_B","Defend_B+1","Defend_B","Defend_B+1","Zap+1","Dualcast","Streamline+1","Capacitor","Sunder","Leap","Ball Lightning","All For One","Go for the Eyes","Creative AI","Stack","Beam Cell","Defragment+1","Glacier","Loop","Capacitor"],"special_seed":0,"relics":["FrozenCore","Oddly Smooth Stone","PreservedInsect","Happy Flower","Question Card","Bag of Marbles","War Paint"],"potions_floor_usage":[4,7,16,20,24,31],"damage_taken":[{"damage":2.0,"enemies":"2 Louse","floor":1.0,"turns":3.0},{"damage":0.0,"enemies":"Small Slimes","floor":2.0,"turns":4.0},{"damage":1.0,"enemies":"Cultist","floor":3.0,"turns":3.0},{"damage":11,"enemies":"Large Slime","floor":4,"turns":6},{"damage":21,"enemies":"Lagavulin","floor":7,"turns":6},{"damage":18,"enemies":"3 Sentries","floor":10,"turns":6},{"damage":3,"enemies":"3 Louse","floor":11,"turns":2},{"damage":19,"enemies":"The Guardian","floor":16,"turns":14},{"damage":16,"enemies":"3 Byrds","floor":18,"turns":7},{"damage":8,"enemies":"Chosen","floor":20,"turns":5},{"damage":17,"enemies":"Centurion and Healer","floor":22,"turns":6},{"damage":5,"enemies":"Slavers","floor":24,"turns":7},{"damage":36,"enemies":"Snake Plant","floor":29,"turns":5},{"damage":24,"enemies":"Cultist and Chosen","floor":31,"turns":3}],"seed_played":"-7046972097530898750","potions_obtained":[{"floor":2.0,"key":"Energy Potion"},{"floor":3.0,"key":"SkillPotion"},{"floor":10,"key":"Block Potion"},{"floor":11,"key":"Ancient Potion"},{"floor":20,"key":"Block Potion"}],"is_trial":false,"path_per_floor":["M","M","M","M","$","R","E","R","T","E","M","R","?","?","R","B",null,"M","?","M","$","M","R","E","R","T","$","R","M","?","M"],"character_chosen":"DEFECT","items_purchased":["Leap","Defragment","LiquidBronze","Ancient Potion"],"campfire_rested":4,"item_purchase_floors":[5,21,27,27],"current_hp_per_floor":[62,62,61,50,50,50,29,50,50,32,29,50,39,39,39,20,58,42,42,34,34,17,38,33,33,33,33,54,18,18,0],"gold":42,"neow_bonus":"REMOVE_CARD","is_prod":false,"is_daily":false,"chose_seed":false,"campfire_upgraded":3,"win_rate":0,"timestamp":1550285590,"path_taken":["M","M","M","M","$","R","E","R","T","E","M","R","?","?","R","BOSS","M","?","?","$","M","R","E","R","T","$","R","M","?","M"],"build_version":"2019-01-23","purchased_purges":2,"victory":false,"max_hp_per_floor":[71,71,71,71,71,71,71,71,71,71,71,71,71,71,71,71,71,71,71,71,71,71,71,71,71,71,71,71,71,71,71],"card_choices":[{"not_picked":["Steam","Genetic Algorithm"],"picked":"Streamline","floor":1.0},{"not_picked":["Storm","Coolheaded"],"picked":"Capacitor","floor":2.0},{"not_picked":["Capacitor","Hello World","Streamline"],"picked":"SKIP","floor":3.0},{"not_picked":["Rebound","Turbo"],"picked":"Sunder","floor":4},{"not_picked":["Coolheaded","Leap"],"picked":"Ball Lightning","floor":7},{"not_picked":["Aggregate","Stack"],"picked":"All For One","floor":10},{"not_picked":["Coolheaded","Leap"],"picked":"Go for the Eyes","floor":11},{"not_picked":["All For One","Seek"],"picked":"Creative AI","floor":16},{"not_picked":["Hologram","Aggregate"],"picked":"Stack","floor":18},{"not_picked":["Recycle","Leap","Streamline"],"picked":"Beam Cell","floor":20},{"not_picked":["Hologram+1","Turbo","Chill"],"picked":"Glacier","floor":22},{"not_picked":["Redo","Stack","Reprogram"],"picked":"Loop","floor":24},{"not_picked":["Chaos","Storm","Steam+1"],"picked":"Capacitor","floor":29}],"player_experience":360867,"relics_obtained":[{"floor":7,"key":"Oddly Smooth Stone"},{"floor":9,"key":"PreservedInsect"},{"floor":10,"key":"Happy Flower"},{"floor":24,"key":"Bag of Marbles"},{"floor":26,"key":"War Paint"}],"event_choices":[{"damage_healed":0,"gold_gain":75,"player_choice":"Gather Gold","damage_taken":11,"max_hp_gain":0,"max_hp_loss":0,"event_name":"World of Goop","floor":13,"gold_loss":0},{"damage_healed":0,"gold_gain":0,"player_choice":"Ignored","damage_taken":0,"max_hp_gain":0,"max_hp_loss":0,"event_name":"Liars Game","floor":14,"gold_loss":0},{"damage_healed":0,"gold_gain":0,"player_choice":"Paid Gold","damage_taken":0,"relics_obtained":["Question Card"],"max_hp_gain":0,"max_hp_loss":0,"event_name":"WeMeetAgain","floor":19,"gold_loss":51},{"damage_healed":0,"gold_gain":0,"player_choice":"Ignored","damage_taken":0,"max_hp_gain":0,"max_hp_loss":0,"event_name":"The Mausoleum","floor":30,"gold_loss":0}],"is_beta":false,"boss_relics":[{"not_picked":["Calling Bell","Runic Pyramid"],"picked":"FrozenCore"}],"items_purged_floors":[5,21],"is_endless":false,"potions_floor_spawned":[2,3,10,11,20,29],"killed_by":"Cultist and Chosen","ascension_level":18}