{"gold_per_floor":[118,136,148,148,148,148,181,181,206,206,216,232,242,256,256,357,357,372,127,127,127],"floor_reached":21,"playtime":737,"items_purged":["Writhe"],"score":272,"play_id":"87a9327b-ffbd-4e04-8338-2f31b3848946","local_time":"20190108151508","is_ascension_mode":true,"campfire_choices":[{"data":"Second Wind","floor":6,"key":"SMITH"},{"data":"Ghostly Armor","floor":8,"key":"SMITH"},{"data":"Blood for Blood","floor":10,"key":"SMITH"},{"data":"Disarm","floor":15,"key":"SMITH"}],"neow_cost":"CURSE","seed_source_timestamp":1601352742807414,"circlet_count":0,"master_deck":["AscendersBane","Strike_R","Strike_R","Strike_R","Defend_R","Defend_R","Defend_R","Defend_R","Bash+1","Blood for Blood+1","Disarm+1","Warcry","Second Wind+1","Ghostly Armor+1","Inflame","Inflame","Immolate","Decay"],"relics":["Burning Blood","Strawberry","Regal Pillow","Art of War","Sozu","Membership Card"],"potions_floor_usage":[2,2,7,16],"damage_taken":[{"damage":15,"enemies":"Cultist","floor":1,"turns":5},{"damage":8,"enemies":"2 Louse","floor":2,"turns":4},{"damage":13,"enemies":"Small Slimes","floor":3,"turns":4},{"damage":19,"enemies":"Gremlin Nob","floor":7,"turns":5},{"damage":7,"enemies":"Blue Slaver","floor":11,"turns":4},{"damage":2,"enemies":"Large Slime","floor":12,"turns":8},{"damage":11,"enemies":"Looter","floor":13,"turns":3},{"damage":10,"enemies":"2 Fungi Beasts","floor":14,"turns":4},{"damage":4,"enemies":"Hexaghost","floor":16,"turns":13},{"damage":19,"enemies":"Chosen","floor":18,"turns":6},{"damage":68,"enemies":"Masked Bandits","floor":21,"turns":3}],"seed_played":"-8524551688486553504","potions_obtained":[{"floor":1,"key":"EntropicBrew"},{"floor":12,"key":"Energy Potion"},{"floor":14,"key":"Block Potion"},{"floor":16,"key":"Energy Potion"}],"is_trial":false,"path_per_floor":["M","M","M","?","?","R","E","R","T","R","M","M","M","M","R","B",null,"M","$","?","?"],"character_chosen":"IRONCLAD","items_purchased":["Membership Card"],"campfire_rested":0,"item_purchase_floors":[19],"current_hp_per_floor":[63,69,62,51,51,51,38,38,38,38,37,41,36,32,32,34,74,61,61,61,0],"gold":127,"neow_bonus":"TRANSFORM_TWO_CARDS","is_prod":false,"is_daily":false,"chose_seed":false,"campfire_upgraded":4,"win_rate":0,"timestamp":1546978508,"path_taken":["M","?","M","?","?","R","E","R","T","R","?","M","M","M","R","BOSS","M","$","?","?"],"build_version":"2019-01-03v4","purchased_purges":1,"victory":false,"max_hp_per_floor":[80,80,80,87,87,87,87,87,87,87,87,87,87,87,87,87,87,87,87,87,87],"card_choices":[{"not_picked":["Pommel Strike","Clash"],"picked":"Warcry","floor":1},{"not_picked":["Shrug It Off","Clothesline"],"picked":"Second Wind","floor":2},{"not_picked":["Clash","Clothesline","True Grit"],"picked":"SKIP","floor":3},{"not_picked":["Sword Boomerang","Carnage"],"picked":"Ghostly Armor","floor":7},{"not_picked":["Shockwave","Dual Wield","True Grit"],"picked":"SKIP","floor":11},{"not_picked":["Havoc","Wild Strike"],"picked":"Inflame","floor":12},{"not_picked":["Sentinel","Immolate"],"picked":"Inflame","floor":13},{"not_picked":["Sever Soul","Flex","Pommel Strike"],"picked":"SKIP","floor":14},{"not_picked":["Limit Break","Demon Form"],"picked":"Immolate","floor":16},{"not_picked":["Pommel Strike+1","Armaments+1","Clothesline+1"],"picked":"SKIP","floor":18}],"player_experience":354614,"relics_obtained":[{"floor":7,"key":"Regal Pillow"},{"floor":9,"key":"Art of War"}],"event_choices":[{"damage_healed":0,"gold_gain":0,"player_choice":"Success","damage_taken":18,"relics_obtained":["Strawberry"],"max_hp_gain":0,"max_hp_loss":0,"event_name":"Scrap Ooze","floor":4,"gold_loss":0},{"damage_healed":0,"gold_gain":0,"player_choice":"Upgraded","damage_taken":0,"max_hp_gain":0,"max_hp_loss":0,"event_name":"Upgrade Shrine","floor":5,"gold_loss":0,"cards_upgraded":["Bash"]},{"damage_healed":0,"gold_gain":0,"player_choice":"Smashed Altar","damage_taken":0,"max_hp_gain":0,"max_hp_loss":0,"event_name":"Forgotten Altar","floor":20,"gold_loss":0,"cards_obtained":["Decay"]},{"damage_healed":0,"gold_gain":0,"player_choice":"Fought Bandits","damage_taken":0,"max_hp_gain":0,"max_hp_loss":0,"event_name":"Masked Bandits","floor":21,"gold_loss":0}],"is_beta":false,"boss_relics":[{"not_picked":["Snecko Eye","Philosopher\u0027s Stone"],"picked":"Sozu"}],"items_purged_floors":[19],"is_endless":false,"potions_floor_spawned":[1,12,14,16,18],"killed_by":"Masked Bandits","ascension_level":10}