{"gold_per_floor":[114,134,144,155,155,193,0,0,0,0,23,36,54,4,4,4],"floor_reached":16,"playtime":1162,"items_purged":[],"score":104,"play_id":"52451e39-8b7e-45f2-946a-9442af951c90","local_time":"20190102112524","is_ascension_mode":false,"campfire_choices":[{"floor":10,"key":"REST"},{"data":"Crippling Poison","floor":15,"key":"SMITH"}],"neow_cost":"NONE","seed_source_timestamp":5561427123159,"circlet_count":0,"master_deck":["Defend_G","Defend_G","Defend_G","Defend_G","Defend_G","Strike_G","Strike_G","Strike_G","Strike_G","Survivor","Neutralize","Purity","Crippling Poison+1","Poisoned Stab","Tactician","Dash","Injury","Footwork","Panache","Blur","Flying Knee","Finisher","Deadly Poison"],"relics":["Ring of the Snake","Golden Idol","Dodecahedron","Pantograph"],"potions_floor_usage":[13,16,16],"damage_taken":[{"damage":0,"enemies":"Small Slimes","floor":1,"turns":4},{"damage":3,"enemies":"Jaw Worm","floor":2,"turns":4},{"damage":0,"enemies":"2 Louse","floor":3,"turns":3},{"damage":12,"enemies":"Exordium Wildlife","floor":4,"turns":10},{"damage":39,"enemies":"3 Sentries","floor":6,"turns":14},{"damage":0,"enemies":"Red Slaver","floor":11,"turns":4},{"damage":10,"enemies":"Lots of Slimes","floor":12,"turns":5},{"damage":4,"enemies":"3 Louse","floor":13,"turns":4},{"damage":47,"enemies":"Slime Boss","floor":16,"turns":13}],"seed_played":"-1811865266567748180","potions_obtained":[{"floor":4,"key":"EssenceOfSteel"},{"floor":12,"key":"Fruit Juice"},{"floor":13,"key":"EssenceOfSteel"}],"is_trial":false,"path_per_floor":["M","M","M","M","?","E","$","?","T","R","M","M","M","$","R","B"],"character_chosen":"THE_SILENT","items_purchased":["Panache","Deadly Poison"],"campfire_rested":1,"item_purchase_floors":[7,14],"current_hp_per_floor":[70,67,67,55,55,16,16,9,9,30,30,20,21,21,21,0],"gold":4,"neow_bonus":"RANDOM_COLORLESS","is_prod":false,"is_daily":false,"chose_seed":false,"campfire_upgraded":1,"win_rate":0.0,"timestamp":1546395924,"path_taken":["M","M","M","M","?","E","$","?","T","R","M","M","M","$","R","BOSS"],"build_version":"2018-12-20","purchased_purges":0,"victory":false,"max_hp_per_floor":[70,70,70,70,70,70,70,70,70,70,70,70,75,75,75,75],"card_choices":[{"not_picked":["Backflip","Underhanded Strike"],"picked":"Crippling Poison","floor":1},{"not_picked":["Backflip","Underhanded Strike"],"picked":"Poisoned Stab","floor":2},{"not_picked":["PiercingWail","Slice"],"picked":"Tactician","floor":3},{"not_picked":["Masterful Stab","Crippling Poison"],"picked":"Dash","floor":4},{"not_picked":["Acrobatics","Eviscerate"],"picked":"Footwork","floor":6},{"not_picked":["Deflect","Outmaneuver"],"picked":"Blur","floor":11},{"not_picked":["Heel Hook","Distraction"],"picked":"Flying Knee","floor":12},{"not_picked":["PiercingWail","Eviscerate"],"picked":"Finisher","floor":13}],"player_experience":32310,"relics_obtained":[{"floor":6,"key":"Dodecahedron"},{"floor":9,"key":"Pantograph"}],"event_choices":[{"damage_healed":0,"gold_gain":0,"player_choice":"Take Wound","damage_taken":0,"relics_obtained":["Golden Idol"],"max_hp_gain":0,"max_hp_loss":0,"event_name":"Golden Idol","floor":5,"gold_loss":0,"cards_obtained":["Injury"]},{"cards_removed":["Strike_G"],"damage_healed":0,"gold_gain":0,"player_choice":"Card Removal","damage_taken":7,"max_hp_gain":0,"max_hp_loss":0,"event_name":"Golden Wing","floor":8,"gold_loss":0}],"is_beta":false,"boss_relics":[],"items_purged_floors":[],"is_endless":false,"potions_floor_spawned":[4,12,13],"killed_by":"Slime Boss","ascension_level":0}