{"gold_per_floor":[111,123,123,123,123,123,156,156,156,171,96,113,13,28,28,105,105,117,117,128,3,16,16,16,16,62,62,62],"floor_reached":28,"playtime":1204,"items_purged":["Strike_R","Defend_R","Defend_R"],"score":422,"play_id":"a96928da-f06c-4e71-8125-2d6fe2caeba3","local_time":"20190226093636","is_ascension_mode":true,"campfire_choices":[{"data":"Armaments","floor":6.0,"key":"SMITH"},{"data":"Regret","floor":8.0,"key":"PURGE"},{"data":"Strike_R","floor":15.0,"key":"PURGE"},{"data":"Strike_R","floor":23.0,"key":"PURGE"},{"data":"Defend_R","floor":25.0,"key":"PURGE"},{"data":"Armaments+1","floor":27.0,"key":"PURGE"}],"neow_cost":"NONE","seed_source_timestamp":0,"circlet_count":0,"master_deck":["AscendersBane","Strike_R","Defend_R+1","Bash","Shockwave+1","Dropkick"],"special_seed":0,"relics":["Burning Blood","NeowsBlessing","Peace Pipe","FaceOfCleric","Paper Frog","Bottled Flame","Eternal Feather","War Paint"],"potions_floor_usage":[28],"damage_taken":[{"damage":0.0,"enemies":"Cultist","floor":1.0,"turns":1.0},{"damage":0.0,"enemies":"Small Slimes","floor":2.0,"turns":1.0},{"damage":0.0,"enemies":"3 Sentries","floor":7.0,"turns":2.0},{"damage":0.0,"enemies":"2 Louse","floor":10.0,"turns":2.0},{"damage":0.0,"enemies":"Large Slime","floor":12.0,"turns":5.0},{"damage":13.0,"enemies":"Blue Slaver","floor":14.0,"turns":3.0},{"damage":53.0,"enemies":"Slime Boss","floor":16.0,"turns":16.0},{"damage":24.0,"enemies":"2 Thieves","floor":18.0,"turns":4.0},{"damage":21.0,"enemies":"Colosseum Slavers","floor":19.0,"turns":6.0},{"damage":38.0,"enemies":"Spheric Guardian","floor":20.0,"turns":8.0},{"damage":5.0,"enemies":"Chosen and Byrds","floor":22.0,"turns":8.0},{"damage":28,"enemies":"Slavers","floor":28,"turns":2}],"seed_played":"618845660959160809","potions_obtained":[{"floor":2.0,"key":"Regen Potion"},{"floor":12.0,"key":"SteroidPotion"},{"floor":14.0,"key":"Poison Potion"},{"floor":18.0,"key":"Energy Potion"},{"floor":20.0,"key":"Energy Potion"},{"floor":22.0,"key":"BloodPotion"}],"is_trial":false,"path_per_floor":["M","M","?","?","?","R","E","R","T","M","$","M","$","M","R","B",null,"M","?","M","$","M","R","?","R","T","R","E"],"character_chosen":"IRONCLAD","items_purchased":[],"campfire_rested":0,"item_purchase_floors":[],"current_hp_per_floor":[74,75,68,68,68,68,75,75,75,77,77,78,78,72,72,41,70,53,39,8,8,10,13,13,16,16,19,0],"gold":62,"neow_bonus":"THREE_ENEMY_KILL","is_prod":false,"is_daily":false,"chose_seed":false,"campfire_upgraded":1,"win_rate":0,"timestamp":1551202596,"path_taken":["M","M","?","?","?","R","E","R","T","M","$","M","$","?","R","BOSS","M","?","M","$","M","R","?","R","T","R","E"],"build_version":"2019-01-23","purchased_purges":3,"victory":false,"max_hp_per_floor":[75,75,75,75,75,75,76,76,76,77,77,78,78,79,79,80,80,81,82,83,83,84,84,84,84,84,84,84],"card_choices":[{"not_picked":["Clash","Flex"],"picked":"Armaments","floor":1.0},{"not_picked":["Clash","True Grit"],"picked":"Shockwave","floor":2.0},{"not_picked":["Rage","Spot Weakness"],"picked":"Dropkick","floor":7.0},{"not_picked":["Shrug It Off","True Grit","Heavy Blade"],"picked":"SKIP","floor":10.0},{"not_picked":["Headbutt","Clothesline","Perfected Strike"],"picked":"SKIP","floor":12.0},{"not_picked":["Carnage","Cleave","Uppercut"],"picked":"SKIP","floor":14.0},{"not_picked":["Armaments","Reckless Charge","Clothesline"],"picked":"SKIP","floor":18.0},{"not_picked":["Uppercut","Pommel Strike","Seeing Red"],"picked":"SKIP","floor":20.0},{"not_picked":["Sword Boomerang","Clothesline","Bloodletting"],"picked":"SKIP","floor":22.0}],"player_experience":529179,"relics_obtained":[{"floor":7.0,"key":"Paper Frog"},{"floor":9.0,"key":"Bottled Flame"},{"floor":26.0,"key":"War Paint"}],"event_choices":[{"cards_removed":["Strike_R"],"damage_healed":0.0,"max_hp_gain":0.0,"max_hp_loss":0.0,"gold_gain":0.0,"event_name":"Golden Wing","player_choice":"Card Removal","floor":3.0,"gold_loss":0.0,"damage_taken":7.0},{"damage_healed":0.0,"max_hp_gain":0.0,"max_hp_loss":0.0,"gold_gain":0.0,"event_name":"Big Fish","player_choice":"Box","floor":4.0,"gold_loss":0.0,"damage_taken":0.0,"relics_obtained":["Peace Pipe"],"cards_obtained":["Regret"]},{"damage_healed":0.0,"max_hp_gain":0.0,"max_hp_loss":0.0,"gold_gain":0.0,"event_name":"FaceTrader","player_choice":"Trade","floor":5.0,"gold_loss":0.0,"damage_taken":0.0,"relics_obtained":["FaceOfCleric"]},{"damage_healed":0.0,"max_hp_gain":0.0,"max_hp_loss":0.0,"gold_gain":0.0,"event_name":"Colosseum","player_choice":"Fight","floor":19.0,"gold_loss":0.0,"damage_taken":0.0},{"damage_healed":0.0,"max_hp_gain":0.0,"max_hp_loss":0.0,"gold_gain":0.0,"event_name":"Colosseum","player_choice":"Fled From Nobs","floor":19.0,"gold_loss":0.0,"damage_taken":0.0},{"damage_healed":0.0,"max_hp_gain":0.0,"max_hp_loss":0.0,"gold_gain":0.0,"event_name":"Vampires","player_choice":"Ignored","floor":24.0,"gold_loss":0.0,"damage_taken":0.0}],"is_beta":false,"boss_relics":[{"not_picked":["Black Star","Runic Pyramid"],"picked":"Eternal Feather"}],"items_purged_floors":[11,13,21],"is_endless":false,"potions_floor_spawned":[2,12,14,18,20,22],"killed_by":"Slavers","ascension_level":15}