{"path_per_floor":["M","?","M","M","?","R","E","T","T","E","R","M","R","M","R","B",null,"M","M","?","?","M","R","E","R","T","E","$","E","?","E","R","B",null,"M","M","?","?","$","E","$","R","T","M","E","M","E","M","R","B"],"character_chosen":"DEFECT","items_purchased":["Bottled Tornado","Conserve Battery","Capacitor","Mind Blast+1","Flash of Steel+1","Static Discharge","Steam"],"gold_per_floor":[113,213,228,248,248,248,282,282,282,313,313,331,331,348,348,422,422,435,452,377,377,388,388,420,420,420,452,52,87,87,116,116,194,194,204,221,221,269,171,204,12,12,39,52,87,105,136,146,146,146],"floor_reached":51,"campfire_rested":4,"playtime":3308,"item_purchase_floors":[],"current_hp_per_floor":[57,57,56,56,56,56,35,35,35,10,31,29,29,29,29,29,61,54,30,30,30,30,30,10,31,31,30,30,20,20,9,30,2,54,54,54,54,29,29,22,22,43,43,51,59,65,74,60,60,24],"items_purged":["Normality"],"gold":146,"score":1531,"play_id":"985cf746-4908-48df-9013-f98c74951e52","local_time":"20180612162626","is_prod":false,"is_daily":false,"chose_seed":false,"is_ascension_mode":true,"campfire_upgraded":2,"win_rate":0,"timestamp":1528813586,"campfire_choices":[{"data":"Sunder","floor":6.0,"key":"SMITH"},{"floor":11.0,"key":"REST"},{"data":"1","floor":13.0,"key":"LIFT"},{"data":"2","floor":15.0,"key":"LIFT"},{"data":"3","floor":23.0,"key":"LIFT"},{"floor":25.0,"key":"REST"},{"floor":32.0,"key":"REST"},{"floor":42,"key":"REST"},{"data":"Machine Learning","floor":49,"key":"SMITH"}],"path_taken":["M","?","M","?","?","R","E","?","T","E","R","?","R","M","R","BOSS","M","M","?","?","M","R","E","R","T","E","$","E","?","E","R","BOSS","M","?","?","?","$","E","$","R","T","M","E","?","E","M","R","BOSS"],"build_version":"2018-06-07v3","seed_source_timestamp":0,"purchased_purges":1,"victory":true,"master_deck":["Zap","Dualcast","AscendersBane","Sunder+1","Leap","Cold Snap","Cold Snap","Auto Shields","Reinforced Body","Thunder Strike","Leap","Stack","Rebound","Hologram","Storm","Gash","Turbo","Cold Snap","Loop","Go for the Eyes","Machine Learning+1","Defragment","Conserve Battery","Capacitor","Hello World","Chaos","RitualDagger","Electrodynamics","Core Surge+1","Sunder+1","Ball Lightning+1","Beam Cell+1","Gash+1","Streamline+1","Machine Learning","Stack","BootSequence+1","Mind Blast+1","Rip and Tear+1","Flash of Steel+1","Static Discharge","Steam","Heatsinks","Coolheaded","Blizzard+1","Ball Lightning+1","Barrage+1"],"max_hp_per_floor":[71,71,71,71,71,71,71,71,71,71,71,71,71,71,71,71,71,71,71,71,71,71,71,71,71,71,71,71,71,71,71,71,71,71,71,71,71,71,71,71,71,71,71,71,71,71,78,78,78,78],"relics":["Cracked Core","Pen Nib","Girya","Gremlin Horn","Centennial Puzzle","Symbiotic Virus","Pandora\u0027s Box","Mummified Hand","Gambling Chip","Blue Candle","Smiling Mask","Bottled Tornado","Art of War","Molten Egg 2","Orrery","Emotion Chip","Bird Faced Urn","Bag of Marbles","Oddly Smooth Stone","Strawberry"],"card_choices":[{"not_picked":["Skim","Defragment"],"picked":"Sunder","floor":1.0},{"not_picked":["Turbo","Reprogram"],"picked":"Leap","floor":3.0},{"not_picked":["Self Repair","Ball Lightning"],"picked":"Chaos","floor":4.0},{"not_picked":["Ball Lightning","Gash"],"picked":"Cold Snap","floor":7.0},{"not_picked":["Redo","Chaos"],"picked":"Cold Snap","floor":10.0},{"not_picked":["Redo","Barrage"],"picked":"Auto Shields","floor":12.0},{"not_picked":["Rip and Tear","Auto Shields"],"picked":"Reinforced Body","floor":14.0},{"not_picked":["Biased Cognition","Amplify"],"picked":"Thunder Strike","floor":16.0},{"not_picked":["Steam","Heatsinks+1"],"picked":"Cold Snap","floor":18.0},{"not_picked":["Rebound","Beam Cell+1"],"picked":"Loop","floor":19.0},{"not_picked":["Reprogram","Stack"],"picked":"Go for the Eyes","floor":22.0},{"not_picked":["BootSequence","Melter"],"picked":"Machine Learning","floor":24.0},{"not_picked":["Go for the Eyes","Scrape+1"],"picked":"Defragment","floor":27.0},{"not_picked":["Chaos+1","Beam Cell"],"picked":"Hello World","floor":29.0},{"not_picked":["Rainbow","Skim"],"picked":"Electrodynamics","floor":31.0},{"not_picked":["Seek","Reboot"],"picked":"Core Surge+1","floor":33.0},{"not_picked":["Force Field","Stack"],"picked":"Sunder+1","floor":34},{"not_picked":["Reinforced Body","Compile Driver+1"],"picked":"Ball Lightning+1","floor":34},{"not_picked":["Darkness","Self Repair"],"picked":"Beam Cell+1","floor":34},{"not_picked":["Doom and Gloom+1","Recycle"],"picked":"Gash+1","floor":34},{"not_picked":["Turbo","Reinforced Body"],"picked":"Streamline+1","floor":34},{"not_picked":["Lockon+1","Compile Driver+1"],"picked":"Machine Learning","floor":35},{"not_picked":["Steam","Redo"],"picked":"Stack","floor":36},{"not_picked":["Steam+1","Recycle+1"],"picked":"BootSequence+1","floor":38},{"not_picked":["Streamline+1","Seek"],"picked":"Rip and Tear+1","floor":40},{"not_picked":["Fusion","Compile Driver+1"],"picked":"Heatsinks","floor":44},{"not_picked":["Go for the Eyes+1","Darkness"],"picked":"Coolheaded","floor":45},{"not_picked":["Barrage+1","Steam Power"],"picked":"Blizzard+1","floor":46},{"not_picked":["Multi-Cast","Leap"],"picked":"Ball Lightning+1","floor":47},{"not_picked":["Gash+1","Ball Lightning+1"],"picked":"Barrage+1","floor":48}],"player_experience":524238,"potions_floor_usage":[50,50],"damage_taken":[{"damage":7.0,"enemies":"Jaw Worm","floor":1.0,"turns":3.0},{"damage":1.0,"enemies":"Cultist","floor":3.0,"turns":3.0},{"damage":0.0,"enemies":"2 Louse","floor":4.0,"turns":2.0},{"damage":21.0,"enemies":"3 Sentries","floor":7.0,"turns":5.0},{"damage":25.0,"enemies":"Gremlin Nob","floor":10.0,"turns":4.0},{"damage":2.0,"enemies":"Red Slaver","floor":12.0,"turns":3.0},{"damage":0.0,"enemies":"Blue Slaver","floor":14.0,"turns":3.0},{"damage":0.0,"enemies":"Slime Boss","floor":16.0,"turns":8.0},{"damage":7.0,"enemies":"3 Byrds","floor":18.0,"turns":5.0},{"damage":24.0,"enemies":"Shell Parasite","floor":19.0,"turns":6.0},{"damage":0.0,"enemies":"3 Cultists","floor":22.0,"turns":6.0},{"damage":20.0,"enemies":"Book of Stabbing","floor":24.0,"turns":6.0},{"damage":1.0,"enemies":"Gremlin Leader","floor":27.0,"turns":5.0},{"damage":10.0,"enemies":"Book of Stabbing","floor":29.0,"turns":6.0},{"damage":11.0,"enemies":"Slavers","floor":31.0,"turns":4.0},{"damage":28.0,"enemies":"Automaton","floor":33.0,"turns":8.0},{"damage":0,"enemies":"Orb Walker","floor":35,"turns":2},{"damage":0,"enemies":"3 Shapes","floor":36,"turns":3},{"damage":25,"floor":38,"turns":2},{"damage":7,"enemies":"Nemesis","floor":40,"turns":3},{"damage":0,"enemies":"3 Darklings","floor":44,"turns":4},{"damage":10,"enemies":"Giant Head","floor":45,"turns":5},{"damage":2,"enemies":"4 Shapes","floor":46,"turns":3},{"damage":10,"enemies":"2 Orb Walkers","floor":47,"turns":4},{"damage":24,"enemies":"Maw","floor":48,"turns":4},{"damage":54,"enemies":"Donu and Deca","floor":50,"turns":7}],"relics_obtained":[{"floor":7.0,"key":"Girya"},{"floor":8.0,"key":"Gremlin Horn"},{"floor":9.0,"key":"Centennial Puzzle"},{"floor":10.0,"key":"Symbiotic Virus"},{"floor":24.0,"key":"Gambling Chip"},{"floor":26.0,"key":"Blue Candle"},{"floor":27.0,"key":"Smiling Mask"},{"floor":29.0,"key":"Art of War"},{"floor":31.0,"key":"Molten Egg 2"},{"floor":38,"key":"Emotion Chip"},{"floor":40,"key":"Bird Faced Urn"},{"floor":43,"key":"Bag of Marbles"},{"floor":45,"key":"Oddly Smooth Stone"},{"floor":47,"key":"Strawberry"}],"event_choices":[{"event_name":"Golden Shrine","player_choice":"Pray","floor":2.0,"damage_taken":0.0},{"event_name":"Living Wall","player_choice":"Grow","floor":5.0,"damage_taken":0.0},{"event_name":"Beggar","player_choice":"Gave Gold","floor":20.0,"damage_taken":0.0},{"event_name":"Accursed Blacksmith","player_choice":"Rummage","floor":21.0,"damage_taken":0.0},{"event_name":"Nest","player_choice":"Joined the Cult","floor":30.0,"damage_taken":0.0},{"event_name":"Tomb of Lord Red Mask","player_choice":"Ignored","floor":37,"damage_taken":0},{"event_name":"Mysterious Sphere","player_choice":"Fight","floor":38,"damage_taken":0}],"boss_relics":[{"not_picked":["Lizard Tail","Runic Dome"],"picked":"Pandora\u0027s Box"},{"not_picked":["Calling Bell","Snecko Eye"],"picked":"Orrery"}],"items_purged_floors":[],"potions_floor_spawned":[1,12,16,19,24,27,33,36,45,46,47],"seed_played":"5572312417484996685","ascension_level":14,"potions_obtained":[{"floor":1.0,"key":"Strength Potion"},{"floor":12.0,"key":"AttackPotion"},{"floor":19.0,"key":"FearPotion"}],"is_trial":false}