{"gold_per_floor":[114,114,114,133,43,70,70,90,113,113,38,54,89,46,46,151,151,164,164,164,37,37,66,66,66],"floor_reached":25,"playtime":921,"items_purged":["Strike_B","Defend_B"],"score":400,"play_id":"c123c5cb-0831-4bb5-95d5-c325fc568ef9","local_time":"20190130142702","is_ascension_mode":true,"campfire_choices":[{"data":"Blizzard","floor":7,"key":"SMITH"},{"data":"Coolheaded","floor":10,"key":"SMITH"},{"data":"Glacier","floor":15,"key":"SMITH"},{"data":"Hologram","floor":24,"key":"SMITH"}],"neow_cost":"NONE","seed_source_timestamp":1087024680021923,"circlet_count":0,"master_deck":["AscendersBane","Defend_B","Defend_B","Defend_B","Zap","Dualcast","Glacier+1","Coolheaded+1","Panacea","Blizzard+1","Conserve Battery","Capacitor","Reboot","Chaos","Skim","Coolheaded","Blizzard+1","Hologram+1"],"relics":["FrozenCore","NeowsBlessing","Dream Catcher","Vajra","Strawberry","Nilry\u0027s Codex","Juzu Bracelet"],"potions_floor_usage":[16,23,23,25],"damage_taken":[{"damage":0,"enemies":"Small Slimes","floor":1,"turns":1},{"damage":0,"enemies":"2 Louse","floor":4,"turns":2},{"damage":0,"enemies":"3 Sentries","floor":6,"turns":1},{"damage":0,"enemies":"Cultist","floor":8,"turns":5},{"damage":0,"enemies":"Exordium Wildlife","floor":12,"turns":4},{"damage":53,"enemies":"Gremlin Nob","floor":13,"turns":7},{"damage":17,"enemies":"The Guardian","floor":16,"turns":13},{"damage":0,"enemies":"Shell Parasite","floor":18,"turns":10},{"damage":18,"enemies":"Slavers","floor":23,"turns":6},{"damage":32,"enemies":"Gremlin Leader","floor":25,"turns":4}],"seed_played":"2087970973705678901","potions_obtained":[{"floor":6,"key":"Ancient Potion"},{"floor":8,"key":"Energy Potion"},{"floor":18,"key":"PowerPotion"},{"floor":23,"key":"Energy Potion"}],"is_trial":false,"path_per_floor":["M","?","?","M","$","E","R","M","T","R","$","M","E","?","R","B",null,"M","?","?","$","?","E","R","E"],"character_chosen":"DEFECT","items_purchased":["Panacea","Coolheaded"],"campfire_rested":0,"item_purchase_floors":[5,21],"current_hp_per_floor":[68,61,66,66,66,66,66,66,66,66,66,66,20,20,20,3,66,66,50,50,50,50,32,32,0],"gold":66,"neow_bonus":"THREE_ENEMY_KILL","is_prod":false,"is_daily":false,"chose_seed":false,"campfire_upgraded":4,"win_rate":0,"timestamp":1548876422,"path_taken":["M","?","?","M","$","E","R","M","T","R","$","M","E","?","R","BOSS","M","?","?","$","?","E","R","E"],"build_version":"2019-01-23","purchased_purges":2,"victory":false,"max_hp_per_floor":[75,75,80,80,80,80,80,80,80,80,80,80,87,87,87,87,87,87,87,87,87,87,87,87,87],"card_choices":[{"not_picked":["Rebound","Storm"],"picked":"Glacier","floor":1},{"not_picked":["Steam","Stack"],"picked":"Coolheaded","floor":4},{"not_picked":["FTL","Scrape"],"picked":"Blizzard","floor":6},{"not_picked":["Compile Driver","Steam"],"picked":"Conserve Battery","floor":8},{"not_picked":["Leap","Rebound"],"picked":"Capacitor","floor":12},{"not_picked":["Fusion","Force Field","Ball Lightning"],"picked":"SKIP","floor":13},{"not_picked":["Fission","Seek"],"picked":"Reboot","floor":16},{"not_picked":["Beam Cell","Go for the Eyes","Sunder"],"picked":"SKIP","floor":18},{"not_picked":["Double Energy+1","Heatsinks"],"picked":"Hologram","floor":23}],"player_experience":575097,"relics_obtained":[{"floor":6,"key":"Dream Catcher"},{"floor":9,"key":"Vajra"},{"floor":13,"key":"Strawberry"},{"floor":19,"key":"Nilry\u0027s Codex"},{"floor":23,"key":"Juzu Bracelet"}],"event_choices":[{"cards_removed":["Strike_B"],"damage_healed":0,"gold_gain":0,"player_choice":"Card Removal","damage_taken":7,"max_hp_gain":0,"max_hp_loss":0,"event_name":"Golden Wing","floor":2,"gold_loss":0},{"damage_healed":0,"gold_gain":0,"player_choice":"Donut","damage_taken":0,"max_hp_gain":5,"max_hp_loss":0,"event_name":"Big Fish","floor":3,"gold_loss":0},{"damage_healed":0,"gold_gain":0,"player_choice":"Left Gold","damage_taken":0,"max_hp_gain":0,"max_hp_loss":0,"event_name":"World of Goop","floor":14,"gold_loss":43},{"damage_healed":0,"gold_gain":0,"player_choice":"Obtained Book","damage_taken":16,"max_hp_gain":0,"max_hp_loss":0,"event_name":"Cursed Tome","floor":19,"gold_loss":0},{"damage_healed":0,"gold_gain":0,"cards_transformed":["Strike_B","Strike_B"],"player_choice":"Became Test Subject","damage_taken":0,"max_hp_gain":0,"max_hp_loss":0,"event_name":"Drug Dealer","floor":20,"gold_loss":0,"cards_obtained":["Chaos","Skim"]},{"damage_healed":0,"gold_gain":0,"player_choice":"Copied","damage_taken":0,"max_hp_gain":0,"max_hp_loss":0,"event_name":"Duplicator","floor":22,"gold_loss":0,"cards_obtained":["Blizzard"]}],"is_beta":false,"boss_relics":[{"not_picked":["Empty Cage","Calling Bell"],"picked":"FrozenCore"}],"items_purged_floors":[11,21],"is_endless":false,"potions_floor_spawned":[6,8,13,18,23],"killed_by":"Gremlin Leader","ascension_level":12}