{"gold_per_floor":[116,134,19,94,107,107,119,119,143,143,143,143,143],"floor_reached":13,"playtime":267,"items_purged":["Doubt"],"score":95,"play_id":"9ebe045b-798a-4200-9a64-61cdfb76a15f","local_time":"20181220164713","is_ascension_mode":true,"campfire_choices":[{"data":"Loop","floor":6,"key":"SMITH"},{"floor":8,"key":"REST"},{"floor":12,"key":"RECALL"}],"neow_cost":"CURSE","seed_source_timestamp":184009385506812,"circlet_count":0,"master_deck":["Strike_B","Strike_B","Strike_B","Strike_B","Defend_B","Defend_B","Defend_B","Defend_B","Zap","Dualcast","Loop+1","Capacitor"],"relics":["Cracked Core","StoneCalendar","Regal Pillow","Pen Nib"],"potions_floor_usage":[11],"damage_taken":[{"damage":8,"enemies":"2 Louse","floor":1,"turns":3},{"damage":7,"enemies":"Small Slimes","floor":2,"turns":3},{"damage":2,"enemies":"Jaw Worm","floor":5,"turns":3},{"damage":25,"enemies":"Exordium Wildlife","floor":7,"turns":5},{"damage":0,"enemies":"Gremlin Nob","floor":11,"turns":2},{"damage":40,"enemies":"3 Sentries","floor":13,"turns":5}],"seed_played":"-2518474287253997106","potions_obtained":[{"floor":1,"key":"SmokeBomb"},{"floor":2,"key":"SpeedPotion"}],"is_trial":false,"path_per_floor":["M","M","$","?","M","R","M","R","T","?","E","R","E"],"character_chosen":"DEFECT","items_purchased":["Capacitor"],"campfire_rested":1,"item_purchase_floors":[3],"current_hp_per_floor":[67,60,60,49,47,47,22,44,44,37,37,37,0],"gold":143,"neow_bonus":"ONE_RARE_RELIC","is_prod":false,"is_daily":false,"chose_seed":false,"campfire_upgraded":1,"win_rate":0,"timestamp":1545342433,"path_taken":["M","M","$","?","M","R","M","R","T","?","E","R","E"],"build_version":"2018-12-13","purchased_purges":1,"victory":false,"max_hp_per_floor":[75,75,75,75,75,75,75,75,75,75,75,75,75],"card_choices":[{"not_picked":["Compile Driver","Stack"],"picked":"Loop","floor":1},{"not_picked":["Reinforced Body","Turbo","Stack"],"picked":"SKIP","floor":2},{"not_picked":["Leap","Conserve Battery","Compile Driver"],"picked":"SKIP","floor":5},{"not_picked":["Streamline","Ball Lightning","Skim"],"picked":"SKIP","floor":7}],"player_experience":298451,"relics_obtained":[{"floor":9,"key":"Regal Pillow"}],"event_choices":[{"damage_healed":0,"gold_gain":75,"player_choice":"Gather Gold","damage_taken":11,"max_hp_gain":0,"max_hp_loss":0,"event_name":"World of Goop","floor":4,"gold_loss":0},{"damage_healed":0,"gold_gain":0,"player_choice":"Success","damage_taken":7,"relics_obtained":["Pen Nib"],"max_hp_gain":0,"max_hp_loss":0,"event_name":"Scrap Ooze","floor":10,"gold_loss":0}],"is_beta":false,"boss_relics":[],"items_purged_floors":[3],"is_endless":false,"potions_floor_spawned":[1,2],"killed_by":"3 Sentries","ascension_level":3}