{"gold_per_floor":[366,384,384,398,199,199,199,199,199,219,233,233,233,161,161,238,238,257,269,2,2],"floor_reached":21,"playtime":901,"items_purged":["Regret"],"score":279,"play_id":"e8cb7add-f3d7-49cc-bfc2-c110a351bd4a","local_time":"20190223121633","is_ascension_mode":true,"campfire_choices":[{"data":"Zap","floor":6.0,"key":"SMITH"},{"data":"Zap","floor":8,"key":"SMITH"},{"data":"Dualcast","floor":12,"key":"SMITH"},{"floor":15,"key":"REST"}],"neow_cost":"PERCENT_DAMAGE","seed_source_timestamp":63918361693724,"circlet_count":0,"master_deck":["AscendersBane","Strike_B","Defend_B","Defend_B","Defend_B","Defend_B","Zap+1","Dualcast+1","Cold Snap","Capacitor","Echo Form","Zap+1","Cold Snap","Cold Snap","All For One","Loop","Conserve Battery","Conserve Battery"],"special_seed":0,"relics":["Cracked Core","Shuriken","The Courier","Turnip","Empty Cage","Emotion Chip"],"potions_floor_usage":[11,19],"damage_taken":[{"damage":0.0,"enemies":"Cultist","floor":1.0,"turns":3.0},{"damage":4.0,"enemies":"Jaw Worm","floor":2.0,"turns":4.0},{"damage":6.0,"enemies":"Small Slimes","floor":4.0,"turns":3.0},{"damage":5,"enemies":"Looter","floor":10,"turns":3},{"damage":0,"enemies":"Lots of Slimes","floor":11,"turns":1},{"damage":46,"enemies":"Slime Boss","floor":16,"turns":11},{"damage":44,"enemies":"2 Thieves","floor":18,"turns":4},{"damage":8,"enemies":"Shell Parasite","floor":19,"turns":6},{"damage":9,"enemies":"3 Cultists","floor":21,"turns":2}],"seed_played":"-9205641858594619502","potions_obtained":[{"floor":4.0,"key":"AttackPotion"},{"floor":16,"key":"FocusPotion"}],"is_trial":false,"path_per_floor":["M","M","?","M","$","R","?","R","T","M","M","R","?","?","R","B",null,"M","M","$","M"],"character_chosen":"DEFECT","items_purchased":["Cold Snap","Capacitor","Emotion Chip","Conserve Battery"],"campfire_rested":1,"item_purchase_floors":[5,5,20,20],"current_hp_per_floor":[50,46,46,40,40,40,40,40,40,35,35,35,35,35,57,11,59,15,7,7,0],"gold":2,"neow_bonus":"TWO_FIFTY_GOLD","is_prod":false,"is_daily":false,"chose_seed":false,"campfire_upgraded":3,"win_rate":0,"timestamp":1550952993,"path_taken":["M","?","?","M","$","R","?","R","T","M","?","R","?","?","R","BOSS","M","M","?","M"],"build_version":"2019-01-23","purchased_purges":1,"victory":false,"max_hp_per_floor":[75,75,75,75,75,75,75,75,75,75,75,75,75,75,75,75,75,75,75,75,75],"card_choices":[{"not_picked":["Sweeping Beam","Blizzard","Streamline"],"picked":"SKIP","floor":1.0},{"not_picked":["Rebound","Ball Lightning","Blizzard"],"picked":"SKIP","floor":2.0},{"not_picked":["Sweeping Beam","Turbo","Stack"],"picked":"SKIP","floor":4.0},{"not_picked":["Streamline","Beam Cell","Rip and Tear"],"picked":"SKIP","floor":10},{"not_picked":["Barrage","Rebound"],"picked":"Cold Snap","floor":11},{"not_picked":["Hyperbeam","Echo Form"],"picked":"All For One","floor":16},{"not_picked":["Redo+1","Melter"],"picked":"Loop","floor":18},{"not_picked":["Auto Shields","Gash+1"],"picked":"Conserve Battery","floor":19}],"player_experience":484267,"relics_obtained":[{"floor":9,"key":"The Courier"}],"event_choices":[{"damage_healed":0.0,"max_hp_gain":0.0,"max_hp_loss":0.0,"gold_gain":0.0,"event_name":"Big Fish","player_choice":"Box","floor":3.0,"gold_loss":0.0,"damage_taken":0.0,"relics_obtained":["Shuriken"],"cards_obtained":["Regret"]},{"damage_healed":0,"gold_gain":0,"player_choice":"2 cards matched","damage_taken":0,"max_hp_gain":0,"max_hp_loss":0,"event_name":"Match and Keep!","floor":7,"gold_loss":0,"cards_obtained":["Echo Form","Zap"]},{"damage_healed":0,"gold_gain":0,"cards_transformed":["Strike_B"],"player_choice":"Change","damage_taken":0,"max_hp_gain":0,"max_hp_loss":0,"event_name":"Living Wall","floor":13,"gold_loss":0,"cards_obtained":["Cold Snap"]},{"damage_healed":0,"gold_gain":0,"player_choice":"Paid Gold","damage_taken":0,"relics_obtained":["Turnip"],"max_hp_gain":0,"max_hp_loss":0,"event_name":"WeMeetAgain","floor":14,"gold_loss":72}],"is_beta":false,"boss_relics":[{"not_picked":["Nuclear Battery","Pandora\u0027s Box"],"picked":"Empty Cage"}],"items_purged_floors":[5],"is_endless":false,"potions_floor_spawned":[4,16],"killed_by":"3 Cultists","ascension_level":13}