{"gold_per_floor":[110,110,35,62,62,62,96,111,111,129,129,142,142,97,97,202,202,217,217,231,181,198,198,215,246,272,272,182,182,202,202],"floor_reached":31,"playtime":1603,"items_purged":["Strike_B"],"score":334,"play_id":"4f4d328c-aa64-440f-9455-4a9694e491a2","local_time":"20190208204022","is_ascension_mode":true,"campfire_choices":[{"data":"Defragment","floor":6,"key":"SMITH"},{"data":"Zap","floor":11,"key":"SMITH"},{"data":"Dualcast","floor":13,"key":"SMITH"},{"data":"Beam Cell","floor":15,"key":"SMITH"},{"data":"Seek","floor":23,"key":"SMITH"},{"data":"Coolheaded","floor":27,"key":"SMITH"},{"data":"Undo","floor":29,"key":"SMITH"}],"neow_cost":"NONE","seed_source_timestamp":5026223558090,"circlet_count":0,"master_deck":["Strike_B+1","Strike_B","Strike_B","Defend_B","Defend_B","Defend_B","Zap+1","Dualcast+1","Defragment+1","Beam Cell+1","Conserve Battery","Chill","Coolheaded+1","Seek+1","FTL+1","Undo+1","Cold Snap","Conserve Battery+1","Self Repair"],"relics":["Cracked Core","NeowsBlessing","Lantern","Girya","Regal Pillow","Pantograph","Busted Crown","MutagenicStrength","Darkstone Periapt","Ancient Tea Set"],"potions_floor_usage":[18,25,31],"damage_taken":[{"damage":0,"enemies":"Cultist","floor":1,"turns":1},{"damage":0,"enemies":"Gremlin Nob","floor":7,"turns":1},{"damage":0,"enemies":"Jaw Worm","floor":8,"turns":1},{"damage":8,"enemies":"Small Slimes","floor":10,"turns":2},{"damage":0,"enemies":"3 Louse","floor":12,"turns":3},{"damage":22,"enemies":"The Guardian","floor":16,"turns":12},{"damage":0,"enemies":"3 Byrds","floor":18,"turns":8},{"damage":15,"enemies":"2 Thieves","floor":20,"turns":5},{"damage":14,"enemies":"Cultist and Chosen","floor":22,"turns":8},{"damage":10,"enemies":"Snecko","floor":24,"turns":8},{"damage":7,"enemies":"Book of Stabbing","floor":25,"turns":7},{"damage":0,"enemies":"Centurion and Healer","floor":30,"turns":7},{"damage":36,"enemies":"Gremlin Leader","floor":31,"turns":5}],"seed_played":"5989514394700665369","potions_obtained":[{"floor":1,"key":"Strength Potion"},{"floor":7,"key":"FearPotion"},{"floor":16,"key":"Swift Potion"},{"floor":22,"key":"Explosive Potion"},{"floor":30,"key":"Energy Potion"}],"is_trial":false,"path_per_floor":["M","?","$","T","?","R","E","M","T","M","R","M","R","$","R","B",null,"M","?","M","?","M","R","M","E","T","R","?","R","M","E"],"character_chosen":"DEFECT","items_purchased":["Coolheaded"],"campfire_rested":0,"item_purchase_floors":[14],"current_hp_per_floor":[75,75,75,75,50,50,50,50,50,42,42,42,42,42,42,45,75,75,75,60,60,46,46,36,29,29,29,29,29,29,0],"gold":202,"neow_bonus":"THREE_ENEMY_KILL","is_prod":false,"is_daily":false,"chose_seed":false,"campfire_upgraded":7,"win_rate":0,"timestamp":1549687222,"path_taken":["M","?","?","?","?","R","E","M","T","M","R","M","R","$","R","BOSS","M","?","M","?","M","R","?","E","T","R","?","R","?","E"],"build_version":"2019-01-23","purchased_purges":1,"victory":false,"max_hp_per_floor":[75,75,75,75,75,75,75,75,75,75,75,75,75,75,75,75,75,75,75,75,75,75,75,75,75,75,75,75,75,75,75],"card_choices":[{"not_picked":["Fusion","Rebound"],"picked":"Defragment","floor":1},{"not_picked":["Barrage","Darkness","Rebound"],"picked":"SKIP","floor":7},{"not_picked":["Steam","Barrage"],"picked":"Beam Cell","floor":8},{"not_picked":["Rebound","Steam"],"picked":"Conserve Battery","floor":10},{"not_picked":["Reboot","Scrape"],"picked":"Chill","floor":12},{"not_picked":["Machine Learning","Hyperbeam"],"picked":"Seek","floor":16},{"not_picked":[],"picked":"FTL+1","floor":18},{"not_picked":[],"picked":"Undo","floor":20},{"not_picked":[],"picked":"Cold Snap","floor":22},{"not_picked":["Coolheaded"],"picked":"SKIP","floor":24},{"not_picked":[],"picked":"Conserve Battery+1","floor":25},{"not_picked":[],"picked":"Self Repair","floor":30}],"player_experience":300915,"relics_obtained":[{"floor":4,"key":"Lantern"},{"floor":7,"key":"Regal Pillow"},{"floor":9,"key":"Pantograph"},{"floor":25,"key":"Darkstone Periapt"},{"floor":26,"key":"Ancient Tea Set"}],"event_choices":[{"damage_healed":0,"gold_gain":0,"player_choice":"Bought 0 Potions","damage_taken":0,"max_hp_gain":0,"max_hp_loss":0,"event_name":"The Woman in Blue","floor":2,"gold_loss":0},{"damage_healed":0,"gold_gain":0,"player_choice":"Success","damage_taken":25,"relics_obtained":["Girya"],"max_hp_gain":0,"max_hp_loss":0,"event_name":"Scrap Ooze","floor":5,"gold_loss":0},{"damage_healed":0,"gold_gain":0,"player_choice":"Inject Mutagens","damage_taken":0,"relics_obtained":["MutagenicStrength"],"max_hp_gain":0,"max_hp_loss":0,"event_name":"Drug Dealer","floor":19,"gold_loss":0},{"damage_healed":0,"gold_gain":0,"player_choice":"Bet on Owner","damage_taken":0,"max_hp_gain":0,"max_hp_loss":0,"event_name":"The Joust","floor":21,"gold_loss":50},{"cards_removed":["Defend_B"],"damage_healed":0,"gold_gain":0,"player_choice":"Upgrade and Remove","damage_taken":0,"max_hp_gain":0,"max_hp_loss":0,"event_name":"Designer","floor":28,"gold_loss":90,"cards_upgraded":["Strike_B"]}],"is_beta":false,"boss_relics":[{"not_picked":["Coffee Dripper","Velvet Choker"],"picked":"Busted Crown"}],"items_purged_floors":[3],"is_endless":false,"potions_floor_spawned":[1,7,16,22,30],"killed_by":"Gremlin Leader","ascension_level":4}