{"gold_per_floor":[113,132,61,80,90,119,119,138,138,171,171,171,56,74,74,174,174,190,100,27,43,43,43,71,71,71,71,91,91,191,207,207,305,305,321,321,321,341,358,383,383,383,406,425,198,198,218,228,228,228],"floor_reached":51,"playtime":3340,"items_purged":["Decay","Writhe"],"score":846,"play_id":"325d0f18-5736-43a3-8b6c-b5c905b3f7af","local_time":"20190304125154","is_ascension_mode":true,"campfire_choices":[{"data":"Footwork","floor":7.0,"key":"SMITH"},{"data":"Neutralize","floor":11.0,"key":"SMITH"},{"data":"Die Die Die","floor":15.0,"key":"SMITH"},{"data":"Noxious Fumes","floor":23.0,"key":"SMITH"},{"data":"Night Terror","floor":25.0,"key":"SMITH"},{"data":"Well Laid Plans","floor":27.0,"key":"SMITH"},{"data":"Sucker Punch","floor":29.0,"key":"SMITH"},{"floor":32.0,"key":"REST"},{"floor":41,"key":"REST"},{"floor":46,"key":"REST"},{"floor":49,"key":"REST"}],"neow_cost":"CURSE","seed_source_timestamp":2518824623464,"circlet_count":0,"master_deck":["Defend_G","Defend_G+1","Defend_G","Defend_G","Defend_G","Strike_G","Strike_G","Survivor","Neutralize+1","Dagger Throw","Dagger Spray","Footwork+1","Die Die Die+1","Sucker Punch+1","Acrobatics","Blur","Well Laid Plans+1","Night Terror+1","Leg Sweep+1","Die Die Die+1","Deflect+1","Noxious Fumes+1","PiercingWail","Backflip","Deadly Poison+1","Setup+1","Caltrops+1","PiercingWail","Footwork+1","Deadly Poison","Dodge and Roll+1","Leg Sweep+1"],"special_seed":0,"relics":["Ring of the Snake","Unceasing Top","Torii","Meat on the Bone","Incense Burner","Astrolabe","Frozen Egg 2","Ancient Tea Set","Lizard Tail","Dodecahedron","Blood Vial"],"potions_floor_usage":[39,40,50],"damage_taken":[{"damage":4.0,"enemies":"Cultist","floor":1.0,"turns":6.0},{"damage":1.0,"enemies":"Small Slimes","floor":2.0,"turns":4.0},{"damage":3.0,"enemies":"Jaw Worm","floor":4.0,"turns":5.0},{"damage":0.0,"enemies":"2 Fungi Beasts","floor":5.0,"turns":3.0},{"damage":25.0,"enemies":"3 Sentries","floor":6.0,"turns":7.0},{"damage":2.0,"enemies":"Red Slaver","floor":8.0,"turns":4.0},{"damage":31.0,"enemies":"Lagavulin","floor":10.0,"turns":11.0},{"damage":2.0,"enemies":"Exordium Wildlife","floor":14.0,"turns":9.0},{"damage":39.0,"enemies":"Slime Boss","floor":16.0,"turns":26.0},{"damage":1.0,"enemies":"Shell Parasite","floor":18.0,"turns":13.0},{"damage":2.0,"enemies":"Spheric Guardian","floor":21.0,"turns":10.0},{"damage":22.0,"enemies":"Gremlin Leader","floor":24.0,"turns":9.0},{"damage":2.0,"enemies":"Centurion and Healer","floor":28.0,"turns":6.0},{"damage":10.0,"enemies":"Sentry and Sphere","floor":31.0,"turns":4.0},{"damage":13.0,"enemies":"Champ","floor":33.0,"turns":16.0},{"damage":12,"enemies":"3 Shapes","floor":35,"turns":3},{"damage":17,"enemies":"3 Darklings","floor":38,"turns":8},{"damage":50,"enemies":"Spire Growth","floor":39,"turns":9},{"damage":30,"enemies":"Reptomancer","floor":40,"turns":9},{"damage":30,"enemies":"4 Shapes","floor":44,"turns":3},{"damage":2,"enemies":"3 Darklings","floor":47,"turns":5},{"damage":17,"enemies":"Writhing Mass","floor":48,"turns":7},{"damage":64,"enemies":"Awakened One","floor":50,"turns":17}],"seed_played":"3110745454277571585","potions_obtained":[{"floor":2.0,"key":"Regen Potion"},{"floor":5.0,"key":"SteroidPotion"},{"floor":16.0,"key":"Energy Potion"},{"floor":28.0,"key":"Block Potion"},{"floor":31.0,"key":"Fire Potion"},{"floor":35,"key":"Swift Potion"},{"floor":44,"key":"PowerPotion"}],"is_trial":false,"path_per_floor":["M","M","$","M","M","E","R","M","T","E","R","?","$","M","R","B",null,"M","?","$","M","$","R","E","R","T","R","M","R","?","M","R","B",null,"M","?","?","M","M","E","R","?","T","M","$","R","M","M","R","B",null],"character_chosen":"THE_SILENT","items_purchased":["Footwork","Blur","Noxious Fumes","Footwork+1","Deadly Poison"],"campfire_rested":4,"item_purchase_floors":[3,13,20,45,45],"current_hp_per_floor":[66,65,65,62,62,52,52,50,50,31,31,54,54,52,52,25,59,58,58,58,56,56,56,46,46,46,46,44,44,44,46,67,54,66,54,70,70,53,15,46,67,67,67,39,39,60,60,45,66,16],"gold":228,"neow_bonus":"ONE_RARE_RELIC","is_prod":false,"is_daily":false,"chose_seed":false,"campfire_upgraded":7,"win_rate":0,"timestamp":1551671514,"path_taken":["M","M","$","M","M","E","R","?","T","E","R","?","$","M","R","BOSS","M","?","?","M","$","R","E","R","T","R","?","R","?","?","R","BOSS","M","?","?","M","M","E","R","?","T","M","$","R","M","?","R","BOSS"],"build_version":"2019-01-23","purchased_purges":2,"victory":true,"max_hp_per_floor":[70,70,70,70,70,70,70,70,70,70,70,70,70,70,70,70,70,70,70,70,70,70,70,70,70,70,70,70,70,70,70,70,70,70,70,70,70,70,70,70,70,70,70,70,70,70,70,70,70,70],"card_choices":[{"not_picked":["Expertise","Outmaneuver"],"picked":"Dagger Throw","floor":1.0},{"not_picked":["Prepared","Dagger Throw"],"picked":"Dagger Spray","floor":2.0},{"not_picked":["Prepared","Poisoned Stab"],"picked":"Die Die Die","floor":4.0},{"not_picked":["Quick Slash","All Out Attack"],"picked":"Sucker Punch","floor":5.0},{"not_picked":["Accuracy","Crippling Poison"],"picked":"Leg Sweep","floor":6.0},{"not_picked":["Finisher","Dagger Spray"],"picked":"Acrobatics","floor":8.0},{"not_picked":["Sucker Punch","Choke","Slice"],"picked":"SKIP","floor":10.0},{"not_picked":["Envenom","Acrobatics"],"picked":"Well Laid Plans","floor":14.0},{"not_picked":["Malaise","Bullet Time"],"picked":"Night Terror","floor":16.0},{"not_picked":["Infinite Blades+1","Heel Hook","Dagger Spray"],"picked":"SKIP","floor":18.0},{"not_picked":["Terror","Underhanded Strike"],"picked":"PiercingWail","floor":21.0},{"not_picked":["Flying Knee+1","Quick Slash","Riddle With Holes"],"picked":"SKIP","floor":24.0},{"not_picked":["Predator+1","Flying Knee"],"picked":"Backflip","floor":28.0},{"not_picked":["Slice","Concentrate"],"picked":"Deadly Poison+1","floor":31.0},{"not_picked":["Backflip","Deflect+1"],"picked":"Setup+1","floor":35},{"not_picked":["Quick Slash","Cloak And Dagger+1"],"picked":"Caltrops+1","floor":38},{"not_picked":["Escape Plan","Dagger Spray","Flying Knee+1"],"picked":"SKIP","floor":39},{"not_picked":["Dagger Throw+1","Phantasmal Killer","Underhanded Strike"],"picked":"SKIP","floor":40},{"not_picked":["Masterful Stab","Deadly Poison"],"picked":"PiercingWail","floor":44},{"not_picked":["Blade Dance+1","Infinite Blades+1"],"picked":"Dodge and Roll+1","floor":47},{"not_picked":["Cloak And Dagger+1","Dagger Throw"],"picked":"Leg Sweep+1","floor":48}],"player_experience":373689,"relics_obtained":[{"floor":6.0,"key":"Torii"},{"floor":9.0,"key":"Meat on the Bone"},{"floor":10.0,"key":"Incense Burner"},{"floor":24.0,"key":"Frozen Egg 2"},{"floor":26.0,"key":"Ancient Tea Set"},{"floor":40,"key":"Dodecahedron"},{"floor":43,"key":"Blood Vial"}],"event_choices":[{"damage_healed":23.0,"max_hp_gain":0.0,"max_hp_loss":0.0,"gold_gain":0.0,"event_name":"Big Fish","player_choice":"Banana","floor":12.0,"gold_loss":0.0,"damage_taken":0.0},{"cards_removed":["Leg Sweep"],"damage_healed":0.0,"max_hp_gain":0.0,"max_hp_loss":0.0,"gold_gain":0.0,"event_name":"Designer","player_choice":"Upgrade and Remove","floor":19.0,"gold_loss":90.0,"damage_taken":0.0,"cards_upgraded":["Defend_G"]},{"damage_healed":0.0,"max_hp_gain":0.0,"max_hp_loss":0.0,"gold_gain":100.0,"event_name":"Golden Shrine","player_choice":"Pray","floor":30.0,"gold_loss":0.0,"damage_taken":0.0},{"damage_healed":18,"gold_gain":0,"player_choice":"Writhe","damage_taken":0,"max_hp_gain":0,"max_hp_loss":0,"event_name":"Winding Halls","floor":36,"gold_loss":0,"cards_obtained":["Writhe"]},{"damage_healed":0,"gold_gain":0,"player_choice":"Ignored","damage_taken":0,"max_hp_gain":0,"max_hp_loss":0,"event_name":"Tomb of Lord Red Mask","floor":37,"gold_loss":0},{"damage_healed":0,"gold_gain":0,"player_choice":"Memory 1","damage_taken":0,"max_hp_gain":0,"max_hp_loss":0,"event_name":"SensoryStone","floor":42,"gold_loss":0}],"is_beta":false,"boss_relics":[{"not_picked":["White Beast Statue","Runic Dome"],"picked":"Astrolabe"},{"not_picked":["Velvet Choker","Empty Cage"],"picked":"Lizard Tail"}],"items_purged_floors":[13,45],"is_endless":false,"potions_floor_spawned":[2,5,16,28,31,35,44],"ascension_level":5}