{"gold_per_floor":[114,114,189,242,261,261,288,288,337,387,401,401,421,32,32,106,106,118,118,129,129,48,48,125,5,5,5,19,49,66,7,7,80,80,92,1091,1091,252,252,252,252,252,252,252,271,287,287,306,306,306],"floor_reached":51,"playtime":2586,"items_purged":["Regret","Normality"],"score":1751,"play_id":"93030d99-8d74-4f82-9d79-e9d067ae9f76","local_time":"20190303213354","is_ascension_mode":true,"campfire_choices":[{"floor":6.0,"key":"REST"},{"floor":8.0,"key":"DIG"},{"floor":15.0,"key":"DIG"},{"floor":23.0,"key":"DIG"},{"floor":27.0,"key":"REST"},{"floor":32.0,"key":"REST"},{"floor":40.0,"key":"DIG"},{"floor":42.0,"key":"DIG"},{"floor":44.0,"key":"DIG"},{"floor":49.0,"key":"REST"}],"neow_cost":"NONE","seed_source_timestamp":0,"circlet_count":0,"master_deck":["AscendersBane","Strike_B","Defend_B+1","Defend_B+1","Zap","Dualcast","Hyperbeam","White Noise","Hologram","Double Energy","Conserve Battery","Skim","Go for the Eyes+1","Hello World","Machine Learning","Double Energy+1","Storm+1","Hello World+1","Conserve Battery+1","Armaments+1","Cold Snap+1","Stack","Loop","Leap","Coolheaded","Skim","Stack","Meteor Strike+1","Gash+1","Normality","Enlightenment","Master of Strategy","Thinking Ahead","Mind Blast+1","Cold Snap+1","Ball Lightning+1","Whirlwind+1","Setup+1","Sweeping Beam+1"],"special_seed":0,"relics":["Cracked Core","Regal Pillow","Shovel","Molten Egg 2","Pen Nib","Juzu Bracelet","PrismaticShard","Smiling Mask","Astrolabe","MutagenicStrength","Letter Opener","Pantograph","Blue Candle","Lantern","Inserter","Oddly Smooth Stone","Omamori","MealTicket","Bottled Tornado","Boot","Bag of Preparation","Mango"],"potions_floor_usage":[50,50],"damage_taken":[{"damage":0.0,"enemies":"2 Louse","floor":1.0,"turns":1.0},{"damage":7.0,"enemies":"Jaw Worm","floor":5.0,"turns":3.0},{"damage":0.0,"enemies":"3 Sentries","floor":7.0,"turns":1.0},{"damage":0.0,"enemies":"Small Slimes","floor":11.0,"turns":1.0},{"damage":12.0,"enemies":"Gremlin Gang","floor":13.0,"turns":2.0},{"damage":9.0,"enemies":"Hexaghost","floor":16.0,"turns":8.0},{"damage":15.0,"enemies":"Shell Parasite","floor":18.0,"turns":3.0},{"damage":19.0,"enemies":"3 Byrds","floor":20.0,"turns":4.0},{"damage":24.0,"enemies":"Centurion and Healer","floor":28.0,"turns":4.0},{"damage":30.0,"enemies":"Slavers","floor":29.0,"turns":6.0},{"damage":4.0,"enemies":"3 Cultists","floor":30.0,"turns":3.0},{"damage":55.0,"enemies":"Automaton","floor":33.0,"turns":16.0},{"damage":14.0,"enemies":"3 Shapes","floor":35.0,"turns":3.0},{"damage":16.0,"enemies":"3 Darklings","floor":45.0,"turns":3.0},{"damage":0.0,"enemies":"Sphere and 2 Shapes","floor":46.0,"turns":3.0},{"damage":1.0,"enemies":"Maw","floor":48.0,"turns":5.0},{"damage":81,"enemies":"Donu and Deca","floor":50,"turns":6}],"seed_played":"-3897476120616905617","potions_obtained":[{"floor":1.0,"key":"Energy Potion"},{"floor":11.0,"key":"PowerPotion"},{"floor":16.0,"key":"SteroidPotion"},{"floor":30.0,"key":"LiquidBronze"}],"is_trial":false,"path_per_floor":["M","?","?","T","M","R","E","R","T","?","M","?","M","$","R","B",null,"M","?","M","?","$","R","T","$","T","R","M","E","M","$","R","B",null,"M","?","?","$","?","R","?","R","T","R","M","M","?","M","R","B",null],"character_chosen":"DEFECT","items_purchased":["PrismaticShard","Go for the Eyes+1","Hello World","Cold Snap+1","Stack","Sunder+1","Loop","Stack","Mind Blast+1","Oddly Smooth Stone","Omamori","MealTicket","Cold Snap+1","Ball Lightning+1","SkillPotion"],"campfire_rested":4,"item_purchase_floors":[14,14,14,22,22,25,25,31,38,38,38,38,38,38,38],"current_hp_per_floor":[64,43,32,32,25,61,61,61,61,54,54,54,42,42,42,33,62,47,47,28,28,28,28,28,28,28,64,40,10,6,6,42,12,56,42,42,32,32,32,32,32,32,32,46,30,30,47,46,85,4],"gold":306,"neow_bonus":"TRANSFORM_CARD","is_prod":false,"is_daily":false,"chose_seed":false,"campfire_upgraded":0,"win_rate":0,"timestamp":1551645234,"path_taken":["M","?","?","?","M","R","E","R","T","?","?","?","M","$","R","BOSS","M","?","M","?","$","R","?","?","T","R","M","E","M","?","R","BOSS","M","?","?","$","?","R","?","R","T","R","M","M","?","M","R","BOSS"],"build_version":"2019-01-23","purchased_purges":2,"victory":true,"max_hp_per_floor":[71,71,71,71,71,71,71,71,71,71,71,71,71,71,71,71,71,71,71,71,71,71,71,71,71,71,71,71,71,71,71,71,71,71,71,71,71,71,71,71,71,71,71,85,85,85,85,85,85,85],"card_choices":[{"not_picked":["Chill","Aggregate"],"picked":"White Noise","floor":1.0},{"not_picked":["Rebound","Sweeping Beam"],"picked":"Hologram","floor":5.0},{"not_picked":["Chaos","Heatsinks"],"picked":"Double Energy","floor":7.0},{"not_picked":["Stack","Scrape+1"],"picked":"Conserve Battery","floor":11.0},{"not_picked":["Steam","Rebound+1"],"picked":"Skim","floor":13.0},{"not_picked":["Panache","Thinking Ahead"],"picked":"Machine Learning","floor":16.0},{"not_picked":["Go for the Eyes+1","Twin Strike+1"],"picked":"Conserve Battery+1","floor":18.0},{"not_picked":["Hemokinesis+1","Reprogram"],"picked":"Armaments","floor":20.0},{"not_picked":["Heavy Blade+1","Deflect"],"picked":"Leap","floor":28.0},{"not_picked":["Headbutt+1","Compile Driver+1"],"picked":"Coolheaded","floor":29.0},{"not_picked":["Corruption","Compile Driver+1"],"picked":"Skim","floor":30.0},{"not_picked":["Reboot","Metamorphosis"],"picked":"Meteor Strike+1","floor":33.0},{"not_picked":["Quick Slash+1","Stack"],"picked":"Gash+1","floor":35.0},{"not_picked":["The Bomb","Blind"],"picked":"Enlightenment","floor":37.0},{"not_picked":["Secret Technique","Bandage Up"],"picked":"Master of Strategy","floor":37.0},{"not_picked":["Secret Technique","The Bomb"],"picked":"Thinking Ahead","floor":37.0},{"not_picked":["Recycle","Thunderclap+1"],"picked":"Whirlwind+1","floor":45.0},{"not_picked":["Reflex+1","Clash+1"],"picked":"Setup+1","floor":46.0},{"not_picked":["Intimidate","Leg Sweep"],"picked":"Sweeping Beam+1","floor":48.0}],"player_experience":804982,"relics_obtained":[{"floor":4.0,"key":"Regal Pillow"},{"floor":7.0,"key":"Shovel"},{"floor":8.0,"key":"Molten Egg 2"},{"floor":9.0,"key":"Pen Nib"},{"floor":15.0,"key":"Smiling Mask"},{"floor":23.0,"key":"Letter Opener"},{"floor":24.0,"key":"Pantograph"},{"floor":26.0,"key":"Blue Candle"},{"floor":29.0,"key":"Lantern"},{"floor":40.0,"key":"Bottled Tornado"},{"floor":42.0,"key":"Boot"},{"floor":43.0,"key":"Bag of Preparation"},{"floor":44.0,"key":"Mango"}],"event_choices":[{"damage_healed":0.0,"max_hp_gain":0.0,"max_hp_loss":0.0,"gold_gain":0.0,"event_name":"Shining Light","player_choice":"Entered Light","floor":2.0,"gold_loss":0.0,"damage_taken":21.0,"cards_upgraded":["Defend_B","Defend_B"]},{"damage_healed":0.0,"max_hp_gain":0.0,"max_hp_loss":0.0,"gold_gain":75.0,"event_name":"World of Goop","player_choice":"Gather Gold","floor":3.0,"gold_loss":0.0,"damage_taken":11.0},{"damage_healed":0.0,"max_hp_gain":0.0,"max_hp_loss":0.0,"gold_gain":50.0,"event_name":"FaceTrader","player_choice":"Touch","floor":10.0,"gold_loss":0.0,"damage_taken":7.0},{"damage_healed":0.0,"max_hp_gain":0.0,"max_hp_loss":0.0,"gold_gain":0.0,"event_name":"Big Fish","player_choice":"Box","floor":12.0,"gold_loss":0.0,"damage_taken":0.0,"relics_obtained":["Juzu Bracelet"],"cards_obtained":["Regret"]},{"cards_removed":["Defend_B"],"damage_healed":0.0,"max_hp_gain":0.0,"max_hp_loss":0.0,"gold_gain":0.0,"event_name":"Back to Basics","player_choice":"Elegance","floor":19.0,"gold_loss":0.0,"damage_taken":0.0},{"damage_healed":0.0,"max_hp_gain":0.0,"max_hp_loss":0.0,"gold_gain":0.0,"event_name":"Drug Dealer","player_choice":"Inject Mutagens","floor":21.0,"gold_loss":0.0,"damage_taken":0.0,"relics_obtained":["MutagenicStrength"]},{"damage_healed":0.0,"max_hp_gain":0.0,"max_hp_loss":0.0,"gold_gain":999.0,"event_name":"MindBloom","player_choice":"Gold","floor":36.0,"gold_loss":0.0,"damage_taken":0.0,"cards_obtained":["Normality","Normality"]},{"damage_healed":0.0,"max_hp_gain":0.0,"max_hp_loss":0.0,"gold_gain":0.0,"event_name":"SensoryStone","player_choice":"Memory 3","floor":37.0,"gold_loss":0.0,"damage_taken":10.0},{"damage_healed":0.0,"max_hp_gain":0.0,"max_hp_loss":0.0,"gold_gain":0.0,"event_name":"Upgrade Shrine","player_choice":"Upgraded","floor":39.0,"gold_loss":0.0,"damage_taken":0.0,"cards_upgraded":["Armaments"]},{"cards_removed":["Sunder"],"damage_healed":0.0,"max_hp_gain":0.0,"max_hp_loss":0.0,"gold_gain":0.0,"event_name":"Falling","player_choice":"Removed Attack","floor":41.0,"gold_loss":0.0,"damage_taken":0.0},{"damage_healed":17.0,"max_hp_gain":0.0,"max_hp_loss":0.0,"gold_gain":0.0,"event_name":"Winding Halls","player_choice":"Writhe","floor":47.0,"gold_loss":0.0,"damage_taken":0.0,"cards_obtained":["Writhe"]}],"is_beta":false,"boss_relics":[{"not_picked":["Fusion Hammer","Coffee Dripper"],"picked":"Astrolabe"},{"not_picked":["Runic Dome","Philosopher\u0027s Stone"],"picked":"Inserter"}],"items_purged_floors":[14,38],"is_endless":false,"potions_floor_spawned":[1,11,16,30,48],"ascension_level":19}