{"gold_per_floor":[115,134,151,169,169,198,218,218,244,244,244,310,323,41,41,166,166,186,207,207],"floor_reached":20,"playtime":1115,"items_purged":["Strike_G"],"score":288,"play_id":"a1e1c4f6-955f-447c-b1c6-a8b8ae9240a3","local_time":"20190208142437","is_ascension_mode":true,"campfire_choices":[{"data":"Predator","floor":8,"key":"SMITH"},{"floor":15,"key":"REST"}],"neow_cost":"NONE","seed_source_timestamp":1864363896128252,"circlet_count":0,"master_deck":["AscendersBane","Defend_G","Defend_G","Defend_G","Defend_G","Defend_G","Strike_G","Strike_G","Survivor+1","Neutralize","Predator+1","Poisoned Stab","Poisoned Stab","Poisoned Stab+1","Deflect","Dagger Throw","Acrobatics","Panacea","All Out Attack","Malaise","Footwork+1","Blur+1"],"relics":["Empty Cage","Dream Catcher","Potion Belt","Golden Idol","Tiny Chest","Velvet Choker"],"potions_floor_usage":[4,16,16,16,20],"damage_taken":[{"damage":2,"enemies":"Cultist","floor":1,"turns":6},{"damage":0,"enemies":"2 Louse","floor":2,"turns":3},{"damage":2,"enemies":"Small Slimes","floor":3,"turns":4},{"damage":7,"enemies":"Exordium Thugs","floor":4,"turns":7},{"damage":32,"enemies":"3 Sentries","floor":6,"turns":9},{"damage":4,"enemies":"Blue Slaver","floor":7,"turns":4},{"damage":5,"enemies":"Lagavulin","floor":12,"turns":6},{"damage":3,"enemies":"Large Slime","floor":13,"turns":5},{"damage":8,"enemies":"Slime Boss","floor":16,"turns":11},{"damage":15,"enemies":"Spheric Guardian","floor":18,"turns":6},{"damage":26,"enemies":"2 Thieves","floor":19,"turns":5},{"damage":20,"enemies":"Colosseum Slavers","floor":20,"turns":4}],"seed_played":"-3449411402917828797","potions_obtained":[{"floor":1,"key":"Block Potion"},{"floor":2,"key":"Swift Potion"},{"floor":7,"key":"SpeedPotion"},{"floor":19,"key":"Ancient Potion"}],"is_trial":false,"path_per_floor":["M","M","M","M","?","E","M","R","T","?","?","E","M","$","R","B",null,"M","M","?"],"character_chosen":"THE_SILENT","items_purchased":["Panacea","GhostInAJar","PowerPotion"],"campfire_rested":1,"item_purchase_floors":[14,14,14],"current_hp_per_floor":[61,61,59,52,70,38,34,34,34,20,20,15,12,12,31,23,55,40,14,0],"gold":207,"neow_bonus":"BOSS_RELIC","is_prod":false,"is_daily":false,"chose_seed":false,"campfire_upgraded":1,"win_rate":0,"timestamp":1549653877,"path_taken":["M","M","?","M","?","E","?","R","T","?","?","E","M","$","R","BOSS","M","M","?"],"build_version":"2019-01-23","purchased_purges":1,"victory":false,"max_hp_per_floor":[70,70,70,70,70,70,70,70,70,70,65,65,65,65,65,65,65,65,65,65],"card_choices":[{"not_picked":["Reflex","Infinite Blades"],"picked":"Predator","floor":1},{"not_picked":["Blade Dance","Backflip"],"picked":"Poisoned Stab","floor":2},{"not_picked":["Slice","Masterful Stab"],"picked":"Predator","floor":3},{"not_picked":["Dagger Spray","Acrobatics"],"picked":"Poisoned Stab","floor":4},{"not_picked":["Underhanded Strike","Storm of Steel"],"picked":"Poisoned Stab","floor":6},{"not_picked":["Setup","Acrobatics"],"picked":"Deflect","floor":7},{"not_picked":["Infinite Blades","Acrobatics"],"picked":"Dagger Throw","floor":12},{"not_picked":["Expertise","Slice"],"picked":"Acrobatics","floor":13},{"not_picked":["Predator","Poisoned Stab"],"picked":"All Out Attack","floor":15},{"not_picked":["A Thousand Cuts","Storm of Steel"],"picked":"Malaise","floor":16},{"not_picked":["Slice","Terror"],"picked":"Footwork+1","floor":18},{"not_picked":["Underhanded Strike","Acrobatics+1"],"picked":"Blur+1","floor":19}],"player_experience":707020,"relics_obtained":[{"floor":6,"key":"Dream Catcher"},{"floor":9,"key":"Potion Belt"},{"floor":12,"key":"Tiny Chest"}],"event_choices":[{"cards_removed":["Predator"],"damage_healed":18,"gold_gain":0,"player_choice":"Offered Uncommon","damage_taken":0,"max_hp_gain":0,"max_hp_loss":0,"event_name":"Bonfire Elementals","floor":5,"gold_loss":0},{"damage_healed":0,"gold_gain":0,"player_choice":"Entered Light","damage_taken":14,"max_hp_gain":0,"max_hp_loss":0,"event_name":"Shining Light","floor":10,"gold_loss":0,"cards_upgraded":["Survivor","Poisoned Stab"]},{"damage_healed":0,"gold_gain":0,"player_choice":"Lose Max HP","damage_taken":0,"relics_obtained":["Golden Idol"],"max_hp_gain":0,"max_hp_loss":5,"event_name":"Golden Idol","floor":11,"gold_loss":0},{"damage_healed":0,"gold_gain":0,"player_choice":"Fight","damage_taken":0,"max_hp_gain":0,"max_hp_loss":0,"event_name":"Colosseum","floor":20,"gold_loss":0}],"is_beta":false,"boss_relics":[{"not_picked":["Astrolabe","Runic Dome"],"picked":"Velvet Choker"}],"items_purged_floors":[14],"is_endless":false,"potions_floor_spawned":[1,2,7,19],"killed_by":"Colosseum Slavers","ascension_level":11}