{"gold_per_floor":[112,129,279,279,33,66,66,91,91,91,125,144,144,156,156,156],"floor_reached":16,"playtime":663,"items_purged":["Doubt"],"score":224,"play_id":"dd6d7d76-704b-4825-b106-b0a780173874","local_time":"20190127115731","is_ascension_mode":true,"campfire_choices":[{"data":"Juggernaut","floor":7,"key":"SMITH"},{"floor":10,"key":"REST"},{"floor":13,"key":"REST"},{"data":"True Grit","floor":15,"key":"SMITH"}],"neow_cost":"PERCENT_DAMAGE","seed_source_timestamp":819069766107355,"circlet_count":0,"master_deck":["AscendersBane","Strike_R","Strike_R","Strike_R","Defend_R","Defend_R","Defend_R","Defend_R","Bash","Pommel Strike","Cleave+1","Juggernaut+1","Corruption","Havoc","True Grit+1"],"relics":["Burning Blood","Oddly Smooth Stone","Mummified Hand","Molten Egg 2","Bottled Tornado","Blood Vial"],"potions_floor_usage":[6,8,16],"damage_taken":[{"damage":2,"enemies":"2 Louse","floor":1,"turns":5},{"damage":9,"enemies":"Jaw Worm","floor":2,"turns":4},{"damage":22,"enemies":"Lagavulin","floor":6,"turns":6},{"damage":30,"enemies":"3 Sentries","floor":8,"turns":6},{"damage":32,"enemies":"Gremlin Nob","floor":11,"turns":4},{"damage":0,"enemies":"Cultist","floor":12,"turns":3},{"damage":0,"enemies":"Large Slime","floor":14,"turns":3},{"damage":50,"enemies":"Hexaghost","floor":16,"turns":8}],"seed_played":"2697354228739902140","potions_obtained":[{"floor":1,"key":"Swift Potion"},{"floor":2,"key":"AttackPotion"},{"floor":12,"key":"SkillPotion"}],"is_trial":false,"path_per_floor":["M","M","?","?","$","E","R","E","T","R","E","M","R","M","R","B"],"character_chosen":"IRONCLAD","items_purchased":["Oddly Smooth Stone"],"campfire_rested":2,"item_purchase_floors":[5],"current_hp_per_floor":[54,51,51,51,51,35,35,11,11,33,7,15,37,45,45,0],"gold":156,"neow_bonus":"REMOVE_TWO","is_prod":false,"is_daily":false,"chose_seed":false,"campfire_upgraded":2,"win_rate":0,"timestamp":1548608251,"path_taken":["M","M","?","?","$","E","R","E","T","R","E","M","R","?","R","BOSS"],"build_version":"2019-01-23","purchased_purges":1,"victory":false,"max_hp_per_floor":[75,75,75,75,75,75,75,75,75,75,75,75,75,75,75,75],"card_choices":[{"not_picked":["Dropkick","Sever Soul"],"picked":"Pommel Strike","floor":1},{"not_picked":["Wild Strike","Rupture"],"picked":"Cleave","floor":2},{"not_picked":["Thunderclap","Twin Strike"],"picked":"Juggernaut","floor":6},{"not_picked":["Twin Strike","Wild Strike","Rupture"],"picked":"SKIP","floor":8},{"not_picked":["Entrench","Warcry"],"picked":"Corruption","floor":11},{"not_picked":["Dropkick+1","Hemokinesis+1"],"picked":"Havoc","floor":12},{"not_picked":["Pummel+1","Spot Weakness"],"picked":"True Grit","floor":14}],"player_experience":503765,"relics_obtained":[{"floor":6,"key":"Mummified Hand"},{"floor":8,"key":"Molten Egg 2"},{"floor":9,"key":"Bottled Tornado"},{"floor":11,"key":"Blood Vial"}],"event_choices":[{"damage_healed":0,"gold_gain":150,"player_choice":"AGREE","damage_taken":0,"max_hp_gain":0,"max_hp_loss":0,"event_name":"Liars Game","floor":3,"gold_loss":0,"cards_obtained":["Doubt"]},{"damage_healed":0,"gold_gain":0,"player_choice":"Upgraded","damage_taken":0,"max_hp_gain":0,"max_hp_loss":0,"event_name":"Upgrade Shrine","floor":4,"gold_loss":0,"cards_upgraded":["Cleave"]}],"is_beta":false,"boss_relics":[],"items_purged_floors":[5],"is_endless":false,"potions_floor_spawned":[1,2,12],"killed_by":"Hexaghost","ascension_level":18}