{"gold_per_floor":[12,22,22,42,42,85,105,105,105,30,49,49,70,245,245,369,369,390,390,305,305,9,50,63,79,79,104,104,128,128,0,0,0],"floor_reached":33,"playtime":1378,"items_purged":["Strike_G","Doubt"],"score":334,"play_id":"33fb4393-8493-4254-b5c9-2af01dc8954e","local_time":"20190107102957","is_ascension_mode":true,"campfire_choices":[{"data":"Noxious Fumes","floor":8,"key":"SMITH"},{"floor":12,"key":"REST"},{"data":"Neutralize","floor":15,"key":"SMITH"},{"data":"After Image","floor":28,"key":"SMITH"},{"data":"Caltrops","floor":30,"key":"SMITH"},{"floor":32,"key":"REST"}],"neow_cost":"NO_GOLD","seed_source_timestamp":1497185354510160,"circlet_count":0,"master_deck":["Defend_G","Defend_G","Defend_G","Defend_G","Strike_G","Strike_G","Strike_G","Survivor","Neutralize+1","PiercingWail","Finisher","Noxious Fumes+1","Blade Dance","Cloak And Dagger","Blade Dance","Dodge and Roll","After Image+1","Slice","Caltrops+1","Cloak And Dagger","Dodge and Roll+1","Blur","Terror","Deadly Poison"],"relics":["Ring of the Snake","Golden Idol","Mummified Hand","Ninja Scroll","WristBlade","Molten Egg 2","Regal Pillow","Ornamental Fan","Letter Opener","Blue Candle"],"potions_floor_usage":[1,16,16,16,23,29,33,33,33],"damage_taken":[{"damage":0,"enemies":"Small Slimes","floor":1,"turns":3},{"damage":2,"enemies":"Cultist","floor":2,"turns":5},{"damage":0,"enemies":"2 Louse","floor":4,"turns":4},{"damage":19,"enemies":"3 Sentries","floor":6,"turns":9},{"damage":8,"enemies":"Blue Slaver","floor":7,"turns":5},{"damage":3,"enemies":"3 Louse","floor":11,"turns":2},{"damage":4,"enemies":"Exordium Wildlife","floor":13,"turns":3},{"damage":36,"enemies":"Hexaghost","floor":16,"turns":12},{"damage":0,"enemies":"3 Byrds","floor":18,"turns":4},{"damage":5,"enemies":"Book of Stabbing","floor":23,"turns":5},{"damage":6,"enemies":"Shell Parasite","floor":24,"turns":4},{"damage":8,"enemies":"Snake Plant","floor":25,"turns":3},{"damage":0,"enemies":"Centurion and Healer","floor":27,"turns":5},{"damage":14,"enemies":"Cultist and Chosen","floor":29,"turns":6},{"damage":68,"enemies":"Champ","floor":33,"turns":12}],"seed_played":"581245154783812402","potions_obtained":[{"floor":1,"key":"Fruit Juice"},{"floor":2,"key":"Block Potion"},{"floor":5,"key":"GhostInAJar"},{"floor":5,"key":"Weak Potion"},{"floor":13,"key":"SteroidPotion"},{"floor":16,"key":"SneckoOil"},{"floor":24,"key":"Dexterity Potion"},{"floor":25,"key":"AttackPotion"},{"floor":29,"key":"Fire Potion"}],"is_trial":false,"path_per_floor":["M","M","?","M","?","E","M","R","T","$","M","R","M","?","R","B",null,"M","?","?","T","$","E","M","M","T","M","R","M","R","?","R","B"],"character_chosen":"THE_SILENT","items_purchased":["Caltrops","LiquidBronze","Cloak And Dagger"],"campfire_rested":2,"item_purchase_floors":[22,22,22],"current_hp_per_floor":[75,73,55,55,55,36,28,28,28,28,25,47,43,43,43,7,58,58,58,58,58,58,53,47,39,39,39,39,25,25,25,62,0],"gold":0,"neow_bonus":"REMOVE_TWO","is_prod":false,"is_daily":false,"chose_seed":false,"campfire_upgraded":4,"win_rate":0,"timestamp":1546874997,"path_taken":["M","M","?","M","?","E","?","R","T","$","M","R","M","?","R","BOSS","M","?","?","?","$","E","M","M","T","M","R","M","R","?","R","BOSS"],"build_version":"2019-01-03v4","purchased_purges":2,"victory":false,"max_hp_per_floor":[75,75,75,75,75,75,75,75,75,75,75,75,75,75,75,75,75,75,75,75,75,75,75,75,75,75,75,75,75,75,75,75,75],"card_choices":[{"not_picked":["Skewer","Concentrate"],"picked":"PiercingWail","floor":1},{"not_picked":["Underhanded Strike","Prepared"],"picked":"Finisher","floor":2},{"not_picked":["Sucker Punch","Outmaneuver"],"picked":"Noxious Fumes","floor":4},{"not_picked":["Riddle With Holes","Deflect"],"picked":"Blade Dance","floor":6},{"not_picked":["Reflex","Dodge and Roll"],"picked":"Cloak And Dagger","floor":7},{"not_picked":["Prepared","Flechettes"],"picked":"Blade Dance","floor":11},{"not_picked":["Bane","Underhanded Strike"],"picked":"Dodge and Roll","floor":13},{"not_picked":["A Thousand Cuts","Die Die Die"],"picked":"After Image","floor":16},{"not_picked":["Endless Agony","Sucker Punch"],"picked":"Slice","floor":18},{"not_picked":["Bane+1","Quick Slash+1"],"picked":"Dodge and Roll+1","floor":23},{"not_picked":["Dagger Spray+1","Flying Knee+1"],"picked":"Blur","floor":24},{"not_picked":["Dagger Throw+1","Dagger Spray+1","Bane+1"],"picked":"SKIP","floor":25},{"not_picked":["Quick Slash+1","Deflect"],"picked":"Terror","floor":27},{"not_picked":["Quick Slash+1","Terror"],"picked":"Deadly Poison","floor":29}],"player_experience":329321,"relics_obtained":[{"floor":6,"key":"Mummified Hand"},{"floor":9,"key":"Ninja Scroll"},{"floor":21,"key":"Ornamental Fan"},{"floor":23,"key":"Letter Opener"},{"floor":26,"key":"Blue Candle"}],"event_choices":[{"damage_healed":0,"gold_gain":0,"player_choice":"Take Damage","damage_taken":18,"relics_obtained":["Golden Idol"],"max_hp_gain":0,"max_hp_loss":0,"event_name":"Golden Idol","floor":3,"gold_loss":0},{"damage_healed":0,"gold_gain":0,"player_choice":"Got Potions","damage_taken":0,"max_hp_gain":0,"max_hp_loss":0,"event_name":"Lab","floor":5,"gold_loss":0},{"damage_healed":0,"gold_gain":175,"player_choice":"AGREE","damage_taken":0,"max_hp_gain":0,"max_hp_loss":0,"event_name":"Liars Game","floor":14,"gold_loss":0,"cards_obtained":["Doubt"]},{"damage_healed":0,"gold_gain":0,"player_choice":"Opened","damage_taken":0,"relics_obtained":["Molten Egg 2"],"max_hp_gain":0,"max_hp_loss":0,"event_name":"The Mausoleum","floor":19,"gold_loss":0},{"damage_healed":0,"gold_gain":0,"player_choice":"Obtained Relic","damage_taken":0,"relics_obtained":["Regal Pillow"],"max_hp_gain":0,"max_hp_loss":0,"event_name":"Addict","floor":20,"gold_loss":85},{"damage_healed":0,"gold_gain":0,"player_choice":"Paid Fearfully","damage_taken":0,"max_hp_gain":0,"max_hp_loss":0,"event_name":"Masked Bandits","floor":31,"gold_loss":128}],"is_beta":false,"boss_relics":[{"not_picked":["Sozu","Busted Crown"],"picked":"WristBlade"}],"items_purged_floors":[10,22],"is_endless":false,"potions_floor_spawned":[1,2,7,13,16,24,25,29],"killed_by":"Champ","ascension_level":5}