{"path_per_floor":["M","?","M","?","?","E","M","E","T","E","R","M","E","M","R","B",null,"M","M","?","$","M","E","R","E","T","M","M","M","M","M","R","B",null,"M","?","?","M","M","E","R","$","T","?","E","?","M","M","R","B"],"character_chosen":"DEFECT","items_purchased":["Gremlin Horn","Kunai","Orichalcum","All For One"],"gold_per_floor":[114,289,303,303,303,337,357,391,391,425,425,442,468,488,488,590,590,602,619,534,34,44,69,69,94,119,135,153,164,181,198,198,301,301,314,314,314,332,351,384,384,13,13,13,40,92,102,115,115,115],"floor_reached":51,"campfire_rested":4,"playtime":4997,"item_purchase_floors":[],"current_hp_per_floor":[75,75,75,75,75,52,52,43,43,35,35,28,14,9,33,16,82,68,52,52,52,40,5,29,34,34,35,36,39,27,27,51,35,82,59,59,59,53,51,43,43,43,43,31,36,43,50,36,63,36],"items_purged":["Doubt"],"gold":115,"score":879,"play_id":"4ddbeb52-1efc-4c3c-a5bc-aa2cdc1dceca","local_time":"20180601144214","is_prod":false,"is_daily":false,"chose_seed":false,"is_ascension_mode":true,"campfire_upgraded":2,"win_rate":0,"timestamp":1527856934,"campfire_choices":[{"data":"Static Discharge","floor":11.0,"key":"SMITH"},{"floor":15.0,"key":"REST"},{"floor":24.0,"key":"REST"},{"floor":32.0,"key":"REST"},{"data":"Defragment","floor":41.0,"key":"SMITH"},{"floor":49,"key":"REST"}],"path_taken":["M","?","M","?","?","E","M","E","T","E","R","M","E","?","R","BOSS","M","M","?","$","M","E","R","E","T","M","?","M","M","M","R","BOSS","M","?","?","?","M","E","R","$","T","?","E","?","M","M","R","BOSS"],"build_version":"2018-05-31","seed_source_timestamp":1373512876991137,"purchased_purges":1,"victory":true,"master_deck":["Strike_B","Strike_B","Strike_B","Strike_B","Defend_B","Defend_B","Defend_B","Defend_B","Zap+1","Dualcast","Melter","Conserve Battery","Static Discharge+1","Glacier","Creative AI","Echo Form","Melter","Force Field","Hologram","Amplify","Hologram","Defragment+1","Cold Snap","Sunder","Defragment","Conserve Battery+1","Reinforced Body","FTL","Hello World+1","Streamline+1","Hello World+1","Rebound","Tempest+1","Sweeping Beam+1","Capacitor+1","Seek","Coolheaded+1","Capacitor+1","Leap+1","Double Energy+1","Gash+1","All For One","Madness","Madness","Beam Cell","Loop+1","Stack+1","Blizzard"],"max_hp_per_floor":[75,75,75,75,75,75,75,75,75,82,82,82,82,82,82,82,82,82,82,82,82,82,82,82,82,82,82,82,82,82,82,82,82,82,82,82,82,82,82,92,92,92,92,92,92,92,92,92,92,92],"relics":["Cracked Core","Oddly Smooth Stone","Question Card","Ginger","Girya","Du-Vu Doll","Strawberry","Mummified Hand","Orrery","Shuriken","Gremlin Horn","Kunai","Meat on the Bone","Lantern","Bag of Marbles","Sozu","Pear","Orichalcum","Bottled Flame","Bronze Scales","Peace Pipe"],"card_choices":[{"not_picked":["Storm","Leap"],"picked":"Melter","floor":1.0},{"not_picked":["Stack","Turbo"],"picked":"Conserve Battery","floor":3.0},{"not_picked":["Conserve Battery","Chill","BootSequence"],"picked":"Static Discharge","floor":6.0},{"not_picked":["Scrape","Storm","Streamline"],"picked":"Glacier","floor":7.0},{"not_picked":["Gash","Beam Cell","Compile Driver"],"picked":"Creative AI","floor":8.0},{"not_picked":["Darkness","Barrage","Sunder"],"picked":"Echo Form","floor":10.0},{"not_picked":["Barrage","Redo","Scrape"],"picked":"Melter","floor":12.0},{"not_picked":["Heatsinks","Ball Lightning","Lockon"],"picked":"Force Field","floor":13.0},{"not_picked":["Beam Cell","Heatsinks","Cold Snap"],"picked":"Hologram","floor":14.0},{"not_picked":["Thunder Strike","Buffer","Multi-Cast"],"picked":"Amplify","floor":16.0},{"not_picked":["Go for the Eyes","Leap","Sweeping Beam"],"picked":"Hologram","floor":17.0},{"not_picked":["Heatsinks","Reprogram","Stack"],"picked":"Defragment","floor":17.0},{"not_picked":["Go for the Eyes","Biased Cognition","Hologram"],"picked":"Cold Snap","floor":17.0},{"not_picked":["Double Energy","Ball Lightning","Gash"],"picked":"Sunder","floor":17.0},{"not_picked":["Rebound","Rip and Tear","Fusion"],"picked":"Defragment","floor":17.0},{"not_picked":["Turbo+1","Compile Driver","Rip and Tear"],"picked":"Conserve Battery+1","floor":18.0},{"not_picked":["Sweeping Beam","Self Repair","Heatsinks+1"],"picked":"Reinforced Body","floor":19.0},{"not_picked":["Sunder","Compile Driver","Sweeping Beam"],"picked":"FTL","floor":22.0},{"not_picked":["Skim","Glacier","Static Discharge"],"picked":"Hello World+1","floor":23.0},{"not_picked":["Turbo+1","Reboot","Skim"],"picked":"Streamline+1","floor":25.0},{"not_picked":["Hologram","Sweeping Beam","Static Discharge"],"picked":"Hello World+1","floor":27.0},{"not_picked":["Stack+1","Undo+1","Beam Cell"],"picked":"Rebound","floor":28.0},{"not_picked":["Steam Power","Stack","White Noise"],"picked":"Tempest+1","floor":29.0},{"not_picked":["Barrage","Hologram","Darkness"],"picked":"Sweeping Beam+1","floor":30.0},{"not_picked":["Coolheaded","Blizzard+1","Doom and Gloom"],"picked":"Capacitor+1","floor":31.0},{"not_picked":["Electrodynamics","Thunder Strike","Rainbow"],"picked":"Seek","floor":33.0},{"not_picked":["Compile Driver+1","Conserve Battery","Barrage"],"picked":"Coolheaded+1","floor":35.0},{"not_picked":["Hologram","Conserve Battery","Beam Cell"],"picked":"Leap+1","floor":38.0},{"not_picked":["Skim","Rebound+1","Conserve Battery+1"],"picked":"Double Energy+1","floor":39.0},{"not_picked":["Ball Lightning+1","Genetic Algorithm+1","Cold Snap"],"picked":"Gash+1","floor":40.0},{"not_picked":["Scrape","Thunder Strike","Streamline"],"picked":"Beam Cell","floor":45},{"not_picked":["Compile Driver","Doom and Gloom+1","Coolheaded"],"picked":"Loop+1","floor":46},{"not_picked":["Hologram","Sweeping Beam+1","Rebound"],"picked":"Stack+1","floor":47},{"not_picked":["Conserve Battery","Stack+1","Sweeping Beam"],"picked":"Blizzard","floor":48}],"player_experience":427874,"potions_floor_usage":[47],"damage_taken":[{"damage":0.0,"enemies":"Jaw Worm","floor":1.0,"turns":4.0},{"damage":0.0,"enemies":"Small Slimes","floor":3.0,"turns":2.0},{"damage":23.0,"enemies":"Gremlin Nob","floor":6.0,"turns":5.0},{"damage":0.0,"enemies":"Cultist","floor":7.0,"turns":3.0},{"damage":9.0,"enemies":"Lagavulin","floor":8.0,"turns":9.0},{"damage":15.0,"enemies":"3 Sentries","floor":10.0,"turns":6.0},{"damage":7.0,"enemies":"Looter","floor":12.0,"turns":3.0},{"damage":14.0,"enemies":"Gremlin Nob","floor":13.0,"turns":6.0},{"damage":5.0,"enemies":"3 Louse","floor":14.0,"turns":3.0},{"damage":17.0,"enemies":"Slime Boss","floor":16.0,"turns":8.0},{"damage":14.0,"enemies":"Spheric Guardian","floor":18.0,"turns":4.0},{"damage":16.0,"enemies":"3 Byrds","floor":19.0,"turns":5.0},{"damage":12.0,"enemies":"Snake Plant","floor":22.0,"turns":3.0},{"damage":35.0,"enemies":"Slavers","floor":23.0,"turns":5.0},{"damage":7.0,"enemies":"Book of Stabbing","floor":25.0,"turns":5.0},{"damage":11.0,"enemies":"3 Cultists","floor":27.0,"turns":5.0},{"damage":11.0,"enemies":"Cultist and Chosen","floor":28.0,"turns":4.0},{"damage":9.0,"enemies":"Chosen and Byrds","floor":29.0,"turns":7.0},{"damage":29.0,"enemies":"Centurion and Healer","floor":30.0,"turns":4.0},{"damage":12.0,"enemies":"3 Cultists","floor":31.0,"turns":5.0},{"damage":28.0,"enemies":"Automaton","floor":33.0,"turns":9.0},{"damage":23.0,"enemies":"3 Shapes","floor":35.0,"turns":3.0},{"damage":6.0,"enemies":"Orb Walker","floor":38.0,"turns":3.0},{"damage":2.0,"enemies":"Maw","floor":39.0,"turns":7.0},{"damage":30.0,"enemies":"Nemesis","floor":40.0,"turns":9.0},{"damage":7,"enemies":"Giant Head","floor":45,"turns":5},{"damage":5,"enemies":"Mysterious Sphere","floor":46,"turns":3},{"damage":5,"enemies":"Sphere and 2 Shapes","floor":47,"turns":3},{"damage":26,"enemies":"3 Darklings","floor":48,"turns":4},{"damage":39,"enemies":"Donu and Deca","floor":50,"turns":6}],"relics_obtained":[{"floor":6.0,"key":"Ginger"},{"floor":8.0,"key":"Girya"},{"floor":9.0,"key":"Du-Vu Doll"},{"floor":10.0,"key":"Strawberry"},{"floor":13.0,"key":"Mummified Hand"},{"floor":23.0,"key":"Meat on the Bone"},{"floor":25.0,"key":"Lantern"},{"floor":26.0,"key":"Bag of Marbles"},{"floor":40.0,"key":"Pear"},{"floor":43.0,"key":"Bottled Flame"},{"floor":45,"key":"Bronze Scales"},{"floor":46,"key":"Peace Pipe"}],"event_choices":[{"event_name":"Liars Game","player_choice":"agreed","floor":2.0,"damage_taken":0.0},{"event_name":"Wheel of Change","player_choice":"Relic","floor":4.0,"damage_taken":0.0},{"event_name":"Accursed Blacksmith","player_choice":"Forge","floor":5.0,"damage_taken":0.0},{"event_name":"Addict","player_choice":"Obtained Relic","floor":20.0,"damage_taken":0.0},{"event_name":"Duplicator","player_choice":"One dupe","floor":36.0,"damage_taken":0.0},{"event_name":"Tomb of Lord Red Mask","player_choice":"Ignored","floor":37.0,"damage_taken":0.0},{"event_name":"Winding Halls","player_choice":"Embrace Madness","floor":44.0,"damage_taken":0.0},{"event_name":"Mysterious Sphere","player_choice":"Fight","floor":46,"damage_taken":0}],"boss_relics":[],"items_purged_floors":[],"potions_floor_spawned":[1,3,12,14,18,19,25,29,30,33,35,40,46,47],"seed_played":"1410235640613905446","ascension_level":2,"potions_obtained":[{"floor":1.0,"key":"AttackPotion"},{"floor":3.0,"key":"Block Potion"},{"floor":12.0,"key":"LiquidBronze"},{"floor":14.0,"key":"Poison Potion"},{"floor":18.0,"key":"Poison Potion"},{"floor":19.0,"key":"EntropicBrew"},{"floor":25.0,"key":"SpeedPotion"},{"floor":29.0,"key":"Regen Potion"},{"floor":30.0,"key":"Explosive Potion"},{"floor":33.0,"key":"Explosive Potion"}],"is_trial":false}