{"gold_per_floor":[110,130,55,55,205,245,245,279,279,279,304,340,340,265,265,356,356,369,369,369,22,22],"floor_reached":22,"playtime":582,"items_purged":["Strike_R","Strike_R"],"score":515,"play_id":"8716f04b-4620-4120-92e4-6355faab6140","local_time":"20190125111420","is_ascension_mode":true,"campfire_choices":[{"data":"Bash","floor":7,"key":"SMITH"},{"floor":10,"key":"REST"},{"floor":15,"key":"REST"}],"neow_cost":"NONE","seed_source_timestamp":643740250932799,"circlet_count":0,"master_deck":["AscendersBane","Strike_R","Defend_R","Defend_R","Defend_R","Defend_R","Bash+1","Headbutt","Injury","Doubt","Sever Soul+1","Feel No Pain","Demon Form","Dark Embrace","Doubt","Clumsy","Injury","Warcry","Shame"],"relics":["Burning Blood","NeowsBlessing","Golden Idol","Molten Egg 2","Gremlin Horn","Darkstone Periapt","Nunchaku","Calling Bell","Bag of Marbles","Letter Opener","FossilizedHelix","Ancient Tea Set","Blue Candle"],"potions_floor_usage":[12,16,16],"damage_taken":[{"damage":0,"enemies":"Cultist","floor":1,"turns":1},{"damage":0,"enemies":"2 Louse","floor":2,"turns":2},{"damage":0,"enemies":"3 Sentries","floor":6,"turns":2},{"damage":56,"enemies":"Lagavulin","floor":8,"turns":7},{"damage":9,"enemies":"Jaw Worm","floor":11,"turns":4},{"damage":21,"enemies":"3 Sentries","floor":12,"turns":6},{"damage":35,"enemies":"Hexaghost","floor":16,"turns":10},{"damage":56,"enemies":"2 Thieves","floor":18,"turns":5},{"damage":36,"enemies":"Shell Parasite","floor":22,"turns":3}],"seed_played":"7628698233272161301","potions_obtained":[{"floor":8,"key":"GamblersBrew"},{"floor":11,"key":"PowerPotion"},{"floor":12,"key":"Dexterity Potion"}],"is_trial":false,"path_per_floor":["M","M","$","?","?","E","R","E","T","R","M","E","?","?","R","B",null,"M","?","?","$","M"],"character_chosen":"IRONCLAD","items_purchased":["Blue Candle"],"campfire_rested":2,"item_purchase_floors":[21],"current_hp_per_floor":[74,75,75,75,75,75,75,25,25,47,44,29,22,22,44,15,78,28,34,34,34,0],"gold":22,"neow_bonus":"THREE_ENEMY_KILL","is_prod":false,"is_daily":false,"chose_seed":false,"campfire_upgraded":1,"win_rate":0,"timestamp":1548432860,"path_taken":["M","M","$","?","?","E","R","E","T","R","M","E","?","?","R","BOSS","M","?","?","$","?"],"build_version":"2019-01-23","purchased_purges":2,"victory":false,"max_hp_per_floor":[75,75,75,75,75,75,75,75,75,75,75,75,75,75,75,75,93,93,99,99,99,99],"card_choices":[{"not_picked":["Sword Boomerang","Infernal Blade","Cleave"],"picked":"SKIP","floor":1},{"not_picked":["Clothesline","Thunderclap"],"picked":"Headbutt","floor":2},{"not_picked":["Clothesline","Shrug It Off"],"picked":"Sever Soul","floor":6},{"not_picked":["Battle Trance","Heavy Blade+1"],"picked":"Feel No Pain","floor":8},{"not_picked":["Armaments","Sword Boomerang+1","Carnage+1"],"picked":"SKIP","floor":11},{"not_picked":["Havoc","Heavy Blade+1"],"picked":"Demon Form","floor":12},{"not_picked":["Brutality","Feed+1"],"picked":"Dark Embrace","floor":16},{"not_picked":["Pommel Strike+1","Heavy Blade+1"],"picked":"Warcry","floor":18}],"player_experience":436942,"relics_obtained":[{"floor":6,"key":"Molten Egg 2"},{"floor":8,"key":"Gremlin Horn"},{"floor":9,"key":"Darkstone Periapt"},{"floor":12,"key":"Nunchaku"},{"floor":17,"key":"Bag of Marbles"},{"floor":17,"key":"Letter Opener"},{"floor":17,"key":"FossilizedHelix"}],"event_choices":[{"damage_healed":0,"gold_gain":0,"player_choice":"Take Wound","damage_taken":0,"relics_obtained":["Golden Idol"],"max_hp_gain":0,"max_hp_loss":0,"event_name":"Golden Idol","floor":4,"gold_loss":0,"cards_obtained":["Injury"]},{"damage_healed":0,"gold_gain":150,"player_choice":"AGREE","damage_taken":0,"max_hp_gain":0,"max_hp_loss":0,"event_name":"Liars Game","floor":5,"gold_loss":0,"cards_obtained":["Doubt"]},{"cards_removed":["Strike_R"],"damage_healed":0,"gold_gain":0,"player_choice":"Card Removal","damage_taken":7,"max_hp_gain":0,"max_hp_loss":0,"event_name":"Golden Wing","floor":13,"gold_loss":0},{"cards_removed":["Strike_R"],"damage_healed":0,"gold_gain":0,"player_choice":"Card Removal","damage_taken":0,"max_hp_gain":0,"max_hp_loss":0,"event_name":"The Cleric","floor":14,"gold_loss":75},{"damage_healed":0,"gold_gain":0,"player_choice":"Stole Relic","damage_taken":0,"relics_obtained":["Ancient Tea Set"],"max_hp_gain":0,"max_hp_loss":0,"event_name":"Addict","floor":19,"gold_loss":0,"cards_obtained":["Shame"]},{"damage_healed":0,"gold_gain":0,"player_choice":"Leave","damage_taken":0,"max_hp_gain":0,"max_hp_loss":0,"event_name":"FaceTrader","floor":20,"gold_loss":0}],"is_beta":false,"boss_relics":[{"not_picked":["Orrery","Coffee Dripper"],"picked":"Calling Bell"}],"items_purged_floors":[3,21],"is_endless":false,"potions_floor_spawned":[8,11,12],"killed_by":"Shell Parasite","ascension_level":15}