{"gold_per_floor":[119,119,131,81,81,81,96,116,170,170,181,193,143,154,154,252,252,224,224,234,253,63,63,63,63,63,78,98,127,226,243,243,346,346,360,380,29,46,46,46,46,46,46,46,61,76,92,92,92,92],"floor_reached":50,"playtime":4670,"items_purged":["Defend_B","Defend_B","Defend_B"],"score":481,"play_id":"64f4f42d-d547-4b12-90e4-417549d2f92b","local_time":"20180907212742","is_ascension_mode":true,"campfire_choices":[{"data":"Zap","floor":6,"key":"SMITH"},{"data":"Dualcast","floor":10,"key":"SMITH"},{"floor":15,"key":"REST"},{"data":"Double Energy","floor":23,"key":"SMITH"},{"data":"Go for the Eyes","floor":25,"key":"SMITH"},{"data":"Streamline","floor":32,"key":"SMITH"},{"data":"1","floor":40,"key":"LIFT"},{"data":"2","floor":42,"key":"LIFT"},{"data":"3","floor":44,"key":"LIFT"},{"floor":49,"key":"REST"}],"neow_cost":"NONE","seed_source_timestamp":140390336076940,"circlet_count":0,"master_deck":["Strike_B","Strike_B+1","Defend_B+1","Zap+1","Dualcast+1","Coolheaded","Double Energy+1","FTL","Go for the Eyes+1","Leap","Chill","Leap","Sweeping Beam","Self Repair","Flash of Steel","Streamline+1","Beam Cell","Go for the Eyes+1","Defragment","Streamline"],"relics":["Cracked Core","Smiling Mask","Ancient Tea Set","Busted Crown","Nilry\u0027s Codex","Blood Vial","Bag of Preparation","Inserter","Girya","Prayer Wheel","Bottled Lightning","Cables"],"potions_floor_usage":[21,27,33,33,33,36,45,46,50],"damage_taken":[{"damage":1,"enemies":"2 Louse","floor":1,"turns":2},{"damage":0,"enemies":"Jaw Worm","floor":3,"turns":3},{"damage":1,"enemies":"Small Slimes","floor":7,"turns":3},{"damage":10,"enemies":"Looter","floor":8,"turns":3},{"damage":0,"enemies":"3 Louse","floor":11,"turns":3},{"damage":16,"enemies":"Exordium Thugs","floor":12,"turns":4},{"damage":0,"enemies":"Looter","floor":14,"turns":2},{"damage":21,"enemies":"The Guardian","floor":16,"turns":14},{"damage":4,"enemies":"2 Thieves","floor":18,"turns":5},{"damage":7,"enemies":"Shell Parasite","floor":20,"turns":5},{"damage":5,"enemies":"Centurion and Healer","floor":21,"turns":14},{"damage":10,"enemies":"3 Cultists","floor":27,"turns":5},{"damage":13,"enemies":"Snake Plant","floor":28,"turns":5},{"damage":12,"enemies":"Gremlin Leader","floor":29,"turns":5},{"damage":2,"enemies":"Centurion and Healer","floor":31,"turns":7},{"damage":54,"enemies":"Automaton","floor":33,"turns":11},{"damage":14,"enemies":"3 Shapes","floor":35,"turns":5},{"damage":18,"enemies":"Orb Walker","floor":36,"turns":4},{"damage":52,"enemies":"Reptomancer","floor":38,"turns":11},{"damage":8,"enemies":"Mind Bloom Boss Battle","floor":39,"turns":8},{"damage":5,"enemies":"Maw","floor":45,"turns":7},{"damage":13,"enemies":"Sphere and 2 Shapes","floor":46,"turns":7},{"damage":10,"enemies":"Spire Growth","floor":47,"turns":5},{"damage":69,"enemies":"Time Eater","floor":50,"turns":9}],"seed_played":"2294337398570295245","potions_obtained":[{"floor":3,"key":"FocusPotion"},{"floor":12,"key":"LiquidBronze"},{"floor":14,"key":"Explosive Potion"},{"floor":21,"key":"Ancient Potion"},{"floor":29,"key":"Dexterity Potion"},{"floor":31,"key":"SpeedPotion"},{"floor":35,"key":"SteroidPotion"},{"floor":36,"key":"Fruit Juice"},{"floor":38,"key":"SkillPotion"},{"floor":39,"key":"AttackPotion"}],"is_trial":false,"path_per_floor":["M","?","M","?","?","R","M","M","T","R","M","M","$","M","R","B",null,"M","?","M","M","$","R","?","R","T","M","M","E","?","M","R","B",null,"M","M","$","M","?","R","?","R","T","R","M","M","M","T","R"],"character_chosen":"DEFECT","items_purchased":["Self Repair","Flash of Steel","Girya"],"campfire_rested":2,"item_purchase_floors":[22,22,37],"current_hp_per_floor":[74,59,59,59,64,64,63,53,53,53,53,37,37,37,61,40,80,76,76,69,64,64,64,48,48,48,47,50,47,47,54,54,9,80,73,69,69,26,34,34,34,34,34,34,38,34,33,33,58,0],"gold":92,"neow_bonus":"RANDOM_COMMON_RELIC","is_prod":false,"is_daily":false,"chose_seed":false,"campfire_upgraded":5,"win_rate":0,"timestamp":1536380862,"path_taken":["M","?","M","?","?","R","M","M","T","R","M","M","?","?","R","BOSS","M","?","M","?","$","R","?","R","T","M","?","E","?","M","R","BOSS","M","M","$","M","?","R","?","R","T","R","M","?","M","?","R","BOSS"],"build_version":"2018-09-06","purchased_purges":3,"victory":false,"max_hp_per_floor":[75,75,75,75,80,80,80,80,80,80,80,80,80,80,80,80,80,80,80,80,80,80,80,80,80,80,80,80,80,80,80,80,80,80,80,85,85,85,85,85,85,85,85,85,85,85,85,85,85,85],"card_choices":[{"not_picked":["Conserve Battery","Gash"],"picked":"Coolheaded","floor":1},{"not_picked":["Coolheaded","Streamline"],"picked":"Double Energy","floor":3},{"not_picked":["Sunder","Barrage"],"picked":"FTL","floor":7},{"not_picked":["Aggregate","Rebound"],"picked":"Go for the Eyes","floor":8},{"not_picked":["Reinforced Body","Steam","Tempest"],"picked":"SKIP","floor":11},{"not_picked":["Stack","Hyperbeam"],"picked":"Leap","floor":12},{"not_picked":["Auto Shields","Chaos"],"picked":"Chill","floor":14},{"not_picked":["Rebound"],"picked":"SKIP","floor":18},{"not_picked":[],"picked":"Leap","floor":20},{"not_picked":[],"picked":"Sweeping Beam","floor":21},{"not_picked":[],"picked":"Streamline","floor":27},{"not_picked":["Rebound+1"],"picked":"SKIP","floor":28},{"not_picked":["Chill"],"picked":"SKIP","floor":29},{"not_picked":[],"picked":"Beam Cell","floor":31},{"not_picked":["Ball Lightning+1"],"picked":"SKIP","floor":35},{"not_picked":[],"picked":"Go for the Eyes+1","floor":36},{"not_picked":["Gash"],"picked":"SKIP","floor":38},{"not_picked":[],"picked":"Defragment","floor":39},{"not_picked":["Turbo+1"],"picked":"SKIP","floor":45},{"not_picked":["Steam Power+1"],"picked":"SKIP","floor":45},{"not_picked":["Static Discharge"],"picked":"SKIP","floor":46},{"not_picked":["Hologram"],"picked":"SKIP","floor":46},{"not_picked":[],"picked":"Streamline","floor":47},{"not_picked":["Rip and Tear+1"],"picked":"SKIP","floor":47}],"player_experience":224094,"relics_obtained":[{"floor":9,"key":"Ancient Tea Set"},{"floor":24,"key":"Nilry\u0027s Codex"},{"floor":26,"key":"Blood Vial"},{"floor":29,"key":"Bag of Preparation"},{"floor":39,"key":"Prayer Wheel"},{"floor":43,"key":"Bottled Lightning"},{"floor":48,"key":"Cables"}],"event_choices":[{"event_name":"Shining Light","player_choice":"Entered Light","floor":2,"damage_taken":0},{"event_name":"The Cleric","player_choice":"Card Removal","floor":4,"damage_taken":0},{"event_name":"Big Fish","player_choice":"Donut","floor":5,"damage_taken":0},{"event_name":"Ghosts","player_choice":"Ignored","floor":19,"damage_taken":0},{"event_name":"Cursed Tome","player_choice":"Obtained Book","floor":24,"damage_taken":0},{"event_name":"Nest","player_choice":"Stole From Cult","floor":30,"damage_taken":0},{"event_name":"MindBloom","player_choice":"Fight","floor":39,"damage_taken":0},{"event_name":"Falling","player_choice":"Removed Attack","floor":41,"damage_taken":0}],"is_beta":false,"boss_relics":[{"not_picked":["Calling Bell","Velvet Choker"],"picked":"Busted Crown"},{"not_picked":["Snecko Eye","Astrolabe"],"picked":"Inserter"}],"items_purged_floors":[13,22,37],"is_endless":false,"potions_floor_spawned":[3,12,14,21,29,31,35,36,38,39],"killed_by":"Time Eater","ascension_level":1}