{"gold_per_floor":[365,365,365,380,393,393,419,448,448,15,46,59,9,20,20,94,94,112,129,29,128,128,128,128,128,154,154,168,178,195,222,222,222],"floor_reached":33,"playtime":1484,"items_purged":["Strike_B","Strike_B"],"score":454,"play_id":"e6f71c92-c08e-4875-88b7-3a7bcc0d265c","local_time":"20190203150504","is_ascension_mode":true,"campfire_choices":[{"data":"Chill","floor":6,"key":"SMITH"},{"data":"Defragment","floor":15,"key":"SMITH"},{"floor":23,"key":"REST"},{"data":"Blizzard","floor":25,"key":"SMITH"},{"data":"Redo","floor":27,"key":"SMITH"},{"floor":32,"key":"REST"}],"neow_cost":"PERCENT_DAMAGE","seed_source_timestamp":1434380280742514,"circlet_count":0,"master_deck":["AscendersBane","Defend_B","Defend_B","Defend_B","Defend_B","Zap","Dualcast","Hologram","Blizzard+1","Chill+1","Hologram","Gash","Defragment+1","Redo+1","Defragment","Creative AI","Regret","Decay","Doubt","Defragment","Electrodynamics","Gash","Thunder Strike"],"relics":["Peace Pipe","Odd Mushroom","Gremlin Horn","Lee\u0027s Waffle","Juzu Bracelet","Blue Candle","Calling Bell","Anchor","Ornamental Fan","Du-Vu Doll","Nloth\u0027s Gift","DataDisk","Art of War"],"potions_floor_usage":[11,11,19,31,31],"damage_taken":[{"damage":0,"enemies":"2 Louse","floor":1,"turns":2},{"damage":1,"enemies":"Cultist","floor":4,"turns":3},{"damage":0,"enemies":"Small Slimes","floor":5,"turns":3},{"damage":51,"enemies":"Lagavulin","floor":7,"turns":8},{"damage":10,"enemies":"The Mushroom Lair","floor":8,"turns":3},{"damage":33,"enemies":"3 Sentries","floor":11,"turns":12},{"damage":4,"enemies":"3 Louse","floor":12,"turns":3},{"damage":3,"enemies":"Exordium Thugs","floor":14,"turns":4},{"damage":36,"enemies":"The Guardian","floor":16,"turns":13},{"damage":15,"enemies":"Chosen","floor":18,"turns":6},{"damage":22,"enemies":"3 Byrds","floor":19,"turns":5},{"damage":29,"enemies":"Cultist and Chosen","floor":28,"turns":6},{"damage":5,"enemies":"Shelled Parasite and Fungi","floor":29,"turns":5},{"damage":17,"enemies":"Centurion and Healer","floor":30,"turns":6},{"damage":6,"enemies":"Slavers","floor":31,"turns":6},{"damage":52,"enemies":"Automaton","floor":33,"turns":8}],"seed_played":"3902444381537606087","potions_obtained":[{"floor":4,"key":"GamblersBrew"},{"floor":7,"key":"SpeedPotion"},{"floor":8,"key":"Fire Potion"},{"floor":16,"key":"PowerPotion"},{"floor":18,"key":"EssenceOfSteel"},{"floor":19,"key":"SkillPotion"}],"is_trial":false,"path_per_floor":["M","?","?","M","M","R","E","?","T","$","E","M","?","M","R","B",null,"M","M","$","?","?","R","?","R","T","R","M","M","M","E","R","B"],"character_chosen":"DEFECT","items_purchased":["Lee\u0027s Waffle","Juzu Bracelet"],"campfire_rested":2,"item_purchase_floors":[10,10],"current_hp_per_floor":[50,75,75,74,74,74,23,13,13,82,49,45,45,42,42,6,63,48,26,26,26,26,50,77,77,77,77,48,43,26,20,44,0],"gold":222,"neow_bonus":"TWO_FIFTY_GOLD","is_prod":false,"is_daily":false,"chose_seed":false,"campfire_upgraded":4,"win_rate":0,"timestamp":1549224304,"path_taken":["M","?","?","?","M","R","E","?","T","$","E","M","?","M","R","BOSS","M","M","$","?","?","R","?","R","T","R","M","M","M","E","R","BOSS"],"build_version":"2019-01-23","purchased_purges":2,"victory":false,"max_hp_per_floor":[75,75,75,75,75,75,75,75,75,82,82,82,82,82,82,82,82,82,82,82,82,82,82,82,82,82,82,82,82,82,82,82,82],"card_choices":[{"not_picked":["Redo","Skim"],"picked":"Hologram","floor":1},{"not_picked":["Compile Driver","Fusion"],"picked":"Blizzard","floor":4},{"not_picked":["Gash","Hologram"],"picked":"Chill","floor":5},{"not_picked":["Sunder","Double Energy"],"picked":"Hologram","floor":7},{"not_picked":["Leap","Force Field"],"picked":"Gash","floor":8},{"not_picked":["Auto Shields","Stack"],"picked":"Defragment","floor":11},{"not_picked":["Ball Lightning","Go for the Eyes"],"picked":"Redo","floor":12},{"not_picked":["Hyperbeam","Storm"],"picked":"Defragment","floor":14},{"not_picked":["Electrodynamics","Meteor Strike"],"picked":"Creative AI","floor":16},{"not_picked":["Redo","Barrage"],"picked":"Defragment","floor":18},{"not_picked":["Steam","Leap","Static Discharge"],"picked":"SKIP","floor":19},{"not_picked":["Leap","Coolheaded"],"picked":"Electrodynamics","floor":28},{"not_picked":["Hologram","Beam Cell"],"picked":"Gash","floor":29},{"not_picked":["Leap","Streamline","Chaos"],"picked":"SKIP","floor":30},{"not_picked":["Turbo","Streamline"],"picked":"Thunder Strike","floor":31}],"player_experience":646024,"relics_obtained":[{"floor":7,"key":"Peace Pipe"},{"floor":8,"key":"Odd Mushroom"},{"floor":9,"key":"Gremlin Horn"},{"floor":11,"key":"Blue Candle"},{"floor":17,"key":"Anchor"},{"floor":17,"key":"Ornamental Fan"},{"floor":17,"key":"Du-Vu Doll"},{"floor":26,"key":"DataDisk"},{"floor":31,"key":"Art of War"}],"event_choices":[{"damage_healed":25,"gold_gain":0,"player_choice":"Banana","damage_taken":0,"max_hp_gain":0,"max_hp_loss":0,"event_name":"Big Fish","floor":2,"gold_loss":0},{"cards_removed":["Strike_B"],"damage_healed":0,"gold_gain":0,"player_choice":"Purged","damage_taken":0,"max_hp_gain":0,"max_hp_loss":0,"event_name":"Purifier","floor":3,"gold_loss":0},{"damage_healed":0,"gold_gain":0,"player_choice":"Fought Mushrooms","damage_taken":0,"max_hp_gain":0,"max_hp_loss":0,"event_name":"Mushrooms","floor":8,"gold_loss":0},{"cards_removed":["Strike_B"],"damage_healed":0,"gold_gain":0,"player_choice":"Card Removal","damage_taken":0,"max_hp_gain":0,"max_hp_loss":0,"event_name":"The Cleric","floor":13,"gold_loss":50},{"damage_healed":0,"gold_gain":99,"player_choice":"Stole From Cult","damage_taken":0,"max_hp_gain":0,"max_hp_loss":0,"event_name":"Nest","floor":21,"gold_loss":0},{"damage_healed":0,"gold_gain":0,"player_choice":"Traded Relic","damage_taken":0,"relics_obtained":["Nloth\u0027s Gift"],"max_hp_gain":0,"max_hp_loss":0,"event_name":"N\u0027loth","floor":22,"relics_lost":["Cracked Core"],"gold_loss":0},{"damage_healed":27,"gold_gain":0,"player_choice":"Heal","damage_taken":0,"max_hp_gain":0,"max_hp_loss":0,"event_name":"The Library","floor":24,"gold_loss":0}],"is_beta":false,"boss_relics":[{"not_picked":["Tiny House","Coffee Dripper"],"picked":"Calling Bell"}],"items_purged_floors":[10,20],"is_endless":false,"potions_floor_spawned":[4,7,8,16,18,19,29],"killed_by":"Automaton","ascension_level":13}