{"gold_per_floor":[114,114,132,132,82,113,113,126,174,187,216,216,196,210,210,210],"floor_reached":16,"playtime":540,"items_purged":["Regret"],"score":243,"play_id":"816541cf-edca-414f-b3a3-e9dc79d03b00","local_time":"20190128145603","is_ascension_mode":true,"campfire_choices":[{"data":"Sweeping Beam","floor":7,"key":"SMITH"},{"data":"Rainbow","floor":12,"key":"SMITH"},{"data":"Dualcast","floor":15,"key":"SMITH"}],"neow_cost":"NONE","seed_source_timestamp":366649678062790,"circlet_count":0,"master_deck":["AscendersBane","Strike_B","Strike_B","Strike_B","Strike_B","Defend_B","Defend_B","Defend_B","Defend_B","Zap","Dualcast+1","Compile Driver","FTL","Sweeping Beam+1","Rainbow+1","Barrage","Barrage","Scrape","Beam Cell","Sunder","Coolheaded"],"relics":["Cracked Core","NeowsBlessing","Smiling Mask","Gremlin Horn","Prayer Wheel","Strawberry","Nunchaku"],"potions_floor_usage":[16,16],"damage_taken":[{"damage":0,"enemies":"Small Slimes","floor":1,"turns":1},{"damage":0,"enemies":"Cultist","floor":3,"turns":1},{"damage":0,"enemies":"3 Sentries","floor":6,"turns":1},{"damage":2,"enemies":"Jaw Worm","floor":8,"turns":2},{"damage":11,"enemies":"Large Slime","floor":10,"turns":5},{"damage":32,"enemies":"Gremlin Nob","floor":11,"turns":4},{"damage":6,"enemies":"Blue Slaver","floor":14,"turns":2},{"damage":28,"enemies":"The Guardian","floor":16,"turns":8}],"seed_played":"-5224515020989590835","potions_obtained":[{"floor":1,"key":"Ancient Potion"},{"floor":3,"key":"Dexterity Potion"},{"floor":11,"key":"GamblersBrew"},{"floor":13,"key":"Fruit Juice"}],"is_trial":false,"path_per_floor":["M","?","M","?","$","E","R","M","T","M","E","R","?","M","R","B"],"character_chosen":"DEFECT","items_purchased":[],"campfire_rested":0,"item_purchase_floors":[],"current_hp_per_floor":[64,64,64,64,64,64,64,62,69,58,26,26,26,20,20,0],"gold":210,"neow_bonus":"THREE_ENEMY_KILL","is_prod":false,"is_daily":false,"chose_seed":false,"campfire_upgraded":3,"win_rate":0,"timestamp":1548683763,"path_taken":["M","?","?","?","$","E","R","M","T","M","E","R","?","?","R","BOSS"],"build_version":"2019-01-23","purchased_purges":1,"victory":false,"max_hp_per_floor":[71,71,71,71,71,71,71,71,78,78,78,78,78,78,78,83],"card_choices":[{"not_picked":["Auto Shields","Turbo"],"picked":"Compile Driver","floor":1},{"not_picked":["Consume","Go for the Eyes"],"picked":"FTL","floor":3},{"not_picked":["Undo","Barrage"],"picked":"Sweeping Beam","floor":6},{"not_picked":["Compile Driver","Turbo"],"picked":"Rainbow","floor":8},{"not_picked":["Cold Snap","Conserve Battery"],"picked":"Barrage","floor":8},{"not_picked":["Static Discharge","Steam"],"picked":"Barrage","floor":10},{"not_picked":["Auto Shields","Recycle"],"picked":"Scrape","floor":10},{"not_picked":["Coolheaded","Meteor Strike"],"picked":"Beam Cell","floor":11},{"not_picked":["Sweeping Beam","Reinforced Body"],"picked":"Sunder","floor":14},{"not_picked":["Redo","Static Discharge"],"picked":"Coolheaded","floor":14}],"player_experience":621635,"relics_obtained":[{"floor":2,"key":"Smiling Mask"},{"floor":6,"key":"Prayer Wheel"},{"floor":9,"key":"Strawberry"},{"floor":11,"key":"Nunchaku"}],"event_choices":[{"damage_healed":0,"gold_gain":0,"player_choice":"Relic","damage_taken":0,"max_hp_gain":0,"max_hp_loss":0,"event_name":"Wheel of Change","floor":2,"gold_loss":0},{"damage_healed":0,"gold_gain":0,"player_choice":"Box","damage_taken":0,"relics_obtained":["Gremlin Horn"],"max_hp_gain":0,"max_hp_loss":0,"event_name":"Big Fish","floor":4,"gold_loss":0,"cards_obtained":["Regret"]},{"damage_healed":0,"gold_gain":0,"player_choice":"Bought 1 Potion","damage_taken":0,"max_hp_gain":0,"max_hp_loss":0,"event_name":"The Woman in Blue","floor":13,"gold_loss":0}],"is_beta":false,"boss_relics":[],"items_purged_floors":[5],"is_endless":false,"potions_floor_spawned":[1,3,11,14],"killed_by":"The Guardian","ascension_level":16}