{"gold_per_floor":[366,541,541,541,4,4,104,135,135,155,168,168,68,79,79,158,158,169,179,192,192,202,227,227,33,33,53,68,68,68,68,68,145,145,160,88,0,100,100,100,111,111,136,88,88,88,99,118,118,118],"floor_reached":51,"playtime":2983,"items_purged":["Doubt","Strike_R","Strike_R"],"score":1169,"play_id":"4cc35acc-679a-4d37-b37b-7f35dca3f6b6","local_time":"20190222094336","is_ascension_mode":true,"campfire_choices":[{"floor":6.0,"key":"REST"},{"data":"Apotheosis","floor":12.0,"key":"SMITH"},{"floor":15.0,"key":"REST"},{"floor":24.0,"key":"REST"},{"floor":29.0,"key":"REST"},{"floor":32.0,"key":"REST"},{"data":"Barricade","floor":40,"key":"SMITH"},{"data":"Entrench","floor":42,"key":"SMITH"},{"data":"Impervious","floor":49,"key":"SMITH"}],"neow_cost":"PERCENT_DAMAGE","seed_source_timestamp":0,"circlet_count":0,"master_deck":["AscendersBane","Strike_R+1","Strike_R","Strike_R+1","Defend_R","Defend_R","Defend_R","Defend_R","Bash","Apotheosis+1","Iron Wave","Metallicize","Flame Barrier","Reaper","Inflame+1","Shockwave","Entrench+1","Barricade+1","Necronomicurse","Impervious+1","Rage","Flame Barrier","Madness","Battle Trance+1","Shrug It Off"],"special_seed":0,"relics":["Burning Blood","Art of War","Paper Frog","Turnip","Blue Candle","Lizard Tail","MutagenicStrength","Mercury Hourglass","Question Card","Necronomicon","Bottled Tornado","Velvet Choker","Red Mask","Thread and Needle","Dream Catcher"],"potions_floor_usage":[33,47,50],"damage_taken":[{"damage":1.0,"enemies":"Cultist","floor":1.0,"turns":3.0},{"damage":30.0,"enemies":"3 Sentries","floor":8.0,"turns":9.0},{"damage":0.0,"enemies":"Jaw Worm","floor":10.0,"turns":4.0},{"damage":0.0,"enemies":"2 Louse","floor":11.0,"turns":3.0},{"damage":14.0,"enemies":"Blue Slaver","floor":14.0,"turns":4.0},{"damage":31.0,"enemies":"The Guardian","floor":16.0,"turns":15.0},{"damage":7.0,"enemies":"Shell Parasite","floor":18.0,"turns":10.0},{"damage":8.0,"enemies":"Chosen","floor":19.0,"turns":8.0},{"damage":21.0,"enemies":"Centurion and Healer","floor":20.0,"turns":10.0},{"damage":53.0,"enemies":"3 Cultists","floor":22.0,"turns":9.0},{"damage":67.0,"enemies":"Gremlin Leader","floor":23.0,"turns":10.0},{"damage":31.0,"enemies":"Snake Plant","floor":27.0,"turns":5.0},{"damage":21.0,"enemies":"Centurion and Healer","floor":28.0,"turns":9.0},{"damage":0,"enemies":"Automaton","floor":33,"turns":24},{"damage":27,"enemies":"3 Shapes","floor":35,"turns":6},{"damage":0,"enemies":"Mind Bloom Boss Battle","floor":38,"turns":9},{"damage":20,"enemies":"3 Darklings","floor":41,"turns":7},{"damage":4,"enemies":"4 Shapes","floor":47,"turns":5},{"damage":0,"enemies":"Maw","floor":48,"turns":9},{"damage":16,"enemies":"Donu and Deca","floor":50,"turns":13}],"seed_played":"-6058195721332538729","potions_obtained":[{"floor":1.0,"key":"Dexterity Potion"},{"floor":16.0,"key":"LiquidBronze"},{"floor":23.0,"key":"Fire Potion"},{"floor":28.0,"key":"SkillPotion"},{"floor":33,"key":"PowerPotion"},{"floor":47,"key":"Fire Potion"}],"is_trial":false,"path_per_floor":["M","?","?","?","$","R","?","E","T","M","M","R","$","M","R","B",null,"M","M","M","?","M","E","R","$","T","M","M","R","?","T","R","B",null,"M","$","?","?","?","R","M","R","T","$","?","?","M","M","R","B",null],"character_chosen":"IRONCLAD","items_purchased":["Apotheosis","Paper Frog","Iron Wave","Entrench","Rage","Shrug It Off"],"campfire_rested":5,"item_purchase_floors":[5,5,5,25,36,44],"current_hp_per_floor":[56,56,49,33,33,57,57,33,33,39,45,45,45,37,61,36,69,73,77,78,78,39,33,57,57,57,32,25,49,33,33,57,77,79,77,77,77,80,70,70,67,67,67,67,67,67,80,80,80,80],"gold":118,"neow_bonus":"TWO_FIFTY_GOLD","is_prod":false,"is_daily":false,"chose_seed":false,"campfire_upgraded":4,"win_rate":0,"timestamp":1550857416,"path_taken":["M","?","?","?","?","R","?","E","T","M","M","R","$","M","R","BOSS","M","M","?","?","M","E","R","$","T","M","M","R","?","?","R","BOSS","M","$","?","?","?","R","?","R","T","$","?","?","M","M","R","BOSS"],"build_version":"2019-01-23","purchased_purges":3,"victory":true,"max_hp_per_floor":[80,80,80,80,80,80,80,80,80,80,80,80,80,80,80,80,80,80,80,80,80,80,80,80,80,80,80,80,80,80,80,80,80,80,80,80,80,80,80,80,80,80,80,80,80,80,80,80,80,80],"card_choices":[{"not_picked":["Pummel","Perfected Strike","Warcry"],"picked":"SKIP","floor":1.0},{"not_picked":["Shockwave","Reckless Charge"],"picked":"Metallicize","floor":8.0},{"not_picked":["Perfected Strike","Havoc","Warcry"],"picked":"SKIP","floor":10.0},{"not_picked":["Shockwave","Clash"],"picked":"Flame Barrier","floor":11.0},{"not_picked":["Sever Soul","Burning Pact","Sword Boomerang"],"picked":"SKIP","floor":14.0},{"not_picked":["Berserk","Double Tap"],"picked":"Reaper","floor":16.0},{"not_picked":["Armaments","Entrench"],"picked":"Inflame+1","floor":18.0},{"not_picked":["Armaments","Burning Pact"],"picked":"Shockwave","floor":19.0},{"not_picked":["Blood for Blood","Havoc","Thunderclap+1"],"picked":"SKIP","floor":20.0},{"not_picked":["Combust","Flex+1","Ghostly Armor"],"picked":"SKIP","floor":22.0},{"not_picked":["Clash","Iron Wave","Perfected Strike"],"picked":"SKIP","floor":23.0},{"not_picked":["Pommel Strike","Armaments","Evolve"],"picked":"Barricade","floor":27.0},{"not_picked":["Sword Boomerang+1","Flex","Sever Soul","Second Wind"],"picked":"SKIP","floor":28.0},{"not_picked":["Feed","Barricade","Dark Embrace"],"picked":"Impervious","floor":33},{"not_picked":["Combust","Anger+1","Spot Weakness","Perfected Strike"],"picked":"SKIP","floor":35},{"not_picked":["Cleave+1","Warcry","Clothesline"],"picked":"Flame Barrier","floor":38},{"not_picked":["Clash+1","Pummel","Warcry+1"],"picked":"Battle Trance+1","floor":41},{"not_picked":["Bloodletting","Armaments","Clothesline","Dropkick"],"picked":"SKIP","floor":47},{"not_picked":["Sentinel","Clothesline","Thunderclap","Second Wind+1"],"picked":"SKIP","floor":48}],"player_experience":466180,"relics_obtained":[{"floor":8.0,"key":"Turnip"},{"floor":9.0,"key":"Blue Candle"},{"floor":23.0,"key":"Mercury Hourglass"},{"floor":26.0,"key":"Question Card"},{"floor":30.0,"key":"Necronomicon"},{"floor":31.0,"key":"Bottled Tornado"},{"floor":38,"key":"Thread and Needle"},{"floor":43,"key":"Dream Catcher"}],"event_choices":[{"damage_healed":0.0,"max_hp_gain":0.0,"max_hp_loss":0.0,"gold_gain":175.0,"event_name":"Liars Game","player_choice":"AGREE","floor":2.0,"gold_loss":0.0,"damage_taken":0.0,"cards_obtained":["Doubt"]},{"damage_healed":0.0,"max_hp_gain":0.0,"max_hp_loss":0.0,"gold_gain":0.0,"event_name":"Scrap Ooze","player_choice":"Success","floor":3.0,"gold_loss":0.0,"damage_taken":7.0,"relics_obtained":["Art of War"]},{"damage_healed":0.0,"max_hp_gain":0.0,"max_hp_loss":0.0,"gold_gain":0.0,"event_name":"Shining Light","player_choice":"Entered Light","floor":4.0,"gold_loss":0.0,"damage_taken":16.0,"cards_upgraded":["Strike_R","Strike_R"]},{"damage_healed":0.0,"max_hp_gain":0.0,"max_hp_loss":0.0,"gold_gain":100.0,"event_name":"Golden Shrine","player_choice":"Pray","floor":7.0,"gold_loss":0.0,"damage_taken":0.0},{"damage_healed":0.0,"max_hp_gain":0.0,"max_hp_loss":0.0,"gold_gain":0.0,"event_name":"Drug Dealer","player_choice":"Inject Mutagens","floor":21.0,"gold_loss":0.0,"damage_taken":0.0,"relics_obtained":["MutagenicStrength"]},{"damage_healed":0.0,"max_hp_gain":0.0,"max_hp_loss":0.0,"gold_gain":0.0,"event_name":"Cursed Tome","player_choice":"Obtained Book","floor":30.0,"gold_loss":0.0,"damage_taken":16.0},{"damage_healed":0,"gold_gain":0,"player_choice":"Paid","damage_taken":0,"relics_obtained":["Red Mask"],"max_hp_gain":0,"max_hp_loss":0,"event_name":"Tomb of Lord Red Mask","floor":37,"gold_loss":88},{"damage_healed":0,"gold_gain":0,"player_choice":"Fight","damage_taken":0,"max_hp_gain":0,"max_hp_loss":0,"event_name":"MindBloom","floor":38,"gold_loss":0},{"damage_healed":0,"gold_gain":0,"player_choice":"Embrace Madness","damage_taken":10,"max_hp_gain":0,"max_hp_loss":0,"event_name":"Winding Halls","floor":39,"gold_loss":0,"cards_obtained":["Madness","Madness"]},{"damage_healed":0,"gold_gain":0,"player_choice":"Memory 1","damage_taken":0,"max_hp_gain":0,"max_hp_loss":0,"event_name":"SensoryStone","floor":45,"gold_loss":0},{"cards_removed":["Madness"],"damage_healed":0,"gold_gain":0,"player_choice":"Removed Skill","damage_taken":0,"max_hp_gain":0,"max_hp_loss":0,"event_name":"Falling","floor":46,"gold_loss":0}],"is_beta":false,"boss_relics":[{"not_picked":["Snecko Eye","Pandora\u0027s Box"],"picked":"Lizard Tail"},{"not_picked":["Fusion Hammer","Mark of Pain"],"picked":"Velvet Choker"}],"items_purged_floors":[5,13,25],"is_endless":false,"potions_floor_spawned":[1,16,19,23,28,33,35,41,47],"ascension_level":13}