{"gold_per_floor":[112,122,197,217,142,142,152,213,213,113,113,213,213,231,231,231],"floor_reached":16,"playtime":486,"items_purged":["Strike_R","Strike_R"],"score":100,"play_id":"1cbdacdd-43e7-438a-a292-e85da264e604","local_time":"20190211153017","is_ascension_mode":false,"campfire_choices":[{"data":"Immolate","floor":6,"key":"SMITH"},{"floor":13,"key":"REST"},{"data":"Dual Wield","floor":15,"key":"SMITH"}],"neow_cost":"TEN_PERCENT_HP_LOSS","seed_source_timestamp":2128136267319915,"circlet_count":0,"master_deck":["Strike_R","Strike_R","Defend_R","Defend_R","Defend_R","Defend_R","Bash","Immolate+1","Dual Wield+1"],"relics":["Burning Blood","Tiny Chest","Blue Candle"],"potions_floor_usage":[8],"damage_taken":[{"damage":0,"enemies":"Small Slimes","floor":1,"turns":2},{"damage":6,"enemies":"Cultist","floor":2,"turns":3},{"damage":6,"enemies":"Jaw Worm","floor":4,"turns":3},{"damage":7,"enemies":"Blue Slaver","floor":7,"turns":2},{"damage":41,"enemies":"Gremlin Nob","floor":8,"turns":5},{"damage":0,"enemies":"2 Fungi Beasts","floor":14,"turns":1},{"damage":34,"enemies":"The Guardian","floor":16,"turns":7}],"seed_played":"-4218149457853206167","potions_obtained":[{"floor":1,"key":"Explosive Potion"},{"floor":4,"key":"Ancient Potion"}],"is_trial":false,"path_per_floor":["M","M","?","M","$","R","M","E","T","$","?","?","R","M","R","B"],"character_chosen":"IRONCLAD","items_purchased":[],"campfire_rested":1,"item_purchase_floors":[],"current_hp_per_floor":[72,72,61,61,61,61,60,25,25,25,18,18,39,45,45,11],"gold":231,"neow_bonus":"THREE_RARE_CARDS","is_prod":false,"is_daily":false,"chose_seed":false,"campfire_upgraded":2,"win_rate":0,"timestamp":1549917017,"path_taken":["M","M","?","M","$","R","M","E","T","$","?","?","R","M","R","BOSS"],"build_version":"2019-01-23","purchased_purges":2,"victory":false,"max_hp_per_floor":[72,72,72,72,72,72,72,72,72,72,72,72,72,72,72,72],"card_choices":[{"not_picked":["Feed","Brutality"],"picked":"Immolate","floor":0},{"not_picked":["Disarm","Havoc","Heavy Blade"],"picked":"SKIP","floor":1},{"not_picked":["Perfected Strike","Ghostly Armor","Iron Wave"],"picked":"SKIP","floor":2},{"not_picked":["Flex","Fire Breathing"],"picked":"Dual Wield","floor":4},{"not_picked":["Anger","Second Wind","Entrench"],"picked":"SKIP","floor":7},{"not_picked":["Thunderclap","Cleave","Armaments"],"picked":"SKIP","floor":8},{"not_picked":["Rampage","Ghostly Armor","Twin Strike"],"picked":"SKIP","floor":14}],"player_experience":738482,"relics_obtained":[{"floor":8,"key":"Tiny Chest"},{"floor":9,"key":"Blue Candle"}],"event_choices":[{"damage_healed":0,"gold_gain":75,"player_choice":"Gather Gold","damage_taken":11,"max_hp_gain":0,"max_hp_loss":0,"event_name":"World of Goop","floor":3,"gold_loss":0},{"cards_removed":["Strike_R"],"damage_healed":0,"gold_gain":0,"player_choice":"Card Removal","damage_taken":7,"max_hp_gain":0,"max_hp_loss":0,"event_name":"Golden Wing","floor":11,"gold_loss":0},{"damage_healed":0,"gold_gain":100,"player_choice":"Pray","damage_taken":0,"max_hp_gain":0,"max_hp_loss":0,"event_name":"Golden Shrine","floor":12,"gold_loss":0}],"is_beta":false,"boss_relics":[],"items_purged_floors":[5,10],"is_endless":false,"potions_floor_spawned":[1,4],"killed_by":"The Guardian","ascension_level":0}