{"gold_per_floor":[111,111,128,142,142,142,155,155,155,155,181,181,27,42,42,42],"floor_reached":16,"playtime":245,"items_purged":[],"score":164,"play_id":"21668156-9aee-435a-a012-5ee0bc891ddc","local_time":"20190224170226","is_ascension_mode":true,"campfire_choices":[{"data":"Zap","floor":6,"key":"SMITH"},{"data":"Dualcast","floor":8,"key":"SMITH"},{"floor":10,"key":"REST"},{"floor":12,"key":"REST"},{"floor":15,"key":"REST"}],"neow_cost":"CURSE","seed_source_timestamp":102267724608080,"circlet_count":0,"master_deck":["AscendersBane","Strike_B","Strike_B","Strike_B","Strike_B","Defend_B","Defend_B","Defend_B","Defend_B","Zap+1","Dualcast+1","Cold Snap","Consume"],"relics":["Cracked Core","Du-Vu Doll","Spirit Poop","Molten Egg 2","Letter Opener","Ancient Tea Set"],"potions_floor_usage":[],"damage_taken":[{"damage":1,"enemies":"Cultist","floor":1,"turns":3},{"damage":10,"enemies":"Jaw Worm","floor":3,"turns":3},{"damage":8,"enemies":"2 Louse","floor":4,"turns":2},{"damage":10,"enemies":"Looter","floor":7,"turns":3},{"damage":40,"enemies":"Gremlin Nob","floor":11,"turns":5},{"damage":7,"enemies":"Red Slaver","floor":14,"turns":3},{"damage":0,"enemies":"Hexaghost","floor":16,"turns":1}],"seed_played":"906806504103288828","potions_obtained":[{"floor":1,"key":"Dexterity Potion"}],"is_trial":false,"path_per_floor":["M","?","M","M","$","R","M","R","T","R","E","R","$","M","R","B"],"character_chosen":"DEFECT","items_purchased":["Ancient Tea Set"],"campfire_rested":3,"item_purchase_floors":[13],"current_hp_per_floor":[67,67,57,49,49,49,39,39,39,61,21,43,43,36,58,58],"gold":42,"neow_bonus":"ONE_RARE_RELIC","is_prod":false,"is_daily":false,"chose_seed":false,"campfire_upgraded":2,"win_rate":0,"timestamp":1551056546,"path_taken":["M","?","M","M","?","R","M","R","T","R","E","R","$","?","R","BOSS"],"build_version":"2019-01-23","purchased_purges":0,"victory":false,"max_hp_per_floor":[75,75,75,75,75,75,75,75,75,75,75,75,75,75,75,75],"card_choices":[{"not_picked":["Rebound","Stack"],"picked":"Cold Snap","floor":1},{"not_picked":["Hologram","Rebound","Auto Shields"],"picked":"SKIP","floor":3},{"not_picked":["Redo","Storm","Barrage"],"picked":"SKIP","floor":4},{"not_picked":["Stack","Loop"],"picked":"Consume","floor":7},{"not_picked":["Rebound+1","Turbo","Rip and Tear+1"],"picked":"SKIP","floor":11},{"not_picked":["Multi-Cast","Compile Driver+1","Sweeping Beam+1"],"picked":"SKIP","floor":14}],"player_experience":502591,"relics_obtained":[{"floor":9,"key":"Molten Egg 2"},{"floor":11,"key":"Letter Opener"}],"event_choices":[{"cards_removed":["Injury"],"damage_healed":0,"gold_gain":0,"player_choice":"Offered Curse","damage_taken":0,"relics_obtained":["Spirit Poop"],"max_hp_gain":0,"max_hp_loss":0,"event_name":"Bonfire Elementals","floor":2,"gold_loss":0}],"is_beta":false,"boss_relics":[],"items_purged_floors":[],"is_endless":false,"potions_floor_spawned":[1],"killed_by":"Hexaghost","ascension_level":13}