{"gold_per_floor":[115,115,390,400,419,419,87,87,87,87,116,132,132,132,132,228,228,244,255,272,272,272,272,290,300,300,0,12,12,12],"floor_reached":30,"playtime":868,"items_purged":["Regret"],"score":255,"play_id":"95510a86-c3b1-49a6-9cc8-fae1983f04ec","local_time":"20190208095723","is_ascension_mode":false,"campfire_choices":[{"data":"Clothesline","floor":6,"key":"SMITH"},{"data":"Combust","floor":8,"key":"SMITH"},{"data":"Inflame","floor":10,"key":"SMITH"},{"data":"Blood for Blood","floor":15,"key":"SMITH"},{"data":"Bludgeon","floor":23,"key":"SMITH"},{"floor":29,"key":"REST"}],"neow_cost":"NONE","seed_source_timestamp":1848572535007978,"circlet_count":0,"master_deck":["Strike_R","Strike_R","Strike_R","Strike_R","Strike_R","Defend_R","Defend_R","Defend_R","Defend_R","Bash","Clothesline+1","Havoc","Combust+1","Mayhem","Inflame+1","Headbutt","Blood for Blood+1","Bludgeon+1","Havoc+1","Ghostly Armor","Ghostly","Ghostly","Ghostly","Ghostly","Ghostly","Carnage","Blood for Blood+1","Havoc+1"],"relics":["Philosopher\u0027s Stone"],"potions_floor_usage":[11,16,24,28],"damage_taken":[{"damage":2,"enemies":"Jaw Worm","floor":1,"turns":3},{"damage":11,"enemies":"Small Slimes","floor":4,"turns":3},{"damage":0,"enemies":"Cultist","floor":5,"turns":2},{"damage":28,"enemies":"Gremlin Nob","floor":11,"turns":4},{"damage":2,"enemies":"2 Fungi Beasts","floor":12,"turns":3},{"damage":31,"enemies":"Hexaghost","floor":16,"turns":8},{"damage":9,"enemies":"Chosen","floor":18,"turns":3},{"damage":34,"enemies":"2 Thieves","floor":19,"turns":3},{"damage":14,"enemies":"3 Cultists","floor":20,"turns":4},{"damage":2,"enemies":"Centurion and Healer","floor":24,"turns":4},{"damage":6,"enemies":"Chosen and Byrds","floor":25,"turns":4},{"damage":1,"enemies":"Snecko","floor":28,"turns":3}],"seed_played":"7429026086331011264","potions_obtained":[{"floor":5,"key":"FearPotion"},{"floor":12,"key":"Dexterity Potion"},{"floor":18,"key":"PowerPotion"},{"floor":19,"key":"Weak Potion"}],"is_trial":false,"path_per_floor":["M","?","?","M","M","R","$","R","T","R","E","M","?","T","R","B",null,"M","M","M","?","?","R","M","M","T","?","M","R","?"],"character_chosen":"IRONCLAD","items_purchased":["Mayhem","Inflame"],"campfire_rested":1,"item_purchase_floors":[7,7],"current_hp_per_floor":[78,83,83,72,72,72,72,72,72,72,44,42,42,42,42,11,85,76,42,28,12,12,12,10,4,4,4,3,16,0],"gold":12,"neow_bonus":"BOSS_RELIC","is_prod":false,"is_daily":false,"chose_seed":false,"campfire_upgraded":5,"win_rate":0,"timestamp":1549637843,"path_taken":["M","?","?","M","M","R","$","R","T","R","E","?","?","?","R","BOSS","M","M","M","?","?","R","M","M","T","?","M","R","?"],"build_version":"2019-01-23","purchased_purges":1,"victory":false,"max_hp_per_floor":[80,85,85,85,85,85,85,85,85,85,85,85,85,85,85,85,85,85,85,85,90,45,45,45,45,45,45,45,45,45],"card_choices":[{"not_picked":["Heavy Blade","Battle Trance"],"picked":"Clothesline","floor":1},{"not_picked":["Rage","Infernal Blade"],"picked":"Havoc","floor":4},{"not_picked":["Rampage","Twin Strike"],"picked":"Combust","floor":5},{"not_picked":["Cleave","Thunderclap"],"picked":"Headbutt","floor":11},{"not_picked":["Pommel Strike","Entrench"],"picked":"Blood for Blood","floor":12},{"not_picked":["Feed","Berserk"],"picked":"Bludgeon","floor":16},{"not_picked":["Sentinel","Armaments"],"picked":"Havoc+1","floor":18},{"not_picked":["Shrug It Off","Armaments+1"],"picked":"Ghostly Armor","floor":19},{"not_picked":["Perfected Strike","Infernal Blade","Dropkick"],"picked":"SKIP","floor":20},{"not_picked":["Flame Barrier","Disarm+1"],"picked":"Carnage","floor":24},{"not_picked":["Cleave+1","Flame Barrier"],"picked":"Blood for Blood+1","floor":25},{"not_picked":["Anger","Thunderclap"],"picked":"Havoc+1","floor":28}],"player_experience":698207,"relics_obtained":[],"event_choices":[{"damage_healed":0,"gold_gain":0,"player_choice":"Donut","damage_taken":0,"max_hp_gain":5,"max_hp_loss":0,"event_name":"Big Fish","floor":2,"gold_loss":0},{"damage_healed":0,"gold_gain":275,"player_choice":"Desecrate","damage_taken":0,"max_hp_gain":0,"max_hp_loss":0,"event_name":"Golden Shrine","floor":3,"gold_loss":0,"cards_obtained":["Regret"]},{"damage_healed":0,"gold_gain":0,"player_choice":"Ignored","damage_taken":0,"max_hp_gain":0,"max_hp_loss":0,"event_name":"Golden Idol","floor":13,"gold_loss":0},{"damage_healed":0,"gold_gain":0,"player_choice":"Shed Blood","damage_taken":21,"max_hp_gain":5,"max_hp_loss":0,"event_name":"Forgotten Altar","floor":21,"gold_loss":0},{"damage_healed":0,"gold_gain":0,"player_choice":"Became a Ghost","damage_taken":0,"max_hp_gain":0,"max_hp_loss":45,"event_name":"Ghosts","floor":22,"gold_loss":0,"cards_obtained":["Ghostly","Ghostly","Ghostly","Ghostly","Ghostly"]},{"damage_healed":0,"gold_gain":0,"player_choice":"Paid Fearfully","damage_taken":0,"max_hp_gain":0,"max_hp_loss":0,"event_name":"Masked Bandits","floor":27,"gold_loss":300}],"is_beta":false,"boss_relics":[{"not_picked":[]}],"items_purged_floors":[7],"is_endless":false,"potions_floor_spawned":[5,12,18,19],"ascension_level":0}