{"gold_per_floor":[117,3,20,38,38,70,70,97,120,120,133,167,177,77,77,177,177,197,197,197],"floor_reached":20,"playtime":694,"items_purged":["Strike_B","Strike_B"],"score":278,"play_id":"e7454f8b-5866-45dc-a561-d437e913bf07","local_time":"20190207202954","is_ascension_mode":true,"campfire_choices":[{"floor":7,"key":"REST"},{"floor":10,"key":"REST"},{"floor":15,"key":"REST"}],"neow_cost":"NONE","seed_source_timestamp":38953708526307,"circlet_count":0,"master_deck":["Zap","Dualcast","Cold Snap+1","Self Repair","Conserve Battery","Gash","Electrodynamics","Defragment","Amplify","Compile Driver","Echo Form","Capacitor","Rainbow","Stack","Turbo","Ball Lightning"],"relics":["Cracked Core","NeowsBlessing","Strawberry","Art of War","Omamori","Whetstone","Pandora\u0027s Box","SsserpentHead"],"potions_floor_usage":[6,13,16],"damage_taken":[{"damage":0,"enemies":"Cultist","floor":1,"turns":1},{"damage":0,"enemies":"2 Louse","floor":3,"turns":1},{"damage":0,"enemies":"Small Slimes","floor":4,"turns":1},{"damage":38,"enemies":"Gremlin Nob","floor":6,"turns":5},{"damage":46,"enemies":"Lagavulin","floor":8,"turns":7},{"damage":26,"enemies":"Exordium Thugs","floor":11,"turns":4},{"damage":29,"enemies":"3 Sentries","floor":12,"turns":5},{"damage":10,"enemies":"Red Slaver","floor":13,"turns":3},{"damage":26,"enemies":"Hexaghost","floor":16,"turns":10},{"damage":45,"enemies":"2 Thieves","floor":18,"turns":4},{"damage":21,"enemies":"Chosen","floor":20,"turns":4}],"seed_played":"8728981526636284194","potions_obtained":[{"floor":3,"key":"Poison Potion"},{"floor":4,"key":"Energy Potion"},{"floor":11,"key":"Ancient Potion"},{"floor":12,"key":"Poison Potion"}],"is_trial":false,"path_per_floor":["M","$","M","M","$","E","R","E","T","R","M","E","M","$","R","B",null,"M","?","M"],"character_chosen":"DEFECT","items_purchased":["Self Repair"],"campfire_rested":3,"item_purchase_floors":[2],"current_hp_per_floor":[68,68,75,75,75,51,75,36,36,60,34,12,9,9,33,14,65,20,20,0],"gold":197,"neow_bonus":"THREE_ENEMY_KILL","is_prod":false,"is_daily":false,"chose_seed":false,"campfire_upgraded":0,"win_rate":0,"timestamp":1549538994,"path_taken":["M","$","?","M","?","E","R","E","T","R","M","E","M","$","R","BOSS","M","?","M"],"build_version":"2019-01-23","purchased_purges":2,"victory":false,"max_hp_per_floor":[75,75,75,75,75,82,82,82,82,82,82,82,82,82,82,82,82,82,82,82],"card_choices":[{"not_picked":["Ball Lightning","Rebound"],"picked":"Cold Snap","floor":1},{"not_picked":["Double Energy","Stack"],"picked":"Conserve Battery","floor":3},{"not_picked":["Undo","Blizzard","Cold Snap"],"picked":"SKIP","floor":4},{"not_picked":["Steam Power","Chaos"],"picked":"Gash","floor":6},{"not_picked":["Barrage","Seek"],"picked":"Electrodynamics","floor":8},{"not_picked":["Conserve Battery","Streamline","Cold Snap"],"picked":"SKIP","floor":11},{"not_picked":["Rebound","Ball Lightning"],"picked":"Defragment","floor":12},{"not_picked":["Streamline","Compile Driver","Coolheaded"],"picked":"SKIP","floor":13},{"not_picked":["Core Surge","Fission"],"picked":"Amplify","floor":16},{"not_picked":["Beam Cell","Streamline"],"picked":"Ball Lightning","floor":18}],"player_experience":285641,"relics_obtained":[{"floor":6,"key":"Strawberry"},{"floor":8,"key":"Art of War"},{"floor":9,"key":"Omamori"},{"floor":12,"key":"Whetstone"}],"event_choices":[{"damage_healed":0,"gold_gain":0,"player_choice":"Trade","damage_taken":0,"relics_obtained":["SsserpentHead"],"max_hp_gain":0,"max_hp_loss":0,"event_name":"FaceTrader","floor":19,"gold_loss":0}],"is_beta":false,"boss_relics":[{"not_picked":["Astrolabe","Fusion Hammer"],"picked":"Pandora\u0027s Box"}],"items_purged_floors":[2,14],"is_endless":false,"potions_floor_spawned":[3,4,11,12],"killed_by":"Chosen","ascension_level":9}