{"gold_per_floor":[113,132,132,307,257,286,286,286,286,286,304,304,149,187,187,280,280,301,53,73,73,112,112,112,112,112,112,37,56,56,95,95,186,186,200,216,216,234,52,52,52,52,75,200,200,7,40,59,59,59],"floor_reached":51,"playtime":2260,"items_purged":["Strike_G","Defend_G","Strike_G"],"score":1324,"play_id":"16a9050e-f768-4c70-a756-0e3c9b862831","local_time":"20190224220605","is_ascension_mode":true,"campfire_choices":[{"data":"Neutralize","floor":7.0,"key":"SMITH"},{"floor":12.0,"key":"REST"},{"data":"Terror","floor":15.0,"key":"SMITH"},{"data":"Cloak And Dagger","floor":23.0,"key":"SMITH"},{"floor":25.0,"key":"REST"},{"data":"Survivor","floor":27.0,"key":"SMITH"},{"data":"Strike_G","floor":30.0,"key":"SMITH"},{"floor":32.0,"key":"DIG"},{"floor":40.0,"key":"DIG"},{"floor":42,"key":"DIG"},{"floor":45,"key":"DIG"},{"floor":49,"key":"DIG"}],"neow_cost":"NONE","seed_source_timestamp":114262621973132,"circlet_count":0,"master_deck":["AscendersBane","Defend_G","Defend_G","Defend_G","Strike_G+1","Strike_G","Strike_G+1","Survivor+1","Neutralize+1","Cloak And Dagger+1","Footwork+1","Infinite Blades+1","Terror+1","A Thousand Cuts+1","Cloak And Dagger+1","Cloak And Dagger+1","Backflip+1","Cloak And Dagger+1","Bullet Time+1","Well Laid Plans+1","Madness+1","Madness+1","Footwork+1","Crippling Poison+1"],"special_seed":0,"relics":["Ring of the Snake","NeowsBlessing","Frozen Egg 2","Bag of Marbles","Vajra","Golden Idol","Anchor","WristBlade","Toxic Egg 2","Red Mask","Dream Catcher","Bird Faced Urn","Shovel","FossilizedHelix","Busted Crown","Bronze Scales","Smiling Mask","Boot","Calipers","Molten Egg 2","Pen Nib","Dodecahedron"],"potions_floor_usage":[50],"damage_taken":[{"damage":0.0,"enemies":"Small Slimes","floor":1.0,"turns":1.0},{"damage":0.0,"enemies":"2 Louse","floor":2.0,"turns":1.0},{"damage":0.0,"enemies":"3 Sentries","floor":6.0,"turns":1.0},{"damage":1.0,"enemies":"Jaw Worm","floor":11.0,"turns":3.0},{"damage":0.0,"enemies":"Lagavulin","floor":14.0,"turns":5.0},{"damage":5.0,"enemies":"The Guardian","floor":16.0,"turns":12.0},{"damage":0.0,"enemies":"Shell Parasite","floor":18.0,"turns":4.0},{"damage":12.0,"enemies":"Spheric Guardian","floor":20.0,"turns":4.0},{"damage":9.0,"enemies":"Masked Bandits","floor":22.0,"turns":5.0},{"damage":0.0,"enemies":"Snake Plant","floor":29.0,"turns":4.0},{"damage":22.0,"enemies":"Slavers","floor":31.0,"turns":4.0},{"damage":30.0,"enemies":"Collector","floor":33.0,"turns":9.0},{"damage":0.0,"enemies":"Orb Walker","floor":35.0,"turns":3.0},{"damage":21.0,"enemies":"3 Darklings","floor":36.0,"turns":6.0},{"damage":0.0,"enemies":"Spire Growth","floor":38.0,"turns":4.0},{"damage":0,"enemies":"Mind Bloom Boss Battle","floor":44,"turns":4},{"damage":0,"enemies":"Nemesis","floor":47,"turns":5},{"damage":0,"enemies":"Jaw Worm Horde","floor":48,"turns":2},{"damage":24,"enemies":"Time Eater","floor":50,"turns":9}],"seed_played":"-4835115682041907478","potions_obtained":[{"floor":2.0,"key":"Energy Potion"},{"floor":6.0,"key":"Energy Potion"},{"floor":14.0,"key":"AttackPotion"},{"floor":31.0,"key":"SkillPotion"},{"floor":36.0,"key":"SpeedPotion"},{"floor":38.0,"key":"LiquidBronze"}],"is_trial":false,"path_per_floor":["M","M","?","?","?","E","R","?","T","?","M","R","$","E","R","B",null,"M","$","M","?","?","R","?","R","T","R","$","M","R","E","R","B",null,"M","M","?","M","$","R","?","R","T","?","R","$","E","M","R","B",null],"character_chosen":"THE_SILENT","items_purchased":["Infinite Blades+1","Terror","Toxic Egg 2","Well Laid Plans+1","Footwork+1","Crippling Poison+1"],"campfire_rested":2,"item_purchase_floors":[13,13,19,39,46,46],"current_hp_per_floor":[59,59,56,56,56,56,56,43,43,27,26,45,45,45,45,40,60,60,60,48,48,39,39,39,58,58,58,58,64,64,46,46,22,55,59,44,44,50,50,50,42,42,42,50,50,50,60,66,66,42],"gold":59,"neow_bonus":"THREE_ENEMY_KILL","is_prod":false,"is_daily":false,"chose_seed":false,"campfire_upgraded":5,"win_rate":0,"timestamp":1551074765,"path_taken":["M","M","?","?","?","E","R","?","T","?","?","R","?","E","R","BOSS","M","$","?","?","?","R","?","R","T","R","$","M","R","E","R","BOSS","M","?","?","M","$","R","?","R","T","?","R","$","E","M","R","BOSS"],"build_version":"2019-01-23","purchased_purges":3,"victory":true,"max_hp_per_floor":[66,66,66,66,66,66,66,66,66,66,66,66,66,66,66,66,66,66,66,66,66,66,66,66,66,66,66,66,66,66,66,66,66,66,66,66,66,66,66,66,66,66,66,66,66,66,66,66,66,66],"card_choices":[{"not_picked":["Deflect","Bane"],"picked":"Cloak And Dagger","floor":1.0},{"not_picked":["Bane","Caltrops","Underhanded Strike"],"picked":"SKIP","floor":2.0},{"not_picked":["Backstab","Expertise"],"picked":"Footwork+1","floor":6.0},{"not_picked":["Poisoned Stab","Blur","Flechettes"],"picked":"SKIP","floor":11.0},{"not_picked":["Infinite Blades+1","Terror","Riddle With Holes"],"picked":"SKIP","floor":14.0},{"not_picked":["Die Die Die","Glass Knife"],"picked":"A Thousand Cuts+1","floor":16.0},{"not_picked":["Dodge and Roll","Eviscerate+1"],"picked":"Cloak And Dagger","floor":18.0},{"not_picked":["Flying Knee","Finisher","Concentrate+1"],"picked":"SKIP","floor":20.0},{"not_picked":["Underhanded Strike","Predator+1"],"picked":"Backflip+1","floor":22.0},{"not_picked":["Expertise+1","Prepared+1"],"picked":"Cloak And Dagger+1","floor":29.0},{"not_picked":["Skewer","Underhanded Strike","Infinite Blades+1"],"picked":"SKIP","floor":31.0},{"not_picked":["Burst+1","Die Die Die"],"picked":"Bullet Time+1","floor":33.0},{"not_picked":["Poisoned Stab"],"picked":"SKIP","floor":35.0},{"not_picked":["Quick Slash"],"picked":"SKIP","floor":36.0},{"not_picked":["Flying Knee"],"picked":"SKIP","floor":38.0},{"not_picked":["Burst+1"],"picked":"SKIP","floor":47},{"not_picked":["Caltrops+1"],"picked":"SKIP","floor":48}],"player_experience":508276,"relics_obtained":[{"floor":6.0,"key":"Bag of Marbles"},{"floor":9.0,"key":"Vajra"},{"floor":14.0,"key":"Anchor"},{"floor":22.0,"key":"Red Mask"},{"floor":26.0,"key":"Bird Faced Urn"},{"floor":31.0,"key":"Shovel"},{"floor":32.0,"key":"FossilizedHelix"},{"floor":40.0,"key":"Bronze Scales"},{"floor":42,"key":"Smiling Mask"},{"floor":43,"key":"Boot"},{"floor":44,"key":"Calipers"},{"floor":45,"key":"Molten Egg 2"},{"floor":47,"key":"Pen Nib"},{"floor":49,"key":"Dodecahedron"}],"event_choices":[{"damage_healed":0.0,"max_hp_gain":0.0,"max_hp_loss":0.0,"gold_gain":0.0,"event_name":"Scrap Ooze","player_choice":"Success","floor":3.0,"gold_loss":0.0,"damage_taken":3.0,"relics_obtained":["Frozen Egg 2"]},{"damage_healed":0.0,"max_hp_gain":0.0,"max_hp_loss":0.0,"gold_gain":175.0,"event_name":"Liars Game","player_choice":"AGREE","floor":4.0,"gold_loss":0.0,"damage_taken":0.0,"cards_obtained":["Doubt"]},{"cards_removed":["Doubt"],"damage_healed":0.0,"max_hp_gain":0.0,"max_hp_loss":0.0,"gold_gain":0.0,"event_name":"The Cleric","player_choice":"Card Removal","floor":5.0,"gold_loss":50.0,"damage_taken":0.0},{"damage_healed":0.0,"max_hp_gain":0.0,"max_hp_loss":0.0,"gold_gain":0.0,"event_name":"Shining Light","player_choice":"Entered Light","floor":8.0,"gold_loss":0.0,"damage_taken":13.0,"cards_upgraded":["Strike_G","Cloak And Dagger"]},{"damage_healed":0.0,"max_hp_gain":0.0,"max_hp_loss":0.0,"gold_gain":0.0,"event_name":"Golden Idol","player_choice":"Take Damage","floor":10.0,"gold_loss":0.0,"damage_taken":16.0,"relics_obtained":["Golden Idol"]},{"damage_healed":0.0,"max_hp_gain":0.0,"max_hp_loss":0.0,"gold_gain":0.0,"event_name":"The Library","player_choice":"Read","floor":21.0,"gold_loss":0.0,"damage_taken":0.0,"cards_obtained":["Cloak And Dagger"]},{"damage_healed":0.0,"max_hp_gain":0.0,"max_hp_loss":0.0,"gold_gain":0.0,"event_name":"Masked Bandits","player_choice":"Fought Bandits","floor":22.0,"gold_loss":0.0,"damage_taken":0.0},{"damage_healed":0.0,"max_hp_gain":0.0,"max_hp_loss":0.0,"gold_gain":0.0,"event_name":"WeMeetAgain","player_choice":"Gave Potion","floor":24.0,"gold_loss":0.0,"damage_taken":0.0,"relics_obtained":["Dream Catcher"]},{"cards_removed":["Defend_G"],"damage_healed":0.0,"max_hp_gain":0.0,"max_hp_loss":0.0,"gold_gain":0.0,"event_name":"Falling","player_choice":"Removed Skill","floor":37.0,"gold_loss":0.0,"damage_taken":0.0},{"damage_healed":0.0,"max_hp_gain":0.0,"max_hp_loss":0.0,"gold_gain":0.0,"event_name":"Winding Halls","player_choice":"Embrace Madness","floor":41.0,"gold_loss":0.0,"damage_taken":8.0,"cards_obtained":["Madness","Madness"]},{"damage_healed":0,"gold_gain":0,"player_choice":"Fight","damage_taken":0,"max_hp_gain":0,"max_hp_loss":0,"event_name":"MindBloom","floor":44,"gold_loss":0}],"is_beta":false,"boss_relics":[{"not_picked":["Black Star","Philosopher\u0027s Stone"],"picked":"WristBlade"},{"not_picked":["Astrolabe","Lizard Tail"],"picked":"Busted Crown"}],"items_purged_floors":[28,39,46],"is_endless":false,"potions_floor_spawned":[2,6,14,16,18,20,31,36,38],"ascension_level":14}