{"gold_per_floor":[116,116,128,140,151,151,176,176,176,210,210,231,254,285,285,410,410,410,380,380,380,380,380,157,157,157,157,157,157,157,157,157,157,157,157,107,107,57,57,57,57,57,57,57,7,7,7,7,7,7],"floor_reached":51,"playtime":2956,"items_purged":["Strike_G","Masterful Stab","Flying Knee","Defend_G"],"score":1169,"play_id":"3f62404e-f2bf-4e78-9a53-290c335e0c1e","local_time":"20190204092251","is_ascension_mode":true,"campfire_choices":[{"data":"Neutralize","floor":6,"key":"SMITH"},{"data":"Crippling Poison","floor":8,"key":"SMITH"},{"data":"Predator","floor":15,"key":"SMITH"},{"data":"Burst","floor":30,"key":"SMITH"},{"floor":32,"key":"REST"},{"data":"Adrenaline","floor":40,"key":"SMITH"},{"data":"Cloak And Dagger","floor":44,"key":"SMITH"},{"floor":49,"key":"REST"}],"neow_cost":"NONE","seed_source_timestamp":1498738221459664,"circlet_count":0,"master_deck":["Defend_G","Defend_G+1","Defend_G","Defend_G","Survivor","Neutralize+1","Unload+1","Quick Slash+1","Crippling Poison+1","Slice","Endless Agony","Dodge and Roll","Burst+1","Cloak And Dagger","Deflect","Predator+1","Malaise","Leg Sweep","Poisoned Stab+1","Corpse Explosion+1","Cloak And Dagger+1","Dagger Spray+1","Catalyst+1","Adrenaline+1","Noxious Fumes+1","Cloak And Dagger+1","Wraith Form v2+1","Endless Agony","Dash+1","Wraith Form v2"],"relics":["Astrolabe","Meat on the Bone","Mercury Hourglass","Ancient Tea Set","Golden Idol","PreservedInsect","Ectoplasm","StoneCalendar","Kunai","Pen Nib","Omamori","Regal Pillow","War Paint","Smiling Mask","Sozu","Ninja Scroll","Sundial"],"potions_floor_usage":[7,14,16,23,27,33,35,50],"damage_taken":[{"damage":0,"enemies":"2 Louse","floor":1,"turns":3},{"damage":0,"enemies":"Small Slimes","floor":3,"turns":3},{"damage":0,"enemies":"Cultist","floor":4,"turns":3},{"damage":6,"enemies":"Exordium Wildlife","floor":5,"turns":3},{"damage":5,"enemies":"Gremlin Nob","floor":7,"turns":3},{"damage":6,"enemies":"3 Sentries","floor":10,"turns":6},{"damage":6,"enemies":"Red Slaver","floor":12,"turns":4},{"damage":5,"enemies":"Exordium Thugs","floor":13,"turns":4},{"damage":16,"enemies":"Gremlin Nob","floor":14,"turns":5},{"damage":14,"enemies":"Hexaghost","floor":16,"turns":8},{"damage":3,"enemies":"Spheric Guardian","floor":18,"turns":4},{"damage":11,"enemies":"2 Thieves","floor":19,"turns":4},{"damage":6,"enemies":"Colosseum Slavers","floor":20,"turns":4},{"damage":27,"enemies":"Colosseum Nobs","floor":20,"turns":4},{"damage":3,"enemies":"Cultist and Chosen","floor":22,"turns":6},{"damage":17,"enemies":"Book of Stabbing","floor":23,"turns":4},{"damage":11,"enemies":"Slavers","floor":25,"turns":4},{"damage":9,"enemies":"Gremlin Leader","floor":27,"turns":4},{"damage":0,"enemies":"Chosen and Byrds","floor":28,"turns":5},{"damage":4,"enemies":"Centurion and Healer","floor":29,"turns":2},{"damage":0,"enemies":"Snecko","floor":31,"turns":5},{"damage":27,"enemies":"Automaton","floor":33,"turns":9},{"damage":3,"enemies":"3 Darklings","floor":35,"turns":4},{"damage":2,"enemies":"3 Shapes","floor":37,"turns":3},{"damage":2,"enemies":"Maw","floor":39,"turns":6},{"damage":0,"enemies":"Giant Head","floor":41,"turns":6},{"damage":11,"enemies":"Spire Growth","floor":46,"turns":4},{"damage":0,"enemies":"Sphere and 2 Shapes","floor":47,"turns":4},{"damage":5,"enemies":"Nemesis","floor":48,"turns":5},{"damage":49,"enemies":"Donu and Deca","floor":50,"turns":6}],"seed_played":"-7176553995258319959","potions_obtained":[{"floor":4,"key":"Weak Potion"},{"floor":5,"key":"SteroidPotion"},{"floor":7,"key":"SteroidPotion"},{"floor":14,"key":"Regen Potion"},{"floor":19,"key":"Fire Potion"},{"floor":20,"key":"AttackPotion"},{"floor":22,"key":"Poison Potion"},{"floor":28,"key":"SkillPotion"},{"floor":31,"key":"PowerPotion"}],"is_trial":false,"path_per_floor":["M","?","M","M","M","R","E","R","T","E","?","M","M","E","R","B",null,"M","M","?","?","M","E","$","E","T","E","M","M","R","M","R","B",null,"M","$","M","$","M","R","E","?","T","R","$","M","M","E","R","B",null],"character_chosen":"THE_SILENT","items_purchased":["Omamori"],"campfire_rested":2,"item_purchase_floors":[24],"current_hp_per_floor":[63,63,63,63,57,57,52,52,52,46,46,40,35,31,31,44,60,57,46,25,75,72,55,55,44,44,47,47,43,43,43,75,48,68,65,65,63,63,61,61,61,61,61,61,61,50,50,45,75,38],"gold":7,"neow_bonus":"BOSS_RELIC","is_prod":false,"is_daily":false,"chose_seed":false,"campfire_upgraded":6,"win_rate":0,"timestamp":1549290171,"path_taken":["M","?","M","M","M","R","E","R","T","E","?","M","M","E","R","BOSS","M","M","?","?","M","E","$","E","T","E","M","?","R","M","R","BOSS","M","$","M","$","M","R","E","?","T","R","$","M","M","E","R","BOSS"],"build_version":"2019-01-23","purchased_purges":4,"victory":true,"max_hp_per_floor":[70,70,70,70,70,70,70,70,70,70,65,65,65,65,65,65,65,65,65,65,75,75,75,75,75,75,75,75,75,75,75,75,75,75,75,75,75,75,75,75,75,75,75,75,75,75,75,75,75,75],"card_choices":[{"not_picked":["Deflect","Calculated Gamble"],"picked":"Flying Knee","floor":1},{"not_picked":["Cloak And Dagger","Dodge and Roll"],"picked":"Crippling Poison","floor":3},{"not_picked":["Acrobatics","Flechettes"],"picked":"Slice","floor":4},{"not_picked":["Deadly Poison","Escape Plan"],"picked":"Endless Agony","floor":5},{"not_picked":["Underhanded Strike","Prepared"],"picked":"Dodge and Roll","floor":7},{"not_picked":["Deflect","Dash"],"picked":"Burst","floor":10},{"not_picked":["Reflex","Deadly Poison"],"picked":"Cloak And Dagger","floor":12},{"not_picked":["Masterful Stab","Skewer"],"picked":"Deflect","floor":13},{"not_picked":["All Out Attack","Corpse Explosion"],"picked":"Predator","floor":14},{"not_picked":["Unload","Grand Finale"],"picked":"Malaise","floor":16},{"not_picked":["Reflex","Slice"],"picked":"Leg Sweep","floor":18},{"not_picked":["Cloak And Dagger","Flying Knee"],"picked":"Poisoned Stab+1","floor":19},{"not_picked":["Eviscerate","Flying Knee","Prepared"],"picked":"SKIP","floor":22},{"not_picked":["Calculated Gamble","Poisoned Stab","Cloak And Dagger"],"picked":"SKIP","floor":23},{"not_picked":["Deflect","Finisher+1"],"picked":"Corpse Explosion","floor":25},{"not_picked":["Concentrate","Distraction"],"picked":"Cloak And Dagger","floor":27},{"not_picked":["Acrobatics","Underhanded Strike"],"picked":"Dagger Spray+1","floor":28},{"not_picked":["Eviscerate","Quick Slash"],"picked":"Catalyst+1","floor":29},{"not_picked":["Bane","Flechettes","Flying Knee"],"picked":"SKIP","floor":31},{"not_picked":["Glass Knife","Bullet Time"],"picked":"Adrenaline","floor":33},{"not_picked":["Slice+1","PiercingWail"],"picked":"Noxious Fumes+1","floor":35},{"not_picked":["Sucker Punch+1","Quick Slash"],"picked":"Cloak And Dagger+1","floor":37},{"not_picked":["Flechettes","Acrobatics+1"],"picked":"Wraith Form v2","floor":39},{"not_picked":["Sucker Punch","Venomology"],"picked":"Endless Agony","floor":41},{"not_picked":["Deflect","Outmaneuver","Dagger Spray+1"],"picked":"SKIP","floor":46},{"not_picked":["Distraction+1","Underhanded Strike+1"],"picked":"Dash+1","floor":47},{"not_picked":["Deflect","Outmaneuver"],"picked":"Wraith Form v2","floor":48}],"player_experience":662609,"relics_obtained":[{"floor":7,"key":"Meat on the Bone"},{"floor":9,"key":"Mercury Hourglass"},{"floor":10,"key":"Ancient Tea Set"},{"floor":14,"key":"PreservedInsect"},{"floor":20,"key":"StoneCalendar"},{"floor":20,"key":"Kunai"},{"floor":23,"key":"Pen Nib"},{"floor":25,"key":"Regal Pillow"},{"floor":26,"key":"War Paint"},{"floor":27,"key":"Smiling Mask"},{"floor":41,"key":"Ninja Scroll"},{"floor":48,"key":"Sundial"}],"event_choices":[{"damage_healed":0,"gold_gain":0,"cards_transformed":["Strike_G"],"player_choice":"Change","damage_taken":0,"max_hp_gain":0,"max_hp_loss":0,"event_name":"Living Wall","floor":2,"gold_loss":0,"cards_obtained":["Masterful Stab"]},{"damage_healed":0,"gold_gain":0,"player_choice":"Lose Max HP","damage_taken":0,"relics_obtained":["Golden Idol"],"max_hp_gain":0,"max_hp_loss":5,"event_name":"Golden Idol","floor":11,"gold_loss":0},{"damage_healed":0,"gold_gain":0,"player_choice":"Fight","damage_taken":0,"max_hp_gain":0,"max_hp_loss":0,"event_name":"Colosseum","floor":20,"gold_loss":0},{"damage_healed":0,"gold_gain":0,"player_choice":"Fought Nobs","damage_taken":0,"max_hp_gain":0,"max_hp_loss":0,"event_name":"Colosseum","floor":20,"gold_loss":0},{"cards_removed":["Bullet Time"],"damage_healed":40,"gold_gain":0,"player_choice":"Offered Rare","damage_taken":0,"max_hp_gain":10,"max_hp_loss":0,"event_name":"Bonfire Elementals","floor":21,"gold_loss":0},{"damage_healed":0,"gold_gain":0,"player_choice":"Upgraded","damage_taken":0,"max_hp_gain":0,"max_hp_loss":0,"event_name":"Upgrade Shrine","floor":42,"gold_loss":0,"cards_upgraded":["Wraith Form v2"]}],"is_beta":false,"boss_relics":[{"not_picked":["WristBlade","Runic Dome"],"picked":"Ectoplasm"},{"not_picked":["Philosopher\u0027s Stone","Eternal Feather"],"picked":"Sozu"}],"items_purged_floors":[24,36,38,45],"is_endless":false,"potions_floor_spawned":[4,5,7,14,19,20,22,28,31,37,39,47,48],"ascension_level":9}