{"gold_per_floor":[109,127,140,150,165,165,165,185,185,32,49,68,94,112,112,210,210,221,221,4,24,24,24,24,41,87,87,87,118,118],"floor_reached":30,"playtime":1858,"items_purged":["Strike_G"],"score":234,"play_id":"d2c61d2f-866b-40cc-a71f-1465454fd5d9","local_time":"20190102233754","is_ascension_mode":false,"campfire_choices":[{"floor":6,"key":"REST"},{"data":"Accuracy","floor":15,"key":"SMITH"},{"data":"Accuracy","floor":23,"key":"SMITH"},{"floor":28,"key":"REST"}],"neow_cost":"NONE","seed_source_timestamp":28585025227962,"circlet_count":0,"master_deck":["Defend_G","Defend_G","Defend_G","Defend_G","Strike_G","Strike_G","Strike_G","Strike_G","Survivor","Neutralize","Backflip","Well Laid Plans","Deflect","Poisoned Stab","Bane","Blade Dance","Accuracy+1","Cloak And Dagger","Infinite Blades","Die Die Die","Burst","Cloak And Dagger","Accuracy+1","Backflip","Blade Dance+1","Decay","Cloak And Dagger","Backflip","Blur","Blur+1"],"relics":["Ring of the Snake","Kunai","The Courier","Orrery","Shuriken","Anchor","Red Mask"],"potions_floor_usage":[18,21,29,29],"damage_taken":[{"damage":3,"enemies":"Jaw Worm","floor":1,"turns":5},{"damage":6,"enemies":"Cultist","floor":2,"turns":4},{"damage":2,"enemies":"Small Slimes","floor":3,"turns":6},{"damage":6,"enemies":"2 Fungi Beasts","floor":4,"turns":5},{"damage":6,"enemies":"Lots of Slimes","floor":5,"turns":7},{"damage":1,"enemies":"Looter","floor":8,"turns":3},{"damage":0,"enemies":"Large Slime","floor":11,"turns":6},{"damage":2,"enemies":"Red Slaver","floor":12,"turns":4},{"damage":15,"enemies":"Lagavulin","floor":13,"turns":8},{"damage":5,"enemies":"Looter","floor":14,"turns":4},{"damage":3,"enemies":"Hexaghost","floor":16,"turns":11},{"damage":6,"enemies":"3 Byrds","floor":18,"turns":6},{"damage":11,"enemies":"Chosen","floor":21,"turns":7},{"damage":8,"enemies":"3 Cultists","floor":25,"turns":5},{"damage":52,"enemies":"Masked Bandits","floor":29,"turns":6},{"damage":2,"enemies":"Snake Plant","floor":30,"turns":4}],"seed_played":"7181352082450360479","potions_obtained":[{"floor":1,"key":"Energy Potion"},{"floor":8,"key":"PowerPotion"},{"floor":13,"key":"GhostInAJar"},{"floor":14,"key":"Poison Potion"},{"floor":25,"key":"Swift Potion"}],"is_trial":false,"path_per_floor":["M","M","M","M","M","R","?","M","T","$","M","M","E","M","R","B",null,"M","?","$","M","$","R","?","M","T","?","R","?","M"],"character_chosen":"THE_SILENT","items_purchased":["Accuracy","Cloak And Dagger","Shuriken"],"campfire_rested":2,"item_purchase_floors":[10,20,20],"current_hp_per_floor":[67,61,59,53,47,68,68,67,67,67,67,65,50,45,45,42,70,64,64,64,53,53,53,53,45,45,32,54,2,0],"gold":118,"neow_bonus":"REMOVE_CARD","is_prod":false,"is_daily":false,"chose_seed":false,"campfire_upgraded":2,"win_rate":0.0,"timestamp":1546439874,"path_taken":["M","M","M","M","M","R","?","M","T","$","M","M","E","M","R","BOSS","M","?","$","?","$","R","?","M","T","?","R","?","M"],"build_version":"2018-12-20","purchased_purges":1,"victory":false,"max_hp_per_floor":[70,70,70,70,70,70,70,70,70,70,70,70,70,70,70,70,70,70,70,70,70,70,70,70,70,70,75,75,75,75],"card_choices":[{"not_picked":["Masterful Stab","Deadly Poison"],"picked":"Backflip","floor":1},{"not_picked":["All Out Attack","Heel Hook"],"picked":"Well Laid Plans","floor":2},{"not_picked":["Flying Knee","Deadly Poison"],"picked":"Deflect","floor":3},{"not_picked":["Quick Slash","Dagger Throw"],"picked":"Poisoned Stab","floor":4},{"not_picked":["Flechettes","Prepared"],"picked":"Bane","floor":5},{"not_picked":["Poisoned Stab","Deflect"],"picked":"Blade Dance","floor":8},{"not_picked":["Unload","Endless Agony"],"picked":"Cloak And Dagger","floor":11},{"not_picked":["Underhanded Strike","Tactician","Flechettes"],"picked":"SKIP","floor":12},{"not_picked":["Escape Plan","Expertise"],"picked":"Infinite Blades","floor":13},{"not_picked":["Acrobatics","Sucker Punch"],"picked":"Die Die Die","floor":14},{"not_picked":["Venomology","Doppelganger"],"picked":"Burst","floor":16},{"not_picked":["Skewer","Quick Slash"],"picked":"Cloak And Dagger","floor":17},{"not_picked":["Catalyst","Backflip"],"picked":"Accuracy","floor":17},{"not_picked":["Endless Agony","Well Laid Plans"],"picked":"Backflip","floor":17},{"not_picked":["Cloak And Dagger","Flechettes"],"picked":"Blade Dance+1","floor":18},{"not_picked":["Malaise","Prepared"],"picked":"Backflip","floor":21},{"not_picked":["Cloak And Dagger","Reflex+1","Bane"],"picked":"SKIP","floor":25},{"not_picked":["Flechettes","Dodge and Roll"],"picked":"Blur+1","floor":29}],"player_experience":56759,"relics_obtained":[{"floor":9,"key":"Kunai"},{"floor":13,"key":"The Courier"},{"floor":26,"key":"Anchor"},{"floor":29,"key":"Red Mask"}],"event_choices":[{"damage_healed":0,"gold_gain":0,"player_choice":"Ignored","damage_taken":0,"max_hp_gain":0,"max_hp_loss":0,"event_name":"Golden Idol","floor":7,"gold_loss":0},{"damage_healed":0,"gold_gain":0,"player_choice":"Cursed","damage_taken":0,"max_hp_gain":0,"max_hp_loss":0,"event_name":"Wheel of Change","floor":19,"gold_loss":0,"cards_obtained":["Decay"]},{"damage_healed":0,"gold_gain":0,"player_choice":"Read","damage_taken":0,"max_hp_gain":0,"max_hp_loss":0,"event_name":"The Library","floor":24,"gold_loss":0,"cards_obtained":["Blur"]},{"damage_healed":0,"gold_gain":0,"player_choice":"Shed Blood","damage_taken":18,"max_hp_gain":5,"max_hp_loss":0,"event_name":"Forgotten Altar","floor":27,"gold_loss":0},{"damage_healed":0,"gold_gain":0,"player_choice":"Fought Bandits","damage_taken":0,"max_hp_gain":0,"max_hp_loss":0,"event_name":"Masked Bandits","floor":29,"gold_loss":0}],"is_beta":false,"boss_relics":[{"not_picked":["Runic Pyramid","Fusion Hammer"],"picked":"Orrery"}],"items_purged_floors":[10],"is_endless":false,"potions_floor_spawned":[1,8,13,14,25],"killed_by":"Snake Plant","ascension_level":0}