{"gold_per_floor":[361,286,286,211,225,225,62,120,120,120,180,255,255,317,317,440,440,503,547,547,547,547],"floor_reached":22,"playtime":732,"items_purged":["Strike_R"],"score":305,"play_id":"c32b7c65-69e3-499a-b29f-099378af5fe9","local_time":"20190124143609","is_ascension_mode":true,"campfire_choices":[{"data":"Bash","floor":6,"key":"SMITH"},{"data":"HandOfGreed","floor":10,"key":"SMITH"},{"data":"Metallicize","floor":13,"key":"SMITH"},{"floor":15,"key":"REST"}],"neow_cost":"CURSE","seed_source_timestamp":569295368111137,"circlet_count":0,"master_deck":["AscendersBane","Strike_R","Strike_R","Strike_R","Defend_R","Defend_R","Defend_R","Defend_R","Bash+1","Regret","Hemokinesis+1","Shrug It Off","HandOfGreed+1","Metallicize+1","True Grit+1","Impervious+1","Blood for Blood","Inflame"],"relics":["Burning Blood","Toxic Egg 2","Velvet Choker","Nilry\u0027s Codex"],"potions_floor_usage":[16,16,22,22],"damage_taken":[{"damage":12,"enemies":"2 Louse","floor":1,"turns":4},{"damage":17,"enemies":"Jaw Worm","floor":5,"turns":2},{"damage":11,"enemies":"Small Slimes","floor":8,"turns":5},{"damage":8,"enemies":"2 Fungi Beasts","floor":11,"turns":3},{"damage":13,"enemies":"3 Louse","floor":14,"turns":4},{"damage":45,"enemies":"Slime Boss","floor":16,"turns":12},{"damage":29,"enemies":"3 Byrds","floor":18,"turns":8},{"damage":11,"enemies":"Spheric Guardian","floor":19,"turns":4},{"damage":28,"enemies":"3 Cultists","floor":22,"turns":6}],"seed_played":"-8420547756336941739","potions_obtained":[{"floor":1,"key":"Block Potion"},{"floor":8,"key":"SkillPotion"},{"floor":16,"key":"Poison Potion"},{"floor":18,"key":"Poison Potion"}],"is_trial":false,"path_per_floor":["M","$","?","?","M","R","$","M","T","R","M","?","R","M","R","B",null,"M","M","?","?","M"],"character_chosen":"IRONCLAD","items_purchased":["HandOfGreed"],"campfire_rested":1,"item_purchase_floors":[7],"current_hp_per_floor":[62,62,62,62,51,51,51,46,46,46,44,33,33,26,48,9,59,36,31,46,25,0],"gold":547,"neow_bonus":"TWO_FIFTY_GOLD","is_prod":false,"is_daily":false,"chose_seed":false,"campfire_upgraded":3,"win_rate":0,"timestamp":1548358569,"path_taken":["M","$","?","?","M","R","$","M","T","R","M","?","R","M","R","BOSS","M","M","?","?","M"],"build_version":"2019-01-23","purchased_purges":1,"victory":false,"max_hp_per_floor":[75,75,75,75,75,75,75,75,75,75,75,75,75,75,75,75,75,75,75,75,75,75],"card_choices":[{"not_picked":["Shockwave","Anger"],"picked":"Hemokinesis","floor":1},{"not_picked":["Clash","Rampage"],"picked":"Shrug It Off","floor":5},{"not_picked":["Sever Soul","Seeing Red"],"picked":"Metallicize","floor":8},{"not_picked":["Pummel","Clothesline"],"picked":"True Grit+1","floor":11},{"not_picked":["Perfected Strike","Thunderclap","Battle Trance+1"],"picked":"SKIP","floor":14},{"not_picked":["Juggernaut","Dark Embrace"],"picked":"Impervious+1","floor":16},{"not_picked":["Wild Strike","Sentinel+1"],"picked":"Blood for Blood","floor":18},{"not_picked":["Anger","Havoc+1"],"picked":"Inflame","floor":19}],"player_experience":416393,"relics_obtained":[{"floor":9,"key":"Toxic Egg 2"},{"floor":21,"key":"Nilry\u0027s Codex"}],"event_choices":[{"damage_healed":0,"gold_gain":0,"player_choice":"Grow","damage_taken":0,"max_hp_gain":0,"max_hp_loss":0,"event_name":"Living Wall","floor":3,"gold_loss":0,"cards_upgraded":["Hemokinesis"]},{"cards_removed":["Strike_R"],"damage_healed":0,"gold_gain":0,"player_choice":"Card Removal","damage_taken":0,"max_hp_gain":0,"max_hp_loss":0,"event_name":"The Cleric","floor":4,"gold_loss":75},{"damage_healed":0,"gold_gain":75,"player_choice":"Gather Gold","damage_taken":11,"max_hp_gain":0,"max_hp_loss":0,"event_name":"World of Goop","floor":12,"gold_loss":0},{"damage_healed":15,"gold_gain":0,"player_choice":"Heal","damage_taken":0,"max_hp_gain":0,"max_hp_loss":0,"event_name":"The Library","floor":20,"gold_loss":0},{"damage_healed":0,"gold_gain":0,"player_choice":"Obtained Book","damage_taken":21,"max_hp_gain":0,"max_hp_loss":0,"event_name":"Cursed Tome","floor":21,"gold_loss":0}],"is_beta":false,"boss_relics":[{"not_picked":["Coffee Dripper","Ectoplasm"],"picked":"Velvet Choker"}],"items_purged_floors":[2],"is_endless":false,"potions_floor_spawned":[1,8,16,18],"killed_by":"3 Cultists","ascension_level":15}