{"gold_per_floor":[109,109,125,125,155,155,175,216,216,216,26,40,40,14,14,103,103,98,17,17,31,31],"floor_reached":22,"playtime":694,"items_purged":["Regret"],"score":319,"play_id":"9abaace6-de70-4573-a83d-b890b83415c9","local_time":"20190226161053","is_ascension_mode":true,"campfire_choices":[{"floor":6,"key":"REST"},{"floor":10,"key":"REST"},{"data":"Capacitor","floor":13,"key":"SMITH"},{"floor":15,"key":"REST"}],"neow_cost":"NONE","seed_source_timestamp":547912452347707,"circlet_count":0,"master_deck":["AscendersBane","Strike_B","Strike_B","Strike_B","Defend_B","Defend_B","Defend_B","Defend_B","Zap+1","Dualcast","Double Energy","Cold Snap","Loop","Consume","Loop","Darkness","Capacitor+1","Coolheaded","Echo Form","FTL"],"relics":["Cracked Core","Golden Idol","Tiny Chest","Boot","Shuriken","Busted Crown","Question Card"],"potions_floor_usage":[8,21,22],"damage_taken":[{"damage":10,"enemies":"Small Slimes","floor":1,"turns":3},{"damage":5,"enemies":"Jaw Worm","floor":3,"turns":2},{"damage":9,"enemies":"2 Louse","floor":7,"turns":3},{"damage":23,"enemies":"3 Sentries","floor":8,"turns":9},{"damage":12,"enemies":"Blue Slaver","floor":12,"turns":4},{"damage":26,"enemies":"Hexaghost","floor":16,"turns":7},{"damage":29,"enemies":"2 Thieves","floor":18,"turns":4},{"damage":23,"enemies":"Shell Parasite","floor":21,"turns":6},{"damage":21,"enemies":"Sentry and Sphere","floor":22,"turns":3}],"seed_played":"-2300621746681293029","potions_obtained":[{"floor":3,"key":"FocusPotion"},{"floor":8,"key":"SkillPotion"},{"floor":18,"key":"Fruit Juice"}],"is_trial":false,"path_per_floor":["M","?","M","?","?","R","M","E","T","R","$","M","R","$","R","B",null,"M","$","T","M","M"],"character_chosen":"DEFECT","items_purchased":["Loop","Darkness","Coolheaded","FTL"],"campfire_rested":3,"item_purchase_floors":[11,11,14,19],"current_hp_per_floor":[54,54,49,25,25,46,37,14,14,35,35,23,23,23,44,18,58,29,29,29,11,0],"gold":31,"neow_bonus":"TRANSFORM_CARD","is_prod":false,"is_daily":false,"chose_seed":false,"campfire_upgraded":1,"win_rate":0,"timestamp":1551226253,"path_taken":["M","?","M","?","?","R","M","E","T","R","?","?","R","$","R","BOSS","M","$","?","M","M"],"build_version":"2019-01-23","purchased_purges":1,"victory":false,"max_hp_per_floor":[71,71,71,71,71,71,71,71,71,71,71,71,71,71,71,71,71,71,71,71,76,76],"card_choices":[{"not_picked":["Compile Driver","Redo"],"picked":"Cold Snap","floor":1},{"not_picked":["Leap","Ball Lightning","Force Field"],"picked":"SKIP","floor":3},{"not_picked":["Stack","Lockon"],"picked":"Loop","floor":7},{"not_picked":["Ball Lightning","Hologram"],"picked":"Consume","floor":8},{"not_picked":["Go for the Eyes","Beam Cell"],"picked":"Capacitor","floor":12},{"not_picked":["Creative AI","Amplify"],"picked":"Echo Form","floor":16},{"not_picked":["Blizzard+1"],"picked":"SKIP","floor":18},{"not_picked":["Ball Lightning","Sweeping Beam"],"picked":"SKIP","floor":21}],"player_experience":540397,"relics_obtained":[{"floor":8,"key":"Boot"},{"floor":9,"key":"Shuriken"},{"floor":20,"key":"Question Card"}],"event_choices":[{"damage_healed":0,"gold_gain":0,"player_choice":"Grow","damage_taken":0,"max_hp_gain":0,"max_hp_loss":0,"event_name":"Living Wall","floor":2,"gold_loss":0,"cards_upgraded":["Zap"]},{"damage_healed":0,"gold_gain":0,"player_choice":"Take Damage","damage_taken":24,"relics_obtained":["Golden Idol"],"max_hp_gain":0,"max_hp_loss":0,"event_name":"Golden Idol","floor":4,"gold_loss":0},{"damage_healed":0,"gold_gain":0,"player_choice":"Box","damage_taken":0,"relics_obtained":["Tiny Chest"],"max_hp_gain":0,"max_hp_loss":0,"event_name":"Big Fish","floor":5,"gold_loss":0,"cards_obtained":["Regret"]}],"is_beta":false,"boss_relics":[{"not_picked":["Cursed Key","Orrery"],"picked":"Busted Crown"}],"items_purged_floors":[11],"is_endless":false,"potions_floor_spawned":[3,8,18],"killed_by":"Sentry and Sphere","ascension_level":15}