{"gold_per_floor":[111,123,47,63,81,81,35,54,78,97,97,97,97,113,113,215,215,229,229,229,179,194,194,194,194,246,263,263,296,315,333,333,428,428,428],"floor_reached":35,"playtime":1522,"items_purged":["Doubt"],"score":590,"play_id":"be0f22ec-a546-4769-9515-700586d05d8d","local_time":"20190116190501","is_ascension_mode":true,"campfire_choices":[{"data":"Corruption","floor":6,"key":"SMITH"},{"data":"Pommel Strike","floor":11,"key":"SMITH"},{"data":"Warcry","floor":13,"key":"SMITH"},{"data":"Bash","floor":15,"key":"SMITH"},{"floor":23,"key":"REST"},{"floor":25,"key":"REST"},{"data":"Warcry","floor":28,"key":"SMITH"},{"floor":32,"key":"REST"}],"neow_cost":"CURSE","seed_source_timestamp":607929232273965,"circlet_count":0,"master_deck":["AscendersBane","Bash+1","True Grit","Warcry+1","Corruption+1","Battle Trance","Flame Barrier","Pommel Strike+1","Ghostly Armor","Reaper","Dark Embrace+1","Decay","Warcry+1","Fire Breathing+1","Shockwave","Blood for Blood+1","Feed","Ghostly Armor","Juggernaut+1","Feel No Pain+1","Sword Boomerang","Perfected Strike","Exhume","True Grit","Entrench","Shockwave"],"relics":["Burning Blood","Charon\u0027s Ashes","Lantern","Frozen Egg 2","Philosopher\u0027s Stone","Enchiridion","Smiling Mask","Juzu Bracelet","PreservedInsect","Pandora\u0027s Box"],"potions_floor_usage":[16,16,22,33],"damage_taken":[{"damage":22,"enemies":"Cultist","floor":1,"turns":6},{"damage":0,"enemies":"Small Slimes","floor":2,"turns":3},{"damage":7,"enemies":"Jaw Worm","floor":4,"turns":4},{"damage":12,"enemies":"Looter","floor":5,"turns":3},{"damage":0,"enemies":"Gremlin Gang","floor":8,"turns":2},{"damage":0,"enemies":"Exordium Wildlife","floor":10,"turns":2},{"damage":2,"enemies":"Exordium Thugs","floor":14,"turns":3},{"damage":51,"enemies":"Hexaghost","floor":16,"turns":9},{"damage":42,"enemies":"Shell Parasite","floor":18,"turns":7},{"damage":6,"enemies":"Spheric Guardian","floor":22,"turns":3},{"damage":4,"enemies":"Snecko","floor":27,"turns":4},{"damage":30,"enemies":"Gremlin Leader","floor":29,"turns":5},{"damage":22,"enemies":"Shelled Parasite and Fungi","floor":30,"turns":5},{"damage":18,"enemies":"Chosen and Byrds","floor":31,"turns":4},{"damage":57,"enemies":"Champ","floor":33,"turns":8},{"damage":73,"enemies":"3 Shapes","floor":35,"turns":3}],"seed_played":"-1096972901123425619","potions_obtained":[{"floor":4,"key":"FearPotion"},{"floor":8,"key":"SpeedPotion"},{"floor":10,"key":"AttackPotion"},{"floor":16,"key":"Regen Potion"},{"floor":22,"key":"EssenceOfSteel"},{"floor":27,"key":"Regen Potion"}],"is_trial":false,"path_per_floor":["M","M","$","M","M","R","$","M","T","M","R","T","R","M","R","B",null,"M","?","?","$","M","R","?","R","T","M","R","E","M","M","R","B",null,"M"],"character_chosen":"IRONCLAD","items_purchased":["Corruption","Pommel Strike"],"campfire_rested":3,"item_purchase_floors":[3,7],"current_hp_per_floor":[56,62,62,61,55,55,55,61,61,67,67,67,67,71,71,32,68,36,20,20,20,25,49,49,73,73,80,80,70,58,55,79,45,71,0],"gold":428,"neow_bonus":"ONE_RARE_RELIC","is_prod":false,"is_daily":false,"chose_seed":false,"campfire_upgraded":5,"win_rate":0,"timestamp":1547683501,"path_taken":["M","M","$","M","M","R","?","M","T","M","R","?","R","M","R","BOSS","M","?","?","$","M","R","?","R","T","M","R","E","M","M","R","BOSS","M"],"build_version":"2019-01-10","purchased_purges":1,"victory":false,"max_hp_per_floor":[80,80,80,80,80,80,80,80,80,80,80,80,80,80,80,80,80,80,80,80,80,80,80,80,80,80,80,80,80,80,80,80,80,80,80],"card_choices":[{"not_picked":["Hemokinesis","Entrench"],"picked":"True Grit","floor":1},{"not_picked":["Ghostly Armor","Perfected Strike"],"picked":"Warcry","floor":2},{"not_picked":["Intimidate","Dual Wield"],"picked":"Battle Trance","floor":4},{"not_picked":["Perfected Strike","Wild Strike"],"picked":"Flame Barrier","floor":5},{"not_picked":["True Grit","Wild Strike"],"picked":"Ghostly Armor","floor":8},{"not_picked":["Fire Breathing","Corruption","Twin Strike"],"picked":"SKIP","floor":10},{"not_picked":["True Grit","Twin Strike"],"picked":"Reaper","floor":14},{"not_picked":["Feed","Berserk+1"],"picked":"Dark Embrace+1","floor":16},{"not_picked":["Clothesline+1","Armaments","Heavy Blade"],"picked":"SKIP","floor":18},{"not_picked":["Heavy Blade","Clash","Thunderclap"],"picked":"SKIP","floor":22},{"not_picked":["Cleave","Armaments"],"picked":"Warcry","floor":27},{"not_picked":["Clash+1","Spot Weakness"],"picked":"Fire Breathing+1","floor":29},{"not_picked":["Clash","Headbutt"],"picked":"Shockwave","floor":30},{"not_picked":["Impervious","Twin Strike"],"picked":"Blood for Blood+1","floor":31},{"not_picked":["Dark Embrace+1","Offering"],"picked":"Feed","floor":33}],"player_experience":391870,"relics_obtained":[{"floor":9,"key":"Lantern"},{"floor":12,"key":"Frozen Egg 2"},{"floor":19,"key":"Enchiridion"},{"floor":26,"key":"Juzu Bracelet"},{"floor":29,"key":"PreservedInsect"}],"event_choices":[{"damage_healed":0,"gold_gain":0,"player_choice":"Obtained Book","damage_taken":16,"max_hp_gain":0,"max_hp_loss":0,"event_name":"Cursed Tome","floor":19,"gold_loss":0},{"damage_healed":0,"gold_gain":0,"player_choice":"Opened","damage_taken":0,"relics_obtained":["Smiling Mask"],"max_hp_gain":0,"max_hp_loss":0,"event_name":"The Mausoleum","floor":20,"gold_loss":0},{"damage_healed":0,"gold_gain":0,"player_choice":"Cursed","damage_taken":0,"max_hp_gain":0,"max_hp_loss":0,"event_name":"Wheel of Change","floor":24,"gold_loss":0,"cards_obtained":["Decay"]}],"is_beta":false,"boss_relics":[{"not_picked":["Eternal Feather","Ectoplasm"],"picked":"Philosopher\u0027s Stone"},{"not_picked":["Coffee Dripper","Snecko Eye"],"picked":"Pandora\u0027s Box"}],"items_purged_floors":[21],"is_endless":false,"potions_floor_spawned":[4,8,10,16,22,27,29,31],"killed_by":"3 Shapes","ascension_level":12}