{"gold_per_floor":[13,33,44,44,58,58,89,89,89,14,14,25,200,213,213,213],"floor_reached":16,"playtime":646,"items_purged":["Defend_G"],"score":128,"play_id":"3e645de5-908d-48e9-8a8d-1acdbadb73ed","local_time":"20190107100622","is_ascension_mode":true,"campfire_choices":[{"data":"Neutralize","floor":6,"key":"SMITH"},{"data":"Survivor","floor":8,"key":"SMITH"},{"floor":11,"key":"REST"},{"data":"Backflip","floor":15,"key":"SMITH"}],"neow_cost":"NO_GOLD","seed_source_timestamp":1496516303555088,"circlet_count":0,"master_deck":["Defend_G","Defend_G","Defend_G","Strike_G","Strike_G","Strike_G","Survivor+1","Neutralize+1","PiercingWail","Flying Knee","PiercingWail","Backflip+1","Blur+1","Outmaneuver+1","Doubt","Leg Sweep+1"],"relics":["Ring of the Snake","Toxic Egg 2","StoneCalendar"],"potions_floor_usage":[7,7,16],"damage_taken":[{"damage":1,"enemies":"Small Slimes","floor":1,"turns":5},{"damage":0,"enemies":"Jaw Worm","floor":2,"turns":6},{"damage":0,"enemies":"Cultist","floor":3,"turns":5},{"damage":11,"enemies":"Lots of Slimes","floor":5,"turns":8},{"damage":40,"enemies":"Gremlin Nob","floor":7,"turns":6},{"damage":0,"enemies":"Exordium Wildlife","floor":12,"turns":4},{"damage":8,"enemies":"2 Fungi Beasts","floor":14,"turns":6},{"damage":11,"enemies":"Hexaghost","floor":16,"turns":10}],"seed_played":"980814614411058356","potions_obtained":[{"floor":1,"key":"Swift Potion"},{"floor":5,"key":"PowerPotion"},{"floor":7,"key":"Strength Potion"}],"is_trial":false,"path_per_floor":["M","M","M","?","M","R","E","R","T","$","R","M","?","M","R","B"],"character_chosen":"THE_SILENT","items_purchased":[],"campfire_rested":1,"item_purchase_floors":[],"current_hp_per_floor":[69,69,69,69,58,58,18,18,18,18,39,39,39,31,31,20],"gold":213,"neow_bonus":"REMOVE_TWO","is_prod":false,"is_daily":false,"chose_seed":false,"campfire_upgraded":3,"win_rate":0,"timestamp":1546873582,"path_taken":["M","M","M","?","M","R","E","R","T","$","R","M","?","M","R","BOSS"],"build_version":"2019-01-03v4","purchased_purges":1,"victory":false,"max_hp_per_floor":[70,70,70,70,70,70,70,70,70,70,70,70,70,70,70,70],"card_choices":[{"not_picked":["Riddle With Holes","Sucker Punch"],"picked":"PiercingWail","floor":1},{"not_picked":["Outmaneuver","Bane"],"picked":"Flying Knee","floor":2},{"not_picked":["Sucker Punch","Acrobatics"],"picked":"PiercingWail","floor":3},{"not_picked":["Sucker Punch","Well Laid Plans"],"picked":"Backflip","floor":5},{"not_picked":["Masterful Stab","Acrobatics"],"picked":"Blur","floor":7},{"not_picked":["Glass Knife","Slice"],"picked":"Outmaneuver+1","floor":12},{"not_picked":["PiercingWail+1","Cloak And Dagger+1"],"picked":"Leg Sweep+1","floor":14}],"player_experience":328675,"relics_obtained":[{"floor":7,"key":"Toxic Egg 2"},{"floor":9,"key":"StoneCalendar"}],"event_choices":[{"cards_removed":["Defend_G"],"damage_healed":0,"gold_gain":0,"player_choice":"Forget","damage_taken":0,"max_hp_gain":0,"max_hp_loss":0,"event_name":"Living Wall","floor":4,"gold_loss":0},{"damage_healed":0,"gold_gain":175,"player_choice":"AGREE","damage_taken":0,"max_hp_gain":0,"max_hp_loss":0,"event_name":"Liars Game","floor":13,"gold_loss":0,"cards_obtained":["Doubt"]}],"is_beta":false,"boss_relics":[],"items_purged_floors":[10],"is_endless":false,"potions_floor_spawned":[1,5,7],"killed_by":"Hexaghost","ascension_level":5}