{"gold_per_floor":[109,109,119,269,12,12,41,41,41,41,61,61,86,167,167,244,244,257,275,291,301,317,3,32,32,58,30,30,56,67,117,117,195,195,211,227,51,51,64,64,64],"floor_reached":41,"playtime":1410,"items_purged":["Doubt","Strike_R","Wild Strike+1"],"score":978,"play_id":"78a0fa46-19d0-4c16-bffe-d22c4d7b4ef9","local_time":"20190212231316","is_ascension_mode":true,"campfire_choices":[{"data":"Iron Wave","floor":6,"key":"SMITH"},{"data":"1","floor":10,"key":"LIFT"},{"data":"2","floor":15,"key":"LIFT"},{"data":"3","floor":25,"key":"LIFT"},{"data":"Inflame","floor":28,"key":"SMITH"},{"data":"Uppercut","floor":32,"key":"SMITH"},{"data":"Sword Boomerang","floor":40,"key":"SMITH"}],"neow_cost":"NONE","seed_source_timestamp":2241379376048609,"circlet_count":0,"master_deck":["AscendersBane","Defend_R","Defend_R","Defend_R","Defend_R","Bash","Anger","Iron Wave+1","Ghostly Armor","Rampage","Metallicize","Immolate","Uppercut+1","Sword Boomerang+1","Headbutt+1","Double Tap","Inflame+1","Pummel","Whirlwind","Impervious","Inflame+1","Disarm+1","Shrug It Off"],"relics":["Burning Blood","NeowsBlessing","Dodecahedron","Membership Card","Girya","Pocketwatch","Meat on the Bone","Mercury Hourglass","Ornamental Fan","Coffee Dripper","Bottled Tornado","TheAbacus","Matryoshka","Question Card","Regal Pillow","Juzu Bracelet","Astrolabe","Toy Ornithopter"],"potions_floor_usage":[11,21,29,30,36,39,39],"damage_taken":[{"damage":0,"enemies":"Cultist","floor":1,"turns":1},{"damage":0,"enemies":"Small Slimes","floor":3,"turns":1},{"damage":0,"enemies":"3 Sentries","floor":7,"turns":1},{"damage":12,"enemies":"Jaw Worm","floor":11,"turns":2},{"damage":8,"enemies":"Lagavulin","floor":13,"turns":5},{"damage":28,"enemies":"Hexaghost","floor":16,"turns":8},{"damage":9,"enemies":"2 Thieves","floor":18,"turns":3},{"damage":10,"enemies":"3 Byrds","floor":19,"turns":4},{"damage":0,"enemies":"Cultist and Chosen","floor":20,"turns":5},{"damage":0,"enemies":"Sentry and Sphere","floor":21,"turns":4},{"damage":18,"enemies":"Centurion and Healer","floor":22,"turns":2},{"damage":32,"enemies":"Slavers","floor":24,"turns":4},{"damage":0,"enemies":"Gremlin Leader","floor":29,"turns":3},{"damage":0,"enemies":"Cultist and Chosen","floor":30,"turns":3},{"damage":52,"enemies":"Champ","floor":33,"turns":9},{"damage":23,"enemies":"3 Shapes","floor":35,"turns":4},{"damage":9,"enemies":"3 Darklings","floor":36,"turns":2},{"damage":26,"enemies":"Spire Growth","floor":39,"turns":3},{"damage":49,"enemies":"Nemesis","floor":41,"turns":6}],"seed_played":"4138230652277430513","potions_obtained":[{"floor":3,"key":"BloodPotion"},{"floor":11,"key":"Block Potion"},{"floor":19,"key":"Block Potion"},{"floor":30,"key":"Energy Potion"},{"floor":33,"key":"Energy Potion"},{"floor":36,"key":"GamblersBrew"}],"is_trial":false,"path_per_floor":["M","T","M","?","$","R","E","T","T","R","M","?","E","T","R","B",null,"M","M","M","M","M","$","E","R","T","$","R","E","M","?","R","B",null,"M","M","$","?","M","R","E"],"character_chosen":"IRONCLAD","items_purchased":["Membership Card","Inflame","Bottled Tornado","TheAbacus","PowerPotion","Toy Ornithopter"],"campfire_rested":0,"item_purchase_floors":[5,23,23,23,27,37],"current_hp_per_floor":[74,74,75,75,75,75,75,75,75,75,75,75,73,73,73,51,69,66,62,68,74,62,62,48,48,48,48,48,54,60,60,60,26,63,46,55,55,55,45,45,0],"gold":64,"neow_bonus":"THREE_ENEMY_KILL","is_prod":false,"is_daily":false,"chose_seed":false,"campfire_upgraded":4,"win_rate":0,"timestamp":1550031196,"path_taken":["M","?","?","?","?","R","E","?","T","R","M","?","E","?","R","BOSS","M","M","M","M","M","$","E","R","T","$","R","E","M","?","R","BOSS","M","M","$","?","M","R","E"],"build_version":"2019-01-23","purchased_purges":3,"victory":false,"max_hp_per_floor":[75,75,75,75,75,75,75,75,75,75,75,75,75,75,75,75,75,75,75,75,75,75,75,75,75,75,75,75,75,75,75,75,75,75,75,75,75,71,71,71,71],"card_choices":[{"not_picked":["Pommel Strike","Reckless Charge"],"picked":"Anger","floor":1},{"not_picked":["Heavy Blade","Perfected Strike"],"picked":"Iron Wave","floor":3},{"not_picked":["Hemokinesis","Heavy Blade"],"picked":"Ghostly Armor","floor":7},{"not_picked":["Rage","Anger","Dual Wield"],"picked":"SKIP","floor":11},{"not_picked":["Dropkick","Heavy Blade"],"picked":"Metallicize","floor":13},{"not_picked":["Bludgeon","Brutality"],"picked":"Immolate","floor":16},{"not_picked":["Perfected Strike","Spot Weakness"],"picked":"Uppercut","floor":18},{"not_picked":["True Grit","Flex","Pommel Strike"],"picked":"SKIP","floor":19},{"not_picked":["Havoc","True Grit"],"picked":"Sword Boomerang","floor":20},{"not_picked":["Wild Strike","Anger+1"],"picked":"Headbutt+1","floor":21},{"not_picked":["Burning Pact","Rampage"],"picked":"Double Tap","floor":22},{"not_picked":["Pommel Strike","Carnage","Sentinel"],"picked":"SKIP","floor":24},{"not_picked":["Wild Strike","Heavy Blade","Shrug It Off"],"picked":"Pummel","floor":29},{"not_picked":["Corruption","Flame Barrier","Armaments"],"picked":"Whirlwind","floor":30},{"not_picked":["Dark Embrace","Juggernaut","Exhume"],"picked":"Impervious","floor":33},{"not_picked":["Heavy Blade+1","Hemokinesis+1","Searing Blow","Corruption"],"picked":"SKIP","floor":35},{"not_picked":["Wild Strike","Pommel Strike","Rampage","Fire Breathing"],"picked":"SKIP","floor":36},{"not_picked":["Warcry","Evolve","Sentinel+1"],"picked":"Shrug It Off","floor":39}],"player_experience":750479,"relics_obtained":[{"floor":2,"key":"Dodecahedron"},{"floor":7,"key":"Girya"},{"floor":8,"key":"Pocketwatch"},{"floor":9,"key":"Meat on the Bone"},{"floor":13,"key":"Mercury Hourglass"},{"floor":14,"key":"Ornamental Fan"},{"floor":24,"key":"Matryoshka"},{"floor":26,"key":"Question Card"},{"floor":26,"key":"Regal Pillow"},{"floor":29,"key":"Juzu Bracelet"}],"event_choices":[{"damage_healed":0,"gold_gain":150,"player_choice":"AGREE","damage_taken":0,"max_hp_gain":0,"max_hp_loss":0,"event_name":"Liars Game","floor":4,"gold_loss":0,"cards_obtained":["Doubt"]},{"damage_healed":0,"gold_gain":0,"cards_transformed":["Strike_R"],"player_choice":"Change","damage_taken":0,"max_hp_gain":0,"max_hp_loss":0,"event_name":"Living Wall","floor":12,"gold_loss":0,"cards_obtained":["Rampage"]},{"damage_healed":0,"gold_gain":50,"player_choice":"Stole From Cult","damage_taken":0,"max_hp_gain":0,"max_hp_loss":0,"event_name":"Nest","floor":31,"gold_loss":0},{"damage_healed":0,"gold_gain":0,"player_choice":"Max HP","damage_taken":0,"max_hp_gain":0,"max_hp_loss":4,"event_name":"Winding Halls","floor":38,"gold_loss":0}],"is_beta":false,"boss_relics":[{"not_picked":["Pandora\u0027s Box","White Beast Statue"],"picked":"Coffee Dripper"},{"not_picked":["Tiny House","Sozu"],"picked":"Astrolabe"}],"items_purged_floors":[5,23,37],"is_endless":false,"potions_floor_spawned":[3,11,19,20,30,33,35,36],"killed_by":"Nemesis","ascension_level":20}