{"gold_per_floor":[116,116,133,148,158,189,189,220,220,320,336,336,350,385,385,485,485,502,502,43,43],"floor_reached":21,"playtime":923,"items_purged":["Strike_B"],"score":229,"play_id":"0b4ad0bb-cc92-45bf-8dfb-ed3fe250a17c","local_time":"20190303164716","is_ascension_mode":true,"campfire_choices":[{"floor":7,"key":"REST"},{"floor":12,"key":"REST"},{"floor":15,"key":"REST"}],"neow_cost":"NONE","seed_source_timestamp":1210450945108701,"circlet_count":0,"master_deck":["Strike_B","Strike_B","Defend_B","Defend_B","Defend_B","Defend_B","Zap","Dualcast+1","Streamline","Coolheaded","Doom and Gloom","Rainbow","Go for the Eyes","Biased Cognition","Steam"],"relics":["Cracked Core","Blue Candle","Juzu Bracelet","Singing Bowl","Ginger","Nuclear Battery","Art of War","Cables"],"potions_floor_usage":[14,16,16],"damage_taken":[{"damage":4,"enemies":"Jaw Worm","floor":1,"turns":4},{"damage":0,"enemies":"2 Louse","floor":3,"turns":2},{"damage":0,"enemies":"Cultist","floor":4,"turns":3},{"damage":7,"enemies":"Blue Slaver","floor":5,"turns":4},{"damage":30,"enemies":"Gremlin Nob","floor":6,"turns":4},{"damage":21,"enemies":"3 Sentries","floor":8,"turns":4},{"damage":2,"enemies":"Exordium Wildlife","floor":11,"turns":3},{"damage":10,"enemies":"3 Louse","floor":13,"turns":2},{"damage":54,"enemies":"Gremlin Nob","floor":14,"turns":5},{"damage":35,"enemies":"The Guardian","floor":16,"turns":11},{"damage":14,"enemies":"2 Thieves","floor":18,"turns":3},{"damage":8,"enemies":"Colosseum Slavers","floor":21,"turns":3},{"damage":47,"enemies":"Colosseum Nobs","floor":21,"turns":4}],"seed_played":"-7482963448458101603","potions_obtained":[{"floor":3,"key":"Ancient Potion"},{"floor":4,"key":"Regen Potion"},{"floor":5,"key":"Dexterity Potion"},{"floor":14,"key":"Regen Potion"},{"floor":16,"key":"Energy Potion"}],"is_trial":false,"path_per_floor":["M","?","M","M","M","E","R","E","T","?","M","R","M","E","R","B",null,"M","?","$","?"],"character_chosen":"DEFECT","items_purchased":["Art of War","Cables"],"campfire_rested":3,"item_purchase_floors":[20,20],"current_hp_per_floor":[71,71,71,71,64,34,56,35,35,35,35,58,50,3,27,6,81,67,52,52,0],"gold":43,"neow_bonus":"UPGRADE_CARD","is_prod":false,"is_daily":false,"chose_seed":false,"campfire_upgraded":0,"win_rate":0,"timestamp":1551649636,"path_taken":["M","?","M","M","M","E","R","E","T","?","M","R","M","E","R","BOSS","M","?","$","?"],"build_version":"2019-01-23","purchased_purges":1,"victory":false,"max_hp_per_floor":[75,75,75,75,75,75,75,75,75,75,77,77,79,81,81,81,81,81,86,86,86],"card_choices":[{"not_picked":["Hologram","Coolheaded"],"picked":"Streamline","floor":1},{"not_picked":["Beam Cell","Streamline","Steam Power"],"picked":"SKIP","floor":3},{"not_picked":["Stack","Turbo"],"picked":"Coolheaded","floor":4},{"not_picked":["Rebound","Reprogram"],"picked":"Doom and Gloom","floor":5},{"not_picked":["Blizzard","Reinforced Body"],"picked":"Rainbow","floor":6},{"not_picked":["Leap","Loop"],"picked":"Go for the Eyes","floor":8},{"not_picked":["Coolheaded","Hologram","Stack"],"picked":"Singing Bowl","floor":11},{"not_picked":["Ball Lightning","Stack","Redo"],"picked":"Singing Bowl","floor":13},{"not_picked":["Force Field","Compile Driver","Melter"],"picked":"Singing Bowl","floor":14},{"not_picked":["Meteor Strike","Thunder Strike"],"picked":"Biased Cognition","floor":16},{"not_picked":["Beam Cell","Heatsinks+1"],"picked":"Steam","floor":18}],"player_experience":220052,"relics_obtained":[{"floor":6,"key":"Blue Candle"},{"floor":8,"key":"Juzu Bracelet"},{"floor":9,"key":"Singing Bowl"},{"floor":14,"key":"Ginger"}],"event_choices":[{"cards_removed":["Strike_B"],"damage_healed":0,"gold_gain":0,"player_choice":"Forget","damage_taken":0,"max_hp_gain":0,"max_hp_loss":0,"event_name":"Living Wall","floor":2,"gold_loss":0},{"damage_healed":0,"gold_gain":100,"player_choice":"Pray","damage_taken":0,"max_hp_gain":0,"max_hp_loss":0,"event_name":"Golden Shrine","floor":10,"gold_loss":0},{"damage_healed":0,"gold_gain":0,"player_choice":"Shed Blood","damage_taken":20,"max_hp_gain":5,"max_hp_loss":0,"event_name":"Forgotten Altar","floor":19,"gold_loss":0},{"damage_healed":0,"gold_gain":0,"player_choice":"Fight","damage_taken":0,"max_hp_gain":0,"max_hp_loss":0,"event_name":"Colosseum","floor":21,"gold_loss":0},{"damage_healed":0,"gold_gain":0,"player_choice":"Fought Nobs","damage_taken":0,"max_hp_gain":0,"max_hp_loss":0,"event_name":"Colosseum","floor":21,"gold_loss":0}],"is_beta":false,"boss_relics":[{"not_picked":["Empty Cage","Calling Bell"],"picked":"Nuclear Battery"}],"items_purged_floors":[20],"is_endless":false,"potions_floor_spawned":[3,4,5,14,16],"killed_by":"Colosseum Nobs","ascension_level":3}