{"gold_per_floor":[116,116,116,93,104,131,5,19,43,43,43,43,75,90,90,168,168,187,87,87,99,99,99,99],"floor_reached":24,"playtime":841,"items_purged":["Strike_B","Zap"],"score":397,"play_id":"d5bed1dc-9e10-4f8e-aacf-1017ea3dd551","local_time":"20190211115925","is_ascension_mode":true,"campfire_choices":[{"floor":10,"key":"REST"},{"floor":12,"key":"REST"},{"data":"Hyperbeam","floor":15,"key":"SMITH"},{"data":"Darkness","floor":23,"key":"SMITH"}],"neow_cost":"TEN_PERCENT_HP_LOSS","seed_source_timestamp":2115151608944137,"circlet_count":0,"master_deck":["AscendersBane","Strike_B+1","Defend_B+1","Defend_B+1","Defend_B+1","Dualcast","Hello World","Skim","Darkness+1","Sweeping Beam","Hyperbeam+1","Auto Shields","Capacitor","Multi-Cast","Fusion","Doom and Gloom"],"relics":["FrozenCore","Bag of Preparation","Tiny Chest","Bottled Flame","Oddly Smooth Stone","Ornamental Fan","Singing Bowl","Dodecahedron"],"potions_floor_usage":[13,13,16,24],"damage_taken":[{"damage":0,"enemies":"Small Slimes","floor":1,"turns":4},{"damage":2,"enemies":"2 Louse","floor":5,"turns":3},{"damage":33,"enemies":"Gremlin Nob","floor":6,"turns":4},{"damage":1,"enemies":"Cultist","floor":8,"turns":3},{"damage":0,"enemies":"3 Sentries","floor":13,"turns":3},{"damage":2,"enemies":"Blue Slaver","floor":14,"turns":3},{"damage":8,"enemies":"Slime Boss","floor":16,"turns":10},{"damage":0,"enemies":"Chosen","floor":18,"turns":5},{"damage":12,"enemies":"Spheric Guardian","floor":21,"turns":6},{"damage":46,"enemies":"Book of Stabbing","floor":24,"turns":5}],"seed_played":"-8454967031795099914","potions_obtained":[{"floor":6,"key":"Explosive Potion"},{"floor":13,"key":"Fire Potion"},{"floor":14,"key":"PowerPotion"},{"floor":18,"key":"Strength Potion"}],"is_trial":false,"path_per_floor":["M","?","?","?","M","E","$","M","T","R","T","R","E","M","R","B",null,"M","$","?","M","T","R","E"],"character_chosen":"DEFECT","items_purchased":["Block Potion"],"campfire_rested":2,"item_purchase_floors":[7],"current_hp_per_floor":[64,46,39,39,37,4,4,3,3,22,22,41,41,41,41,33,58,58,58,58,46,46,46,0],"gold":99,"neow_bonus":"TRANSFORM_TWO_CARDS","is_prod":false,"is_daily":false,"chose_seed":false,"campfire_upgraded":2,"win_rate":0,"timestamp":1549904365,"path_taken":["M","?","?","?","?","E","$","M","T","R","?","R","E","M","R","BOSS","M","$","?","M","?","R","E"],"build_version":"2019-01-23","purchased_purges":2,"victory":false,"max_hp_per_floor":[64,64,64,64,64,64,64,64,64,64,64,64,64,66,66,66,66,66,66,66,66,66,66,66],"card_choices":[{"not_picked":["Stack","Streamline"],"picked":"Darkness","floor":1},{"not_picked":["Storm","Leap"],"picked":"Sweeping Beam","floor":5},{"not_picked":["BootSequence","Chill"],"picked":"Hyperbeam","floor":6},{"not_picked":["Hologram","Stack"],"picked":"Auto Shields","floor":8},{"not_picked":["Go for the Eyes","Coolheaded"],"picked":"Capacitor","floor":13},{"not_picked":["Steam","Hologram","Gash"],"picked":"Singing Bowl","floor":14},{"not_picked":["Reboot","Creative AI"],"picked":"Multi-Cast","floor":16},{"not_picked":["Genetic Algorithm+1","Melter"],"picked":"Fusion","floor":18},{"not_picked":["Chill","Blizzard"],"picked":"Doom and Gloom","floor":21}],"player_experience":734313,"relics_obtained":[{"floor":6,"key":"Bottled Flame"},{"floor":9,"key":"Oddly Smooth Stone"},{"floor":11,"key":"Ornamental Fan"},{"floor":13,"key":"Singing Bowl"},{"floor":22,"key":"Dodecahedron"}],"event_choices":[{"damage_healed":0,"gold_gain":0,"player_choice":"Success","damage_taken":18,"relics_obtained":["Bag of Preparation"],"max_hp_gain":0,"max_hp_loss":0,"event_name":"Scrap Ooze","floor":2,"gold_loss":0},{"cards_removed":["Defend_B"],"damage_healed":0,"gold_gain":0,"player_choice":"Card Removal","damage_taken":7,"max_hp_gain":0,"max_hp_loss":0,"event_name":"Golden Wing","floor":3,"gold_loss":0},{"damage_healed":0,"gold_gain":0,"player_choice":"Paid Gold","damage_taken":0,"relics_obtained":["Tiny Chest"],"max_hp_gain":0,"max_hp_loss":0,"event_name":"WeMeetAgain","floor":4,"gold_loss":53},{"damage_healed":0,"gold_gain":0,"player_choice":"Simplicity","damage_taken":0,"max_hp_gain":0,"max_hp_loss":0,"event_name":"Back to Basics","floor":20,"gold_loss":0,"cards_upgraded":["Strike_B","Defend_B","Defend_B","Defend_B"]}],"is_beta":false,"boss_relics":[{"not_picked":["Tiny House","Calling Bell"],"picked":"FrozenCore"}],"items_purged_floors":[7,19],"is_endless":false,"potions_floor_spawned":[6,13,14,18],"killed_by":"Book of Stabbing","ascension_level":15}