{"gold_per_floor":[118,78,89,106,123,148,148,160,187,203,219,232,244,274,274,370,370,370,370,370,370,370,370],"floor_reached":23,"playtime":820,"items_purged":[],"score":290,"play_id":"cfb33eb4-8c6d-49b4-b651-4f25607de8f6","local_time":"20181220171857","is_ascension_mode":true,"campfire_choices":[{"floor":7,"key":"RECALL"},{"floor":15,"key":"REST"}],"neow_cost":"NONE","seed_source_timestamp":185357944300377,"circlet_count":0,"master_deck":["Strike_R","Strike_R","Strike_R","Strike_R","Strike_R","Defend_R","Defend_R","Defend_R","Defend_R","Bash","Pummel","Pummel","Corruption","Demon Form","Sword Boomerang","Exhume"],"relics":["Burning Blood","Orichalcum","Red Skull","Bag of Preparation","Ectoplasm"],"potions_floor_usage":[6,11,14,14,23],"damage_taken":[{"damage":4,"enemies":"Small Slimes","floor":1,"turns":4},{"damage":4,"enemies":"Cultist","floor":3,"turns":4},{"damage":10,"enemies":"2 Louse","floor":4,"turns":3},{"damage":11,"enemies":"Red Slaver","floor":5,"turns":3},{"damage":20,"enemies":"Gremlin Nob","floor":6,"turns":4},{"damage":9,"enemies":"Gremlin Gang","floor":8,"turns":5},{"damage":12,"enemies":"3 Louse","floor":10,"turns":3},{"damage":26,"enemies":"Exordium Thugs","floor":11,"turns":4},{"damage":5,"enemies":"Looter","floor":12,"turns":2},{"damage":2,"enemies":"3 Louse","floor":13,"turns":3},{"damage":8,"enemies":"3 Sentries","floor":14,"turns":3},{"damage":33,"enemies":"Slime Boss","floor":16,"turns":7},{"damage":0,"enemies":"3 Byrds","floor":18,"turns":5},{"damage":12,"enemies":"Chosen","floor":22,"turns":4},{"damage":54,"enemies":"Gremlin Leader","floor":23,"turns":4}],"seed_played":"-7273835462589476907","potions_obtained":[{"floor":1,"key":"GamblersBrew"},{"floor":2,"key":"Poison Potion"},{"floor":2,"key":"GamblersBrew"},{"floor":2,"key":"SpeedPotion"},{"floor":6,"key":"Poison Potion"},{"floor":10,"key":"Energy Potion"},{"floor":13,"key":"FearPotion"},{"floor":16,"key":"EssenceOfSteel"},{"floor":18,"key":"GamblersBrew"}],"is_trial":false,"path_per_floor":["M","?","M","M","M","E","R","M","T","M","M","M","M","E","R","B",null,"M","?","$","?","M","E"],"character_chosen":"IRONCLAD","items_purchased":[],"campfire_rested":1,"item_purchase_floors":[],"current_hp_per_floor":[74,74,76,72,67,53,53,50,50,44,24,25,29,27,51,24,66,72,57,57,57,51,0],"gold":370,"neow_bonus":"RANDOM_COMMON_RELIC","is_prod":false,"is_daily":false,"chose_seed":false,"campfire_upgraded":0,"win_rate":0,"timestamp":1545344337,"path_taken":["M","?","M","M","?","E","R","M","T","M","M","M","M","E","R","BOSS","M","?","$","?","M","E"],"build_version":"2018-12-13","purchased_purges":0,"victory":false,"max_hp_per_floor":[80,80,80,80,80,80,80,80,80,80,80,80,80,80,80,80,80,80,85,85,85,85,85],"card_choices":[{"not_picked":["Dropkick","Anger"],"picked":"Pummel","floor":1},{"not_picked":["Clothesline","Hemokinesis","Twin Strike"],"picked":"SKIP","floor":3},{"not_picked":["Ghostly Armor","Sword Boomerang"],"picked":"Pummel","floor":4},{"not_picked":["Pommel Strike","Hemokinesis","Iron Wave"],"picked":"SKIP","floor":5},{"not_picked":["Blood for Blood","Hemokinesis","Power Through"],"picked":"SKIP","floor":6},{"not_picked":["Pommel Strike","Sword Boomerang","Clothesline"],"picked":"SKIP","floor":8},{"not_picked":["Twin Strike","Entrench"],"picked":"Corruption","floor":10},{"not_picked":["Metallicize","Wild Strike","Infernal Blade"],"picked":"SKIP","floor":11},{"not_picked":["Combust","Pommel Strike"],"picked":"Demon Form","floor":12},{"not_picked":["Armaments","Clothesline"],"picked":"Sword Boomerang","floor":13},{"not_picked":["Bloodletting","Intimidate","Second Wind"],"picked":"SKIP","floor":14},{"not_picked":["Barricade","Immolate"],"picked":"Exhume","floor":16},{"not_picked":["Perfected Strike","Iron Wave","Pommel Strike"],"picked":"SKIP","floor":18},{"not_picked":["Battle Trance","Clash","Clothesline"],"picked":"SKIP","floor":22}],"player_experience":299525,"relics_obtained":[{"floor":6,"key":"Red Skull"},{"floor":14,"key":"Bag of Preparation"}],"event_choices":[{"damage_healed":0,"gold_gain":0,"player_choice":"Bought 3 Potions","damage_taken":0,"max_hp_gain":0,"max_hp_loss":0,"event_name":"The Woman in Blue","floor":2,"gold_loss":0},{"damage_healed":0,"gold_gain":0,"player_choice":"Shed Blood","damage_taken":20,"max_hp_gain":5,"max_hp_loss":0,"event_name":"Forgotten Altar","floor":19,"gold_loss":0},{"damage_healed":0,"gold_gain":100,"player_choice":"Pray","damage_taken":0,"max_hp_gain":0,"max_hp_loss":0,"event_name":"Golden Shrine","floor":21,"gold_loss":0}],"is_beta":false,"boss_relics":[{"not_picked":["Philosopher\u0027s Stone","Snecko Eye"],"picked":"Ectoplasm"}],"items_purged_floors":[],"is_endless":false,"potions_floor_spawned":[1,6,10,13,16,18],"killed_by":"Gremlin Leader","ascension_level":8}