{"gold_per_floor":[113,123,141,151,168,168,168,185,234,234,234,268,280,280,280,353,353,365,18,37,53,53],"floor_reached":22,"playtime":1149,"items_purged":["Strike_G"],"score":352,"play_id":"c42a04dd-6cd0-4255-bafc-7c690e6d9213","local_time":"20190302093537","is_ascension_mode":true,"campfire_choices":[{"data":"Neutralize","floor":6.0,"key":"SMITH"},{"floor":11.0,"key":"REST"},{"floor":15.0,"key":"REST"}],"neow_cost":"NONE","seed_source_timestamp":189933983055299,"circlet_count":0,"master_deck":["AscendersBane","Defend_G","Defend_G","Defend_G","Defend_G","Defend_G","Strike_G","Strike_G","Strike_G","Strike_G","Survivor","Neutralize+1","Cloak And Dagger","Well Laid Plans","Dash","Infinite Blades","Corpse Explosion","Noxious Fumes"],"special_seed":0,"relics":["Black Star","WarpedTongs","Juzu Bracelet","Omamori","Molten Egg 2","Gremlin Horn","Fusion Hammer","Kunai"],"potions_floor_usage":[20],"damage_taken":[{"damage":2.0,"enemies":"Cultist","floor":1.0,"turns":5.0},{"damage":3.0,"enemies":"Jaw Worm","floor":2.0,"turns":7.0},{"damage":0.0,"enemies":"2 Louse","floor":3.0,"turns":4.0},{"damage":12.0,"enemies":"Exordium Wildlife","floor":4.0,"turns":6.0},{"damage":24.0,"enemies":"Large Slime","floor":5.0,"turns":8.0},{"damage":10.0,"enemies":"3 Louse","floor":8.0,"turns":5.0},{"damage":6.0,"enemies":"3 Sentries","floor":12.0,"turns":10.0},{"damage":5.0,"enemies":"Lots of Slimes","floor":13.0,"turns":7.0},{"damage":48.0,"enemies":"Hexaghost","floor":16.0,"turns":15.0},{"damage":19.0,"enemies":"2 Thieves","floor":18.0,"turns":3.0},{"damage":13,"enemies":"Chosen","floor":20,"turns":5},{"damage":7,"enemies":"Centurion and Healer","floor":21,"turns":8}],"seed_played":"1015591348002145871","potions_obtained":[{"floor":2.0,"key":"FearPotion"},{"floor":3.0,"key":"Regen Potion"},{"floor":12.0,"key":"Strength Potion"},{"floor":16.0,"key":"Swift Potion"},{"floor":18.0,"key":"Energy Potion"},{"floor":20,"key":"Energy Potion"}],"is_trial":false,"path_per_floor":["M","M","M","M","M","R","?","M","T","?","R","E","M","T","R","B",null,"M","$","M","M","?"],"character_chosen":"THE_SILENT","items_purchased":["Kunai"],"campfire_rested":2,"item_purchase_floors":[19],"current_hp_per_floor":[57,54,54,42,18,18,18,22,22,22,41,35,30,30,49,1,50,31,31,18,11,0],"gold":53,"neow_bonus":"BOSS_RELIC","is_prod":false,"is_daily":false,"chose_seed":false,"campfire_upgraded":1,"win_rate":0,"timestamp":1551548137,"path_taken":["M","M","?","M","M","R","?","?","T","?","R","E","M","?","R","BOSS","M","$","M","M","?"],"build_version":"2019-01-23","purchased_purges":1,"victory":false,"max_hp_per_floor":[66,66,66,66,66,66,66,66,66,66,66,66,66,66,66,66,66,66,66,66,66,66],"card_choices":[{"not_picked":["Crippling Poison","Blur"],"picked":"Cloak And Dagger","floor":1.0},{"not_picked":["Poisoned Stab","Deadly Poison","Flying Knee"],"picked":"SKIP","floor":2.0},{"not_picked":["Escape Plan","Blur"],"picked":"Well Laid Plans","floor":3.0},{"not_picked":["Flying Knee","Crippling Poison"],"picked":"Dash","floor":4.0},{"not_picked":["Dagger Throw","Accuracy","Venomology"],"picked":"SKIP","floor":5.0},{"not_picked":["Slice","Dash","Blade Dance"],"picked":"SKIP","floor":8.0},{"not_picked":["Backflip","Slice"],"picked":"Infinite Blades","floor":12.0},{"not_picked":["Endless Agony+1","Slice+1","Prepared"],"picked":"SKIP","floor":13.0},{"not_picked":["Phantasmal Killer","Burst"],"picked":"Corpse Explosion","floor":16.0},{"not_picked":["Flying Knee+1","Quick Slash+1"],"picked":"Noxious Fumes","floor":18.0},{"not_picked":["Dagger Throw+1","Dagger Spray+1","Acrobatics"],"picked":"SKIP","floor":20},{"not_picked":["Dagger Spray+1","Infinite Blades","Sucker Punch+1"],"picked":"SKIP","floor":21}],"player_experience":574006,"relics_obtained":[{"floor":9.0,"key":"Juzu Bracelet"},{"floor":12.0,"key":"Omamori"},{"floor":12.0,"key":"Molten Egg 2"},{"floor":14.0,"key":"Gremlin Horn"}],"event_choices":[{"damage_healed":0.0,"max_hp_gain":0.0,"max_hp_loss":0.0,"gold_gain":0.0,"event_name":"Accursed Blacksmith","player_choice":"Rummage","floor":7.0,"gold_loss":0.0,"damage_taken":0.0,"relics_obtained":["WarpedTongs"],"cards_obtained":["Pain"]},{"cards_removed":["Pain"],"damage_healed":0.0,"max_hp_gain":0.0,"max_hp_loss":0.0,"gold_gain":0.0,"event_name":"Living Wall","player_choice":"Forget","floor":10.0,"gold_loss":0.0,"damage_taken":0.0}],"is_beta":false,"boss_relics":[{"not_picked":["Snecko Eye","Sozu"],"picked":"Fusion Hammer"}],"items_purged_floors":[19],"is_endless":false,"potions_floor_spawned":[2,3,12,16,18,20],"ascension_level":17}