{"gold_per_floor":[109,109,129,145,34,34,69,69,69,97,116,150,50,85,85,163,163,181,181,197,197,17,17,117,117],"floor_reached":25,"playtime":1224,"items_purged":["Strike_G","Strike_G","Strike_G"],"score":409,"play_id":"e21534a1-da2f-4737-9bb6-f4affd9fbe94","local_time":"20190221155928","is_ascension_mode":true,"campfire_choices":[{"data":"Skewer","floor":6,"key":"SMITH"},{"data":"Poisoned Stab","floor":8,"key":"SMITH"},{"floor":15,"key":"REST"},{"data":"Ghostly","floor":23,"key":"SMITH"}],"neow_cost":"NONE","seed_source_timestamp":191109668824916,"circlet_count":0,"master_deck":["AscendersBane","Defend_G","Defend_G","Defend_G","Defend_G","Defend_G","Strike_G","Survivor","Neutralize+1","PiercingWail","Slice","Dagger Throw","Skewer+1","Poisoned Stab+1","Adrenaline","Bouncing Flask","Night Terror","Dagger Spray","Ghostly","Ghostly+1","Ghostly","Dagger Spray","J.A.X."],"relics":["Ring of the Snake","The Specimen","Pear","Sundial","Gremlin Horn","Pen Nib","Black Star","Dead Branch","Darkstone Periapt"],"potions_floor_usage":[10,10,11,11,16,24,24,25],"damage_taken":[{"damage":0,"enemies":"Cultist","floor":1,"turns":6},{"damage":0,"enemies":"Small Slimes","floor":3,"turns":5},{"damage":0,"enemies":"2 Louse","floor":4,"turns":3},{"damage":28,"enemies":"Gremlin Nob","floor":7,"turns":5},{"damage":9,"enemies":"Lagavulin","floor":10,"turns":9},{"damage":0,"enemies":"Looter","floor":11,"turns":1},{"damage":1,"enemies":"Gremlin Nob","floor":12,"turns":3},{"damage":21,"enemies":"3 Sentries","floor":14,"turns":7},{"damage":27,"enemies":"Slime Boss","floor":16,"turns":11},{"damage":0,"enemies":"Chosen","floor":18,"turns":4},{"damage":5,"enemies":"2 Thieves","floor":20,"turns":4},{"damage":3,"enemies":"Colosseum Slavers","floor":24,"turns":5},{"damage":27,"enemies":"Colosseum Nobs","floor":24,"turns":5},{"damage":20,"enemies":"Slavers","floor":25,"turns":5}],"seed_played":"-7718427175013139286","potions_obtained":[{"floor":4,"key":"Fruit Juice"},{"floor":7,"key":"EssenceOfSteel"},{"floor":10,"key":"EntropicBrew"},{"floor":12,"key":"FearPotion"},{"floor":24,"key":"Regen Potion"}],"is_trial":false,"path_per_floor":["M","?","M","M","$","R","E","R","T","E","M","E","$","E","R","B",null,"M","?","M","?","$","R","?","E"],"character_chosen":"THE_SILENT","items_purchased":["Skewer","Strength Potion"],"campfire_rested":1,"item_purchase_floors":[5,22],"current_hp_per_floor":[59,59,59,59,59,59,31,31,41,37,37,36,36,15,39,12,64,64,40,35,35,35,35,5,0],"gold":117,"neow_bonus":"UPGRADE_CARD","is_prod":false,"is_daily":false,"chose_seed":false,"campfire_upgraded":3,"win_rate":0,"timestamp":1550782768,"path_taken":["M","?","M","?","$","R","E","R","T","E","M","E","$","E","R","BOSS","M","?","M","?","$","R","?","E"],"build_version":"2019-01-23","purchased_purges":3,"victory":false,"max_hp_per_floor":[66,66,66,66,66,66,66,66,76,81,81,81,81,81,81,81,81,81,40,40,40,40,40,40,40],"card_choices":[{"not_picked":["Eviscerate","Heel Hook"],"picked":"PiercingWail","floor":1},{"not_picked":["Deflect","Outmaneuver"],"picked":"Slice","floor":3},{"not_picked":["Deflect","Outmaneuver"],"picked":"Dagger Throw","floor":4},{"not_picked":["Bane","PiercingWail"],"picked":"Poisoned Stab","floor":7},{"not_picked":["Endless Agony","Choke"],"picked":"Adrenaline","floor":10},{"not_picked":["PiercingWail","Choke"],"picked":"Bouncing Flask","floor":11},{"not_picked":["Infinite Blades","Eviscerate","Calculated Gamble"],"picked":"SKIP","floor":12},{"not_picked":["Bane","Dash","Heel Hook"],"picked":"SKIP","floor":14},{"not_picked":["Grand Finale","Venomology"],"picked":"Night Terror","floor":16},{"not_picked":["Cloak And Dagger","Deflect"],"picked":"Dagger Spray","floor":18},{"not_picked":["Sucker Punch","Slice"],"picked":"Dagger Spray","floor":20}],"player_experience":811789,"relics_obtained":[{"floor":7,"key":"The Specimen"},{"floor":9,"key":"Pear"},{"floor":10,"key":"Sundial"},{"floor":12,"key":"Gremlin Horn"},{"floor":14,"key":"Pen Nib"},{"floor":24,"key":"Dead Branch"},{"floor":24,"key":"Darkstone Periapt"}],"event_choices":[{"cards_removed":["Strike_G"],"damage_healed":0,"gold_gain":0,"player_choice":"Offered Basic","damage_taken":0,"max_hp_gain":0,"max_hp_loss":0,"event_name":"Bonfire Elementals","floor":2,"gold_loss":0},{"damage_healed":0,"gold_gain":0,"player_choice":"Became a Ghost","damage_taken":0,"max_hp_gain":0,"max_hp_loss":41,"event_name":"Ghosts","floor":19,"gold_loss":0,"cards_obtained":["Ghostly","Ghostly","Ghostly"]},{"damage_healed":0,"gold_gain":0,"player_choice":"Obtain J.A.X.","damage_taken":0,"max_hp_gain":0,"max_hp_loss":0,"event_name":"Drug Dealer","floor":21,"gold_loss":0,"cards_obtained":["J.A.X."]},{"damage_healed":0,"gold_gain":0,"player_choice":"Fight","damage_taken":0,"max_hp_gain":0,"max_hp_loss":0,"event_name":"Colosseum","floor":24,"gold_loss":0},{"damage_healed":0,"gold_gain":0,"player_choice":"Fought Nobs","damage_taken":0,"max_hp_gain":0,"max_hp_loss":0,"event_name":"Colosseum","floor":24,"gold_loss":0}],"is_beta":false,"boss_relics":[{"not_picked":["Tiny House","WristBlade"],"picked":"Black Star"}],"items_purged_floors":[5,13,22],"is_endless":false,"potions_floor_spawned":[4,7,10,12,24,24],"killed_by":"Slavers","ascension_level":16}