{"gold_per_floor":[209,224,243,318,5,5,17,44,68,68,100,100,179,197,197,294,294,311,321,341,341,369,369,379,379,379,379,379,389,400,60,60,155,205,218,236,236,64,75,75,94,94,94,94,114,214,62,62,62,62],"floor_reached":50,"playtime":3328,"items_purged":["Strike_G","Writhe"],"score":590,"play_id":"c866260f-6eac-453f-a493-0f045011b22e","local_time":"20190206231118","is_ascension_mode":true,"campfire_choices":[{"data":"Glass Knife","floor":6,"key":"SMITH"},{"floor":10,"key":"REST"},{"floor":12,"key":"RECALL"},{"data":"Neutralize","floor":15,"key":"SMITH"},{"data":"Footwork","floor":23,"key":"SMITH"},{"floor":25,"key":"REST"},{"data":"Footwork","floor":28,"key":"SMITH"},{"floor":32,"key":"REST"},{"data":"Accuracy","floor":40,"key":"SMITH"},{"floor":42,"key":"REST"},{"data":"After Image","floor":44,"key":"SMITH"},{"floor":49,"key":"REST"}],"neow_cost":"NONE","seed_source_timestamp":4201401689885,"circlet_count":0,"master_deck":["Defend_G","Defend_G","Defend_G","Defend_G","Defend_G","Strike_G+1","Strike_G+1","Strike_G","Strike_G","Survivor","Neutralize+1","Infinite Blades","Backflip","Cloak And Dagger","Glass Knife+1","Cloak And Dagger","Infinite Blades","Footwork+1","Footwork+1","After Image+1","Cloak And Dagger+1","Terror","Terror+1","Accuracy+1","Parasite"],"relics":["Ring of the Snake","Pen Nib","Whetstone","Regal Pillow","Bag of Marbles","Lizard Tail","MutagenicStrength","Red Mask","Ornamental Fan","Blood Vial","Tiny Chest","Tiny House","StoneCalendar","Vajra"],"potions_floor_usage":[20,22,22,33,33,39,41,48,50],"damage_taken":[{"damage":6,"enemies":"Small Slimes","floor":1,"turns":5},{"damage":3,"enemies":"Jaw Worm","floor":2,"turns":6},{"damage":1,"enemies":"2 Louse","floor":3,"turns":3},{"damage":2,"enemies":"Blue Slaver","floor":7,"turns":3},{"damage":22,"enemies":"Gremlin Nob","floor":8,"turns":4},{"damage":10,"enemies":"Lagavulin","floor":11,"turns":7},{"damage":22,"enemies":"Gremlin Gang","floor":14,"turns":5},{"damage":10,"enemies":"The Guardian","floor":16,"turns":13},{"damage":2,"enemies":"Chosen","floor":18,"turns":3},{"damage":7,"enemies":"Spheric Guardian","floor":19,"turns":6},{"damage":18,"enemies":"Cultist and Chosen","floor":20,"turns":7},{"damage":35,"enemies":"Masked Bandits","floor":22,"turns":7},{"damage":26,"enemies":"Snecko","floor":24,"turns":5},{"damage":8,"enemies":"Colosseum Slavers","floor":27,"turns":5},{"damage":0,"enemies":"Shelled Parasite and Fungi","floor":29,"turns":3},{"damage":21,"enemies":"Snake Plant","floor":30,"turns":7},{"damage":52,"enemies":"Champ","floor":33,"turns":19},{"damage":23,"enemies":"3 Darklings","floor":35,"turns":9},{"damage":2,"enemies":"3 Shapes","floor":36,"turns":8},{"damage":33,"enemies":"Writhing Mass","floor":39,"turns":9},{"damage":9,"enemies":"Maw","floor":41,"turns":8},{"damage":18,"enemies":"Sphere and 2 Shapes","floor":45,"turns":8},{"damage":13,"enemies":"Mind Bloom Boss Battle","floor":46,"turns":7},{"damage":0,"enemies":"Writhing Mass","floor":48,"turns":3},{"damage":71,"enemies":"Awakened One","floor":50,"turns":3}],"seed_played":"6151156627941456151","potions_obtained":[{"floor":7,"key":"GhostInAJar"},{"floor":8,"key":"Block Potion"},{"floor":14,"key":"SteroidPotion"},{"floor":29,"key":"Dexterity Potion"},{"floor":30,"key":"SkillPotion"},{"floor":33,"key":"GamblersBrew"},{"floor":34,"key":"Weak Potion"},{"floor":35,"key":"PowerPotion"},{"floor":45,"key":"SmokeBomb"}],"is_trial":false,"path_per_floor":["M","M","M","?","$","R","M","E","T","R","E","R","?","M","R","B",null,"M","M","M","?","?","R","M","R","T","?","R","M","M","$","R","B",null,"M","M","?","$","M","R","M","R","T","R","M","?","$","M","R","B"],"character_chosen":"THE_SILENT","items_purchased":["Glass Knife","Pen Nib","Blood Vial","Tiny Chest","Accuracy","Vajra"],"campfire_rested":5,"item_purchase_floors":[5,5,31,31,38,47],"current_hp_per_floor":[57,54,53,42,42,42,40,18,18,54,44,44,44,22,22,12,56,54,47,29,29,35,35,9,45,45,37,37,37,16,16,52,2,58,37,37,56,56,25,25,18,55,55,55,39,28,28,30,67,0],"gold":62,"neow_bonus":"HUNDRED_GOLD","is_prod":false,"is_daily":false,"chose_seed":false,"campfire_upgraded":6,"win_rate":0,"timestamp":1549523478,"path_taken":["M","M","M","?","$","R","M","E","T","R","E","R","?","M","R","BOSS","M","M","M","?","?","R","M","R","T","?","R","M","M","$","R","BOSS","M","M","?","$","M","R","M","R","T","R","M","?","?","M","R","BOSS"],"build_version":"2019-01-23","purchased_purges":2,"victory":false,"max_hp_per_floor":[70,70,70,70,70,70,70,70,70,70,70,70,70,70,70,70,70,70,70,70,70,70,70,70,70,70,70,70,70,70,70,70,70,75,75,75,75,75,75,75,75,75,75,75,75,75,75,75,75,75],"card_choices":[{"not_picked":["Blade Dance","Dodge and Roll"],"picked":"Infinite Blades","floor":1},{"not_picked":["Dagger Spray","Sucker Punch"],"picked":"Backflip","floor":2},{"not_picked":["Dodge and Roll","Skewer"],"picked":"Cloak And Dagger","floor":3},{"not_picked":["Deadly Poison","Bane"],"picked":"Cloak And Dagger","floor":7},{"not_picked":["Storm of Steel","Flechettes"],"picked":"Infinite Blades","floor":8},{"not_picked":["PiercingWail","Night Terror"],"picked":"Footwork","floor":11},{"not_picked":["Backflip","Quick Slash"],"picked":"Footwork","floor":14},{"not_picked":["Glass Knife","Night Terror"],"picked":"After Image","floor":16},{"not_picked":["Blade Dance","Dodge and Roll"],"picked":"Cloak And Dagger","floor":18},{"not_picked":["Crippling Poison","Dodge and Roll"],"picked":"Terror","floor":19},{"not_picked":["Well Laid Plans","Slice","Bane+1"],"picked":"SKIP","floor":20},{"not_picked":["Sucker Punch","PiercingWail","Storm of Steel"],"picked":"SKIP","floor":24},{"not_picked":["Outmaneuver","Bane+1","Flying Knee"],"picked":"SKIP","floor":29},{"not_picked":["Heel Hook","Dodge and Roll+1","Sucker Punch"],"picked":"SKIP","floor":30},{"not_picked":["Footwork","Deflect+1"],"picked":"Terror+1","floor":35},{"not_picked":["Bouncing Flask+1","PiercingWail+1","Finisher"],"picked":"SKIP","floor":36},{"not_picked":["Calculated Gamble","Flying Knee","Endless Agony+1"],"picked":"SKIP","floor":39},{"not_picked":["Outmaneuver+1","All Out Attack+1","Dagger Spray+1"],"picked":"SKIP","floor":41},{"not_picked":["Dagger Throw","Dagger Spray+1","Backflip+1"],"picked":"SKIP","floor":45}],"player_experience":284458,"relics_obtained":[{"floor":8,"key":"Whetstone"},{"floor":9,"key":"Regal Pillow"},{"floor":11,"key":"Bag of Marbles"},{"floor":22,"key":"Red Mask"},{"floor":26,"key":"Ornamental Fan"},{"floor":46,"key":"StoneCalendar"}],"event_choices":[{"damage_healed":0,"gold_gain":75,"player_choice":"Gather Gold","damage_taken":11,"max_hp_gain":0,"max_hp_loss":0,"event_name":"World of Goop","floor":4,"gold_loss":0},{"damage_healed":0,"gold_gain":79,"player_choice":"Gained Gold","damage_taken":0,"max_hp_gain":0,"max_hp_loss":0,"event_name":"Golden Wing","floor":13,"gold_loss":0},{"damage_healed":0,"gold_gain":0,"player_choice":"Inject Mutagens","damage_taken":0,"relics_obtained":["MutagenicStrength"],"max_hp_gain":0,"max_hp_loss":0,"event_name":"Drug Dealer","floor":21,"gold_loss":0},{"damage_healed":0,"gold_gain":0,"player_choice":"Fought Bandits","damage_taken":0,"max_hp_gain":0,"max_hp_loss":0,"event_name":"Masked Bandits","floor":22,"gold_loss":0},{"damage_healed":0,"gold_gain":0,"player_choice":"Fight","damage_taken":0,"max_hp_gain":0,"max_hp_loss":0,"event_name":"Colosseum","floor":27,"gold_loss":0},{"damage_healed":0,"gold_gain":0,"player_choice":"Fled From Nobs","damage_taken":0,"max_hp_gain":0,"max_hp_loss":0,"event_name":"Colosseum","floor":27,"gold_loss":0},{"damage_healed":19,"gold_gain":0,"player_choice":"Writhe","damage_taken":0,"max_hp_gain":0,"max_hp_loss":0,"event_name":"Winding Halls","floor":37,"gold_loss":0,"cards_obtained":["Writhe"]},{"damage_healed":0,"gold_gain":0,"player_choice":"Fight","damage_taken":0,"max_hp_gain":0,"max_hp_loss":0,"event_name":"MindBloom","floor":46,"gold_loss":0}],"is_beta":false,"boss_relics":[{"not_picked":["Orrery","Philosopher\u0027s Stone"],"picked":"Lizard Tail"},{"not_picked":["Calling Bell","Snecko Eye"],"picked":"Tiny House"}],"items_purged_floors":[31,38],"is_endless":false,"potions_floor_spawned":[7,8,14,18,29,30,33,35,45],"killed_by":"Awakened One","ascension_level":6}