{"gold_per_floor":[113,129,144,144,159,186,186,186],"floor_reached":8,"playtime":394,"items_purged":[],"score":70,"play_id":"3b16cf53-c639-44fa-8645-52079f1c5df0","local_time":"20190216162614","is_ascension_mode":true,"campfire_choices":[{"floor":7,"key":"REST"}],"neow_cost":"NONE","seed_source_timestamp":19364873157672,"circlet_count":0,"master_deck":["Defend_G","Defend_G+1","Defend_G","Defend_G","Defend_G","Strike_G+1","Strike_G","Strike_G","Strike_G","Strike_G","Survivor","Neutralize","Dodge and Roll","PiercingWail","Flechettes","Prepared","Burst"],"special_seed":0,"relics":["Ring of the Snake","Lantern","Bag of Marbles"],"potions_floor_usage":[6],"damage_taken":[{"damage":1.0,"enemies":"2 Louse","floor":1.0,"turns":2.0},{"damage":0.0,"enemies":"Jaw Worm","floor":2.0,"turns":4.0},{"damage":2.0,"enemies":"Cultist","floor":3.0,"turns":5.0},{"damage":6.0,"enemies":"Large Slime","floor":5.0,"turns":9.0},{"damage":15,"enemies":"Gremlin Nob","floor":6,"turns":5},{"damage":55,"enemies":"Lagavulin","floor":8,"turns":8}],"seed_played":"-597951648261920975","potions_obtained":[{"floor":2.0,"key":"GhostInAJar"}],"is_trial":false,"path_per_floor":["M","M","M","?","M","E","R","E"],"character_chosen":"THE_SILENT","items_purchased":[],"campfire_rested":1,"item_purchase_floors":[],"current_hp_per_floor":[69,69,67,53,47,32,53,0],"gold":186,"neow_bonus":"RANDOM_COMMON_RELIC","is_prod":false,"is_daily":false,"chose_seed":false,"campfire_upgraded":0,"win_rate":0,"timestamp":1550301974,"path_taken":["M","M","M","?","M","E","R","E"],"build_version":"2019-01-23","purchased_purges":0,"victory":false,"max_hp_per_floor":[70,70,70,70,70,70,70,70],"card_choices":[{"not_picked":["Blade Dance","Prepared"],"picked":"Dodge and Roll","floor":1.0},{"not_picked":["Poisoned Stab","Quick Slash"],"picked":"PiercingWail","floor":2.0},{"not_picked":["Blade Dance","Dodge and Roll"],"picked":"Flechettes","floor":3.0},{"not_picked":["Dodge and Roll","Endless Agony"],"picked":"Prepared","floor":5.0},{"not_picked":["Storm of Steel","Dodge and Roll"],"picked":"Burst","floor":6}],"player_experience":362682,"relics_obtained":[{"floor":6,"key":"Bag of Marbles"}],"event_choices":[{"damage_healed":0.0,"max_hp_gain":0.0,"max_hp_loss":0.0,"gold_gain":0.0,"event_name":"Shining Light","player_choice":"Entered Light","floor":4.0,"gold_loss":0.0,"damage_taken":14.0,"cards_upgraded":["Defend_G","Strike_G"]}],"is_beta":false,"boss_relics":[],"items_purged_floors":[],"is_endless":false,"potions_floor_spawned":[2],"killed_by":"Lagavulin","ascension_level":4}