{"gold_per_floor":[117,130,130,142,142,176,191,219,219,219,270,270,270,299,299,394,394,414,414,427,337,143,143,158,173,173,173,198,198,213,213],"floor_reached":31,"playtime":1042,"items_purged":[],"score":354,"play_id":"717e1f10-b498-4b15-becd-5cdda0631ca0","local_time":"20190117120245","is_ascension_mode":true,"campfire_choices":[{"floor":10.0,"key":"REST"},{"data":"Flame Barrier","floor":13.0,"key":"SMITH"},{"data":"Metallicize","floor":15.0,"key":"SMITH"},{"data":"Offering","floor":23,"key":"SMITH"},{"data":"Cleave","floor":27,"key":"SMITH"},{"data":"Feel No Pain","floor":29,"key":"SMITH"}],"neow_cost":"NONE","seed_source_timestamp":7654357723763,"circlet_count":0,"master_deck":["Strike_R","Strike_R","Strike_R","Strike_R","Strike_R","Defend_R","Defend_R","Defend_R","Defend_R","Bash","Perfected Strike+1","Cleave+1","Wild Strike","Flame Barrier+1","Offering+1","Metallicize+1","Fiend Fire+1","Master of Strategy","Feel No Pain+1","Burning Pact+1","Wild Strike"],"special_seed":0,"relics":["Burning Blood","Bronze Scales","Singing Bowl","Sundial","Bottled Lightning","The Courier","White Beast Statue","MutagenicStrength","Molten Egg 2","Omamori"],"potions_floor_usage":[16,24,31],"damage_taken":[{"damage":10.0,"enemies":"Small Slimes","floor":1.0,"turns":3.0},{"damage":2.0,"enemies":"Jaw Worm","floor":2.0,"turns":3.0},{"damage":0.0,"enemies":"2 Louse","floor":4.0,"turns":2.0},{"damage":16.0,"enemies":"Gremlin Nob","floor":6.0,"turns":3.0},{"damage":20.0,"enemies":"Exordium Thugs","floor":7.0,"turns":4.0},{"damage":28.0,"enemies":"Lagavulin","floor":8.0,"turns":5.0},{"damage":30.0,"enemies":"3 Sentries","floor":14.0,"turns":6.0},{"damage":32,"enemies":"Slime Boss","floor":16,"turns":10},{"damage":14,"enemies":"2 Thieves","floor":18,"turns":4},{"damage":9,"enemies":"Chosen","floor":20,"turns":4},{"damage":12,"enemies":"Centurion and Healer","floor":24,"turns":6},{"damage":6,"enemies":"Sentry and Sphere","floor":25,"turns":4},{"damage":19,"enemies":"Snecko","floor":30,"turns":3},{"damage":67,"enemies":"Slavers","floor":31,"turns":4}],"seed_played":"-7805976863851063487","potions_obtained":[{"floor":6.0,"key":"Fire Potion"},{"floor":8.0,"key":"Ancient Potion"},{"floor":14.0,"key":"Regen Potion"},{"floor":16,"key":"SteroidPotion"},{"floor":18,"key":"SpeedPotion"},{"floor":20,"key":"BloodPotion"},{"floor":24,"key":"Poison Potion"}],"is_trial":false,"path_per_floor":["M","M","?","M","?","E","M","E","T","R","?","?","R","E","R","B",null,"M","?","M","?","$","R","M","M","T","R","T","R","M","E"],"character_chosen":"IRONCLAD","items_purchased":["Master of Strategy","Feel No Pain"],"campfire_rested":1,"item_purchase_floors":[22,22],"current_hp_per_floor":[68,72,72,78,78,68,56,34,34,58,58,78,78,54,54,43,72,66,66,65,65,65,65,67,67,67,67,67,67,56,0],"gold":213,"neow_bonus":"RANDOM_COMMON_RELIC","is_prod":false,"is_daily":false,"chose_seed":false,"campfire_upgraded":5,"win_rate":0,"timestamp":1547694165,"path_taken":["M","M","?","M","?","E","M","E","T","R","?","?","R","E","R","BOSS","M","?","M","?","$","R","M","?","T","R","?","R","M","E"],"build_version":"2019-01-10","purchased_purges":0,"victory":false,"max_hp_per_floor":[80,80,80,80,80,80,82,82,82,82,82,82,82,82,82,82,82,84,84,86,83,83,83,83,83,83,83,83,83,85,85],"card_choices":[{"not_picked":["True Grit","Warcry"],"picked":"Perfected Strike","floor":1.0},{"not_picked":["Havoc","Perfected Strike"],"picked":"Cleave","floor":2.0},{"not_picked":["Dropkick","Warcry"],"picked":"Wild Strike","floor":4.0},{"not_picked":["Flex","True Grit"],"picked":"Flame Barrier","floor":6.0},{"not_picked":["Havoc","Sever Soul","Infernal Blade"],"picked":"Singing Bowl","floor":7.0},{"not_picked":["Havoc","Bloodletting"],"picked":"Offering","floor":8.0},{"not_picked":["Flex","Combust"],"picked":"Metallicize","floor":14.0},{"not_picked":["Immolate","Exhume"],"picked":"Fiend Fire","floor":16},{"not_picked":["Headbutt","Thunderclap","Sentinel+1"],"picked":"Singing Bowl","floor":18},{"not_picked":["Havoc","Warcry","Sever Soul"],"picked":"Singing Bowl","floor":20},{"not_picked":["Anger","Evolve"],"picked":"Burning Pact+1","floor":24},{"not_picked":["Seeing Red","Sword Boomerang"],"picked":"Wild Strike","floor":25},{"not_picked":["Flex","Hemokinesis+1","Havoc+1"],"picked":"Singing Bowl","floor":30}],"player_experience":241833,"relics_obtained":[{"floor":6.0,"key":"Singing Bowl"},{"floor":8.0,"key":"Sundial"},{"floor":9.0,"key":"Bottled Lightning"},{"floor":14.0,"key":"The Courier"},{"floor":26,"key":"Molten Egg 2"},{"floor":28,"key":"Omamori"}],"event_choices":[{"damage_healed":0.0,"max_hp_gain":0.0,"max_hp_loss":0.0,"gold_gain":0.0,"event_name":"Shining Light","player_choice":"Ignored","floor":3.0,"gold_loss":0.0,"damage_taken":0.0},{"damage_healed":0.0,"max_hp_gain":0.0,"max_hp_loss":0.0,"gold_gain":0.0,"event_name":"Living Wall","player_choice":"Grow","floor":5.0,"gold_loss":0.0,"damage_taken":0.0,"cards_upgraded":["Perfected Strike"]},{"damage_healed":0.0,"max_hp_gain":0.0,"max_hp_loss":0.0,"gold_gain":51.0,"event_name":"Golden Wing","player_choice":"Gained Gold","floor":11.0,"gold_loss":0.0,"damage_taken":0.0},{"damage_healed":20.0,"max_hp_gain":0.0,"max_hp_loss":0.0,"gold_gain":0.0,"event_name":"Mushrooms","player_choice":"Healed and dodged fight","floor":12.0,"gold_loss":0.0,"damage_taken":0.0,"cards_obtained":["Parasite"]},{"damage_healed":0,"gold_gain":0,"player_choice":"Inject Mutagens","damage_taken":0,"relics_obtained":["MutagenicStrength"],"max_hp_gain":0,"max_hp_loss":0,"event_name":"Drug Dealer","floor":19,"gold_loss":0},{"cards_removed":["Parasite"],"damage_healed":0,"gold_gain":0,"player_choice":"Upgrade and Remove","damage_taken":0,"max_hp_gain":0,"max_hp_loss":0,"event_name":"Designer","floor":21,"gold_loss":90,"cards_upgraded":["Fiend Fire"]}],"is_beta":false,"boss_relics":[{"not_picked":["Cursed Key","Fusion Hammer"],"picked":"White Beast Statue"}],"items_purged_floors":[],"is_endless":false,"potions_floor_spawned":[6,8,14,16,18,20,24,25,30],"killed_by":"Slavers","ascension_level":8}