{"gold_per_floor":[117,67,142,154,171,171,204,204,204,204,215,215,215,255,255,386,386,405,389,52,76,96,134,134,12,12,12],"floor_reached":27,"playtime":1179,"items_purged":["Strike_B"],"score":374,"play_id":"07fe9f26-ec07-4c45-bca3-5c188417d381","local_time":"20190129150037","is_ascension_mode":true,"campfire_choices":[{"data":"Chaos","floor":6,"key":"SMITH"},{"data":"Dualcast","floor":8,"key":"SMITH"},{"floor":10,"key":"REST"},{"data":"Barrage","floor":15,"key":"SMITH"},{"floor":24,"key":"REST"}],"neow_cost":"TEN_PERCENT_HP_LOSS","seed_source_timestamp":1002364282653884,"circlet_count":0,"master_deck":["AscendersBane","Strike_B","Strike_B","Defend_B","Defend_B","Defend_B","Defend_B","Zap","Dualcast+1","Barrage+1","Cold Snap","Chaos+1","Chill","Blizzard","Cold Snap","Glacier","Defragment","Turbo","Sweeping Beam","Echo Form","Force Field","Self Repair","Chaos+1","Panacea+1","Turbo+1","Steam+1","White Noise+1","Conserve Battery+1"],"relics":["Cracked Core","Prayer Wheel","Matryoshka","Pen Nib","Mercury Hourglass","Golden Idol","Ornamental Fan","Inserter","Toxic Egg 2","Peace Pipe","Question Card","Orichalcum"],"potions_floor_usage":[14,16,19,23,23],"damage_taken":[{"damage":2,"enemies":"Jaw Worm","floor":1,"turns":3},{"damage":1,"enemies":"2 Louse","floor":4,"turns":3},{"damage":0,"enemies":"Small Slimes","floor":5,"turns":3},{"damage":17,"enemies":"Lagavulin","floor":7,"turns":7},{"damage":0,"enemies":"Exordium Wildlife","floor":11,"turns":2},{"damage":4,"enemies":"Gremlin Nob","floor":14,"turns":5},{"damage":22,"enemies":"Hexaghost","floor":16,"turns":9},{"damage":6,"enemies":"Chosen","floor":18,"turns":6},{"damage":21,"enemies":"2 Thieves","floor":19,"turns":4},{"damage":24,"enemies":"3 Cultists","floor":21,"turns":5},{"damage":0,"enemies":"Centurion and Healer","floor":22,"turns":8},{"damage":15,"enemies":"Slavers","floor":23,"turns":6},{"damage":35,"enemies":"Gremlin Leader","floor":27,"turns":2}],"seed_played":"-8059454791919083650","potions_obtained":[{"floor":1,"key":"Swift Potion"},{"floor":7,"key":"Explosive Potion"},{"floor":14,"key":"Poison Potion"},{"floor":19,"key":"Dexterity Potion"},{"floor":21,"key":"Fire Potion"}],"is_trial":false,"path_per_floor":["M","?","?","M","M","R","E","R","T","R","M","?","?","E","R","B",null,"M","M","$","M","M","E","R","$","T","E"],"character_chosen":"DEFECT","items_purchased":["Toxic Egg 2","Panacea+1","Conserve Battery+1"],"campfire_rested":2,"item_purchase_floors":[20,20,25],"current_hp_per_floor":[66,66,55,54,54,54,37,37,37,57,57,57,62,58,58,36,60,54,33,33,16,16,8,28,28,28,0],"gold":12,"neow_bonus":"ONE_RARE_RELIC","is_prod":false,"is_daily":false,"chose_seed":false,"campfire_upgraded":3,"win_rate":0,"timestamp":1548792037,"path_taken":["M","?","?","M","M","R","E","R","T","R","M","?","?","E","R","BOSS","M","M","$","M","M","E","R","$","T","E"],"build_version":"2019-01-23","purchased_purges":1,"victory":false,"max_hp_per_floor":[68,68,68,68,68,68,68,68,68,68,68,63,68,68,68,68,68,68,68,68,68,68,68,68,68,68,68],"card_choices":[{"not_picked":["Go for the Eyes","Hello World"],"picked":"Barrage","floor":1},{"not_picked":["Scrape","Skim"],"picked":"Cold Snap","floor":1},{"not_picked":["Rebound","Beam Cell"],"picked":"Chaos","floor":4},{"not_picked":["Conserve Battery","Sunder"],"picked":"Chill","floor":4},{"not_picked":["Multi-Cast","Storm"],"picked":"Blizzard","floor":5},{"not_picked":["Ball Lightning","Sweeping Beam"],"picked":"Cold Snap","floor":5},{"not_picked":["Melter","Leap"],"picked":"Glacier","floor":7},{"not_picked":["Recycle","Auto Shields"],"picked":"Defragment","floor":11},{"not_picked":["Barrage","Reinforced Body"],"picked":"Turbo","floor":11},{"not_picked":["Reprogram","Go for the Eyes"],"picked":"Sweeping Beam","floor":14},{"not_picked":["Multi-Cast","Hyperbeam"],"picked":"Echo Form","floor":16},{"not_picked":["Sunder+1","Stack+1"],"picked":"Force Field","floor":18},{"not_picked":["Reinforced Body","Streamline+1","Redo"],"picked":"SKIP","floor":18},{"not_picked":["Barrage","Compile Driver+1"],"picked":"Self Repair","floor":19},{"not_picked":["Stack","Turbo+1"],"picked":"Chaos+1","floor":19},{"not_picked":["Rebound","Doom and Gloom"],"picked":"Turbo+1","floor":21},{"not_picked":["Sweeping Beam+1","Doom and Gloom","Streamline"],"picked":"SKIP","floor":21},{"not_picked":["Stack+1","Double Energy+1"],"picked":"Steam+1","floor":22},{"not_picked":["Creative AI","Turbo+1"],"picked":"White Noise+1","floor":22},{"not_picked":["Go for the Eyes","Streamline+1","Hyperbeam"],"picked":"SKIP","floor":23}],"player_experience":538538,"relics_obtained":[{"floor":7,"key":"Matryoshka"},{"floor":9,"key":"Pen Nib"},{"floor":9,"key":"Mercury Hourglass"},{"floor":14,"key":"Ornamental Fan"},{"floor":23,"key":"Peace Pipe"},{"floor":26,"key":"Question Card"},{"floor":26,"key":"Orichalcum"}],"event_choices":[{"cards_removed":["Strike_B"],"damage_healed":0,"gold_gain":0,"player_choice":"Card Removal","damage_taken":0,"max_hp_gain":0,"max_hp_loss":0,"event_name":"The Cleric","floor":2,"gold_loss":50},{"damage_healed":0,"gold_gain":75,"player_choice":"Gather Gold","damage_taken":11,"max_hp_gain":0,"max_hp_loss":0,"event_name":"World of Goop","floor":3,"gold_loss":0},{"damage_healed":0,"gold_gain":0,"player_choice":"Lose Max HP","damage_taken":0,"relics_obtained":["Golden Idol"],"max_hp_gain":0,"max_hp_loss":5,"event_name":"Golden Idol","floor":12,"gold_loss":0},{"damage_healed":0,"gold_gain":0,"player_choice":"Donut","damage_taken":0,"max_hp_gain":5,"max_hp_loss":0,"event_name":"Big Fish","floor":13,"gold_loss":0}],"is_beta":false,"boss_relics":[{"not_picked":["Empty Cage","Cursed Key"],"picked":"Inserter"}],"items_purged_floors":[25],"is_endless":false,"potions_floor_spawned":[1,7,11,14,19,21],"killed_by":"Gremlin Leader","ascension_level":11}