{"path_per_floor":["M","M","?","$","M","E","R","M","T","R","T","M","M","M","R","B",null,"M","?","?","M","$","R","M","M","T","R","?","$","M","M","R","B",null,"M","?","M"],"character_chosen":"THE_SILENT","items_purchased":["Footwork","Panache"],"gold_per_floor":[218,238,238,91,104,132,132,144,144,144,191,210,223,240,240,335,335,335,335,335,290,1,1,1,1,1,1,1,1,1,1,1,1,1,1,1,1,1],"floor_reached":38,"campfire_rested":3,"playtime":2486,"current_hp_per_floor":[70,70,58,58,57,26,47,46,46,67,67,64,64,64,64,41,70,67,67,51,48,48,48,41,35,35,70,57,57,57,52,52,20,75,62,14,12,0],"items_purged":["Strike_G","Defend_G"],"gold":1,"score":380,"play_id":"3c90b569-dea3-467b-b75d-8539b9180cc1","local_time":"20180419095111","is_prod":false,"is_daily":false,"chose_seed":false,"is_ascension_mode":false,"campfire_upgraded":3,"timestamp":1524156671,"path_taken":["M","M","?","$","M","E","R","M","T","R","?","M","?","M","R","BOSS","M","?","?","?","$","R","M","M","T","R","?","?","?","M","R","BOSS","M","?","M","M"],"build_version":"2018-04-12","seed_source_timestamp":725560523684710,"purchased_purges":2,"victory":false,"master_deck":["Defend_G","Defend_G","Defend_G","Defend_G","Strike_G","Strike_G","Strike_G","Strike_G","Survivor","Neutralize+1","Slice","Dagger Throw","Footwork","Flying Knee","Blade Dance","Calculated Gamble+1","Quick Slash+1","Adrenaline+1","Underhanded Strike+1","Panacea","Footwork","Panache","Backflip+1","Noxious Fumes","Distraction+1","Envenom","Accuracy","Cloak And Dagger","Terror+1"],"max_hp_per_floor":[70,70,70,70,70,70,70,70,70,70,70,70,70,70,70,70,70,70,70,70,70,70,70,70,70,70,70,75,75,75,75,75,75,75,75,75,75,75],"relics":["Ring of the Snake","Shuriken","Orichalcum","Molten Egg 2","Regal Pillow","Ectoplasm","Blue Candle","Black Star","Peace Pipe"],"card_choices":[{"not_picked":["Prepared","Bane"],"picked":"Slice","floor":1},{"not_picked":["Choke","Riddle With Holes"],"picked":"Dagger Throw","floor":2},{"not_picked":["Riddle With Holes","Bane"],"picked":"Flying Knee","floor":5},{"not_picked":["Reflex","Acrobatics"],"picked":"Blade Dance","floor":6},{"not_picked":["Deflect","Flechettes"],"picked":"Calculated Gamble","floor":8},{"not_picked":["PiercingWail","Tactician"],"picked":"Quick Slash","floor":12},{"not_picked":["Unload","Tactician"],"picked":"Adrenaline","floor":16},{"not_picked":["Acrobatics","Riddle With Holes"],"picked":"Underhanded Strike","floor":18},{"not_picked":["Quick Slash","Sucker Punch"],"picked":"Footwork","floor":21},{"not_picked":["Catalyst","Slice"],"picked":"Backflip","floor":24},{"not_picked":["Underhanded Strike","Dagger Spray"],"picked":"Noxious Fumes","floor":30},{"not_picked":["Deadly Poison","Catalyst"],"picked":"Distraction","floor":31},{"not_picked":["Bullet Time","Corpse Explosion"],"picked":"Envenom","floor":33},{"not_picked":["Dodge and Roll","Sucker Punch"],"picked":"Accuracy","floor":35},{"not_picked":["Poisoned Stab","Backflip"],"picked":"Cloak And Dagger","floor":36},{"not_picked":["Backflip","Cloak And Dagger"],"picked":"Terror","floor":37}],"player_experience":66048,"potions_floor_usage":[16,24,31,33,33,36],"damage_taken":[{"damage":0,"enemies":"Jaw Worm","floor":1,"turns":7},{"damage":0,"enemies":"Small Slimes","floor":2,"turns":3},{"damage":1,"enemies":"2 Louse","floor":5,"turns":3},{"damage":31,"enemies":"Lagavulin","floor":6,"turns":10},{"damage":1,"enemies":"Exordium Wildlife","floor":8,"turns":4},{"damage":3,"enemies":"Blue Slaver","floor":12,"turns":4},{"damage":0,"enemies":"Red Slaver","floor":13,"turns":4},{"damage":0,"enemies":"3 Louse","floor":14,"turns":3},{"damage":23,"enemies":"Hexaghost","floor":16,"turns":10},{"damage":3,"enemies":"Spheric Guardian","floor":18,"turns":4},{"damage":3,"enemies":"2 Thieves","floor":21,"turns":4},{"damage":7,"enemies":"Snecko","floor":24,"turns":6},{"damage":6,"enemies":"Snake Plant","floor":25,"turns":4},{"damage":0,"enemies":"Centurion and Healer","floor":30,"turns":4},{"damage":5,"enemies":"Slaver and Parasite","floor":31,"turns":6},{"damage":32,"enemies":"Champ","floor":33,"turns":10},{"damage":13,"enemies":"3 Shapes","floor":35,"turns":6},{"damage":48,"enemies":"Mysterious Sphere","floor":36,"turns":7},{"damage":2,"enemies":"Orb Walker","floor":37,"turns":3},{"damage":19,"enemies":"Sphere and 2 Shapes","floor":38,"turns":3}],"event_choices":[{"event_name":"Scrap Ooze","player_choice":"success","floor":3,"damage_taken":12},{"event_name":"Drug Dealer","player_choice":"Ignored","floor":19,"damage_taken":0},{"event_name":"Knowing Skull","player_choice":"CARD ","floor":20,"damage_taken":0},{"event_name":"Forgotten Altar","player_choice":"Shed Blood","floor":28,"damage_taken":0},{"event_name":"Mysterious Sphere","player_choice":"Fight","floor":36,"damage_taken":0}],"boss_relics":[{"not_picked":["Runic Dome","Sozu"],"picked":"Ectoplasm"},{"not_picked":["Runic Pyramid","Velvet Choker"],"picked":"Black Star"}],"potions_floor_spawned":[6,13,14,18,24,30,33],"seed_played":"2401906969093299766","killed_by":"Sphere and 2 Shapes","ascension_level":0,"is_trial":false}