{"gold_per_floor":[109,139,139,166,166,200,200,227,227,152,178,224,244,256,256,333,333,350,350,361,361],"floor_reached":21,"playtime":978,"items_purged":["Strike_R"],"score":490,"play_id":"9d50f84c-f082-4011-9dca-24a5e8740565","local_time":"20190131171400","is_ascension_mode":true,"campfire_choices":[{"floor":7,"key":"REST"},{"data":"Offering","floor":15,"key":"SMITH"}],"neow_cost":"NONE","seed_source_timestamp":1183394691900905,"circlet_count":0,"master_deck":["AscendersBane","Strike_R","Strike_R","Strike_R+1","Defend_R+1","Defend_R","Defend_R","Defend_R+1","Bash","Perfected Strike+1","Clothesline","Carnage","Offering+1","Evolve","Berserk","Corruption+1","Dual Wield"],"relics":["Black Blood","NeowsBlessing","Tiny Chest","Oddly Smooth Stone","Lantern","WingedGreaves","Bottled Flame","Vajra","War Paint","MutagenicStrength"],"potions_floor_usage":[11,16,20,21,21],"damage_taken":[{"damage":0,"enemies":"2 Louse","floor":1,"turns":1},{"damage":0,"enemies":"3 Sentries","floor":6,"turns":2},{"damage":0,"enemies":"Gremlin Nob","floor":8,"turns":1},{"damage":18,"enemies":"3 Sentries","floor":11,"turns":7},{"damage":0,"enemies":"Jaw Worm","floor":13,"turns":3},{"damage":6,"enemies":"Small Slimes","floor":14,"turns":2},{"damage":26,"enemies":"The Guardian","floor":16,"turns":15},{"damage":16,"enemies":"Spheric Guardian","floor":18,"turns":3},{"damage":18,"enemies":"3 Byrds","floor":20,"turns":6},{"damage":19,"enemies":"Colosseum Slavers","floor":21,"turns":2},{"damage":39,"enemies":"Colosseum Nobs","floor":21,"turns":4}],"seed_played":"-4532898567860592964","potions_obtained":[{"floor":6,"key":"PowerPotion"},{"floor":8,"key":"Dexterity Potion"},{"floor":16,"key":"PowerPotion"},{"floor":18,"key":"AttackPotion"},{"floor":20,"key":"Strength Potion"}],"is_trial":false,"path_per_floor":["M","?","?","T","?","E","R","E","T","$","E","T","M","M","R","B",null,"M","?","M","?"],"character_chosen":"IRONCLAD","items_purchased":[],"campfire_rested":1,"item_purchase_floors":[],"current_hp_per_floor":[74,39,32,32,9,15,37,43,43,43,31,31,37,37,37,17,61,55,55,47,0],"gold":361,"neow_bonus":"THREE_ENEMY_KILL","is_prod":false,"is_daily":false,"chose_seed":false,"campfire_upgraded":1,"win_rate":0,"timestamp":1548972840,"path_taken":["M","?","?","?","?","E","R","E","T","$","E","?","?","M","R","BOSS","M","?","M","?"],"build_version":"2019-01-23","purchased_purges":1,"victory":false,"max_hp_per_floor":[75,75,75,75,75,75,75,75,75,75,75,75,75,75,75,75,75,75,75,75,75],"card_choices":[{"not_picked":["Dropkick","Evolve"],"picked":"Perfected Strike","floor":1},{"not_picked":["Disarm","Armaments"],"picked":"Clothesline","floor":6},{"not_picked":["Fire Breathing","Disarm"],"picked":"Carnage","floor":8},{"not_picked":["Heavy Blade","Bloodletting"],"picked":"Offering","floor":11},{"not_picked":["Pommel Strike","Corruption"],"picked":"Evolve","floor":13},{"not_picked":["Clash","Heavy Blade","Second Wind"],"picked":"SKIP","floor":14},{"not_picked":["Double Tap","Fiend Fire"],"picked":"Berserk","floor":16},{"not_picked":["Dropkick","Iron Wave"],"picked":"Corruption+1","floor":18},{"not_picked":["Pommel Strike","Burning Pact"],"picked":"Dual Wield","floor":20}],"player_experience":605502,"relics_obtained":[{"floor":4,"key":"Oddly Smooth Stone"},{"floor":6,"key":"Lantern"},{"floor":8,"key":"WingedGreaves"},{"floor":9,"key":"Bottled Flame"},{"floor":11,"key":"Vajra"},{"floor":12,"key":"War Paint"}],"event_choices":[{"damage_healed":0,"gold_gain":0,"player_choice":"Success","damage_taken":35,"relics_obtained":["Tiny Chest"],"max_hp_gain":0,"max_hp_loss":0,"event_name":"Scrap Ooze","floor":2,"gold_loss":0},{"cards_removed":["Strike_R"],"damage_healed":0,"gold_gain":0,"player_choice":"Card Removal","damage_taken":7,"max_hp_gain":0,"max_hp_loss":0,"event_name":"Golden Wing","floor":3,"gold_loss":0},{"damage_healed":0,"gold_gain":0,"player_choice":"Entered Light","damage_taken":23,"max_hp_gain":0,"max_hp_loss":0,"event_name":"Shining Light","floor":5,"gold_loss":0,"cards_upgraded":["Strike_R","Perfected Strike"]},{"damage_healed":0,"gold_gain":0,"player_choice":"Inject Mutagens","damage_taken":0,"relics_obtained":["MutagenicStrength"],"max_hp_gain":0,"max_hp_loss":0,"event_name":"Drug Dealer","floor":19,"gold_loss":0},{"damage_healed":0,"gold_gain":0,"player_choice":"Fight","damage_taken":0,"max_hp_gain":0,"max_hp_loss":0,"event_name":"Colosseum","floor":21,"gold_loss":0},{"damage_healed":0,"gold_gain":0,"player_choice":"Fought Nobs","damage_taken":0,"max_hp_gain":0,"max_hp_loss":0,"event_name":"Colosseum","floor":21,"gold_loss":0}],"is_beta":false,"boss_relics":[{"not_picked":["Snecko Eye","Philosopher\u0027s Stone"],"picked":"Black Blood"}],"items_purged_floors":[10],"is_endless":false,"potions_floor_spawned":[6,8,16,18,20,21],"killed_by":"Colosseum Nobs","ascension_level":20}