{"gold_per_floor":[16,29,46,46,11,11,46,46,46,76,88,88,104,104,104,104],"floor_reached":16,"playtime":919,"items_purged":[],"score":165,"play_id":"21cdcc63-1cbf-451f-8704-8c5c6a88dad3","local_time":"20190126205800","is_ascension_mode":true,"campfire_choices":[{"data":"Fission","floor":6,"key":"SMITH"},{"data":"Consume","floor":12,"key":"SMITH"},{"floor":15,"key":"REST"}],"neow_cost":"NO_GOLD","seed_source_timestamp":764837323893149,"circlet_count":0,"master_deck":["AscendersBane","Strike_B","Strike_B","Defend_B","Defend_B","Defend_B+1","Defend_B","Zap","Dualcast+1","Fission+1","Steam Power","Conserve Battery","Coolheaded","Compile Driver","Amplify","Defragment","Consume+1","Ball Lightning"],"relics":["Cracked Core","Bird Faced Urn","Shuriken"],"potions_floor_usage":[10,10,16],"damage_taken":[{"damage":1,"enemies":"2 Louse","floor":1,"turns":2},{"damage":12,"enemies":"Small Slimes","floor":2,"turns":6},{"damage":0,"enemies":"Jaw Worm","floor":3,"turns":5},{"damage":32,"enemies":"3 Sentries","floor":7,"turns":17},{"damage":16,"enemies":"Lagavulin","floor":10,"turns":8},{"damage":0,"enemies":"Red Slaver","floor":11,"turns":6},{"damage":7,"enemies":"Blue Slaver","floor":13,"turns":4},{"damage":54,"enemies":"The Guardian","floor":16,"turns":8}],"seed_played":"6200253613086331440","potions_obtained":[{"floor":1,"key":"Poison Potion"},{"floor":7,"key":"Dexterity Potion"},{"floor":11,"key":"Dexterity Potion"}],"is_trial":false,"path_per_floor":["M","M","M","$","?","R","E","?","T","E","M","R","M","?","R","B"],"character_chosen":"DEFECT","items_purchased":[],"campfire_rested":1,"item_purchase_floors":[],"current_hp_per_floor":[67,55,55,55,73,73,41,46,46,30,32,32,29,13,37,0],"gold":104,"neow_bonus":"TRANSFORM_TWO_CARDS","is_prod":false,"is_daily":false,"chose_seed":false,"campfire_upgraded":2,"win_rate":0,"timestamp":1548554280,"path_taken":["M","M","M","$","?","R","E","?","T","E","M","R","M","?","R","BOSS"],"build_version":"2019-01-23","purchased_purges":0,"victory":false,"max_hp_per_floor":[75,75,75,75,75,75,75,80,80,80,80,80,80,80,80,80],"card_choices":[{"not_picked":["Recycle","Cold Snap"],"picked":"Conserve Battery","floor":1},{"not_picked":["Go for the Eyes","Redo"],"picked":"Coolheaded","floor":2},{"not_picked":["Leap","FTL"],"picked":"Compile Driver","floor":3},{"not_picked":["Tempest","Rebound"],"picked":"Amplify","floor":7},{"not_picked":["FTL","Melter"],"picked":"Defragment","floor":10},{"not_picked":["Double Energy","Rebound"],"picked":"Consume","floor":11},{"not_picked":["Coolheaded","Gash"],"picked":"Ball Lightning","floor":13}],"player_experience":487793,"relics_obtained":[{"floor":7,"key":"Bird Faced Urn"},{"floor":10,"key":"Shuriken"}],"event_choices":[{"damage_healed":18,"gold_gain":0,"player_choice":"Healed","damage_taken":0,"max_hp_gain":0,"max_hp_loss":0,"event_name":"The Cleric","floor":5,"gold_loss":35},{"damage_healed":0,"gold_gain":0,"player_choice":"Donut","damage_taken":0,"max_hp_gain":5,"max_hp_loss":0,"event_name":"Big Fish","floor":8,"gold_loss":0},{"damage_healed":0,"gold_gain":0,"player_choice":"Entered Light","damage_taken":16,"max_hp_gain":0,"max_hp_loss":0,"event_name":"Shining Light","floor":14,"gold_loss":0,"cards_upgraded":["Defend_B","Dualcast"]}],"is_beta":false,"boss_relics":[],"items_purged_floors":[],"is_endless":false,"potions_floor_spawned":[1,7,11],"killed_by":"The Guardian","ascension_level":10}