{"gold_per_floor":[119,134,209,229,244,274,274,274,274,290,308,308,319,332,332,428,428,441,366,366,19,34,34,53,73,73,90,90,101,101,120,120,221,221,239,239,252,252,270,270,270,282,352,365,365,156,156,176,176,176,176,176,76],"floor_reached":53,"playtime":3068,"items_purged":["Static Discharge+1","Barrage","Defend_B"],"score":617,"play_id":"21cadabb-51dc-4837-9ef6-995f5be6cf97","local_time":"20190106172637","is_ascension_mode":false,"campfire_choices":[{"data":"Echo Form","floor":8,"key":"SMITH"},{"floor":12,"key":"RECALL"},{"data":"Electrodynamics","floor":15,"key":"SMITH"},{"data":"Defragment","floor":23,"key":"SMITH"},{"floor":30,"key":"REST"},{"data":"Seek","floor":32,"key":"SMITH"},{"data":"Madness","floor":40,"key":"SMITH"},{"data":"Thunder Strike","floor":47,"key":"SMITH"},{"data":"Zap","floor":49,"key":"SMITH"},{"data":"Leap","floor":52,"key":"SMITH"}],"neow_cost":"NONE","seed_source_timestamp":12263230526935,"circlet_count":0,"master_deck":["Defend_B","Defend_B","Zap+1","Dualcast","Chill","Streamline","Echo Form+1","Conserve Battery","Gash","Turbo","Electrodynamics+1","Seek+1","Machine Learning+1","Rainbow+1","Defragment+1","Go for the Eyes","Leap+1","Defragment+1","Conserve Battery","Buffer+1","Turbo+1","Madness+1","Steam+1","Steam","Thunder Strike+1"],"relics":["Cracked Core","The Courier","Astrolabe","Frozen Egg 2","Regal Pillow","Lizard Tail","Blue Candle"],"potions_floor_usage":[],"damage_taken":[{"damage":6,"enemies":"Jaw Worm","floor":1,"turns":3},{"damage":3,"enemies":"2 Louse","floor":2,"turns":3},{"damage":0,"enemies":"Cultist","floor":4,"turns":3},{"damage":2,"enemies":"2 Fungi Beasts","floor":5,"turns":4},{"damage":5,"enemies":"3 Sentries","floor":6,"turns":14},{"damage":5,"enemies":"Blue Slaver","floor":10,"turns":3},{"damage":1,"enemies":"3 Louse","floor":11,"turns":3},{"damage":4,"enemies":"Red Slaver","floor":13,"turns":5},{"damage":6,"enemies":"Lots of Slimes","floor":14,"turns":5},{"damage":39,"enemies":"Hexaghost","floor":16,"turns":9},{"damage":15,"enemies":"Spheric Guardian","floor":18,"turns":4},{"damage":12,"enemies":"3 Byrds","floor":22,"turns":4},{"damage":11,"enemies":"Snecko","floor":24,"turns":5},{"damage":2,"enemies":"Centurion and Healer","floor":25,"turns":4},{"damage":5,"enemies":"Sentry and Sphere","floor":27,"turns":4},{"damage":21,"enemies":"Snake Plant","floor":29,"turns":4},{"damage":9,"enemies":"Cultist and Chosen","floor":31,"turns":6},{"damage":35,"enemies":"Automaton","floor":33,"turns":8},{"damage":29,"enemies":"3 Darklings","floor":35,"turns":4},{"damage":11,"enemies":"Orb Walker","floor":37,"turns":3},{"damage":9,"enemies":"Sphere and 2 Shapes","floor":39,"turns":4},{"damage":24,"enemies":"Spire Growth","floor":42,"turns":6},{"damage":12,"enemies":"3 Darklings","floor":44,"turns":5},{"damage":0,"enemies":"Maw","floor":48,"turns":6},{"damage":95,"enemies":"Awakened One","floor":50,"turns":15}],"seed_played":"-1252841276383785686","potions_obtained":[{"floor":1,"key":"Energy Potion"},{"floor":11,"key":"AttackPotion"},{"floor":14,"key":"FocusPotion"},{"floor":22,"key":"Ancient Potion"},{"floor":25,"key":"LiquidBronze"}],"is_trial":false,"path_per_floor":["M","M","?","M","M","E","?","R","T","M","M","R","M","M","R","B",null,"M","?","?","$","M","R","M","M","T","M","?","M","R","M","R","B",null,"M","?","M","?","M","R","?","M","T","M","?","$","R","M","R","B",null,"R","$"],"character_chosen":"DEFECT","items_purchased":["Defragment","Go for the Eyes","Frozen Egg 2","Thunder Strike"],"campfire_rested":1,"item_purchase_floors":[21,21,21,46],"current_hp_per_floor":[76,73,62,62,60,55,60,60,60,55,54,54,50,44,44,5,87,72,72,72,72,60,60,49,47,47,42,42,21,62,53,53,18,87,58,47,36,76,67,67,60,36,36,24,76,76,76,76,76,21,76,76,76],"gold":76,"neow_bonus":"TEN_PERCENT_HP_BONUS","is_prod":false,"is_daily":false,"chose_seed":false,"campfire_upgraded":8,"win_rate":0,"timestamp":1546763197,"path_taken":["M","M","?","M","M","E","?","R","T","M","M","R","M","M","R","BOSS","M","?","?","$","M","R","M","?","T","M","?","M","R","M","R","BOSS","M","?","M","?","M","R","?","?","T","?","?","$","R","M","R","BOSS","R","$"],"build_version":"2019-01-03v4","purchased_purges":3,"victory":false,"max_hp_per_floor":[82,82,82,82,82,82,87,87,87,87,87,87,87,87,87,87,87,87,87,87,87,87,87,87,87,87,87,87,87,87,87,87,87,87,87,87,87,76,76,76,76,76,76,76,76,76,76,76,76,76,76,76,76],"card_choices":[{"not_picked":["Go for the Eyes","Steam"],"picked":"Chill","floor":1},{"not_picked":["Turbo","Steam"],"picked":"Streamline","floor":2},{"not_picked":["Reinforced Body","Ball Lightning"],"picked":"Echo Form","floor":4},{"not_picked":["Steam","Stack"],"picked":"Conserve Battery","floor":5},{"not_picked":["Sweeping Beam","Aggregate"],"picked":"Barrage","floor":6},{"not_picked":["Steam Power","Barrage","Beam Cell"],"picked":"SKIP","floor":10},{"not_picked":["Conserve Battery","Reprogram"],"picked":"Gash","floor":11},{"not_picked":["Barrage","Coolheaded"],"picked":"Turbo","floor":13},{"not_picked":["Redo","Chaos"],"picked":"Electrodynamics","floor":14},{"not_picked":["Multi-Cast","Amplify"],"picked":"Seek","floor":16},{"not_picked":["Coolheaded","Darkness","Tempest"],"picked":"SKIP","floor":18},{"not_picked":["Go for the Eyes","Redo"],"picked":"Leap","floor":22},{"not_picked":["Scrape","Sunder","Aggregate"],"picked":"SKIP","floor":24},{"not_picked":["Consume","Steam Power"],"picked":"Defragment+1","floor":25},{"not_picked":["Undo","Coolheaded+1","Chill+1"],"picked":"SKIP","floor":27},{"not_picked":["Lockon","Reprogram"],"picked":"Conserve Battery","floor":29},{"not_picked":["Conserve Battery+1","Barrage","Streamline"],"picked":"SKIP","floor":31},{"not_picked":["Core Surge","Meteor Strike"],"picked":"Buffer+1","floor":33},{"not_picked":["Ball Lightning+1","Streamline+1"],"picked":"Turbo+1","floor":35},{"not_picked":["Doom and Gloom","Consume","Compile Driver"],"picked":"SKIP","floor":37},{"not_picked":["Loop+1","Reprogram+1"],"picked":"Steam+1","floor":39},{"not_picked":["Compile Driver+1","Genetic Algorithm","Ball Lightning"],"picked":"SKIP","floor":42},{"not_picked":["Scrape+1","Reboot"],"picked":"Steam","floor":44},{"not_picked":["Gash","Ball Lightning","Steam Power+1"],"picked":"SKIP","floor":48},{"not_picked":["Gash","Ball Lightning","Steam Power+1"],"picked":"SKIP","floor":48}],"player_experience":135628,"relics_obtained":[{"floor":6,"key":"The Courier"},{"floor":26,"key":"Regal Pillow"},{"floor":43,"key":"Blue Candle"}],"event_choices":[{"damage_healed":0,"gold_gain":75,"player_choice":"Gather Gold","damage_taken":11,"max_hp_gain":0,"max_hp_loss":0,"event_name":"World of Goop","floor":3,"gold_loss":0},{"damage_healed":0,"gold_gain":0,"player_choice":"Donut","damage_taken":0,"max_hp_gain":5,"max_hp_loss":0,"event_name":"Big Fish","floor":7,"gold_loss":0},{"cards_removed":["Strike_B"],"damage_healed":0,"gold_gain":0,"player_choice":"Gave Gold","damage_taken":0,"max_hp_gain":0,"max_hp_loss":0,"event_name":"Beggar","floor":19,"gold_loss":75},{"damage_healed":0,"gold_gain":0,"player_choice":"Bought 0 Potions","damage_taken":0,"max_hp_gain":0,"max_hp_loss":0,"event_name":"The Woman in Blue","floor":20,"gold_loss":0},{"cards_removed":["Defend_B"],"damage_healed":0,"gold_gain":0,"player_choice":"Elegance","damage_taken":0,"max_hp_gain":0,"max_hp_loss":0,"event_name":"Back to Basics","floor":28,"gold_loss":0},{"damage_healed":0,"gold_gain":0,"player_choice":"Embrace Madness","damage_taken":11,"max_hp_gain":0,"max_hp_loss":0,"event_name":"Winding Halls","floor":36,"gold_loss":0,"cards_obtained":["Madness","Madness"]},{"damage_healed":76,"gold_gain":0,"player_choice":"Heal","damage_taken":0,"max_hp_gain":0,"max_hp_loss":11,"event_name":"The Moai Head","floor":38,"gold_loss":0},{"damage_healed":0,"gold_gain":0,"player_choice":"Damaged","damage_taken":7,"max_hp_gain":0,"max_hp_loss":0,"event_name":"Wheel of Change","floor":41,"gold_loss":0},{"cards_removed":["Madness"],"damage_healed":52,"gold_gain":0,"player_choice":"Offered Uncommon","damage_taken":0,"max_hp_gain":0,"max_hp_loss":0,"event_name":"Bonfire Elementals","floor":45,"gold_loss":0}],"is_beta":false,"boss_relics":[{"not_picked":["Calling Bell","Fusion Hammer"],"picked":"Astrolabe"},{"not_picked":["Tiny House","Pandora\u0027s Box"],"picked":"Lizard Tail"}],"items_purged_floors":[21,46,53],"is_endless":false,"potions_floor_spawned":[1,11,14,18,22,25,27,42,48],"ascension_level":0}