{"gold_per_floor":[119,119,119,132,232,232,245,289,314,47,47,60,78,118,118,118],"floor_reached":16,"playtime":615,"items_purged":["Strike_G"],"score":171,"play_id":"db474ad2-9e1c-467d-975a-d731d76bd478","local_time":"20190212223256","is_ascension_mode":true,"campfire_choices":[{"data":"Predator","floor":6,"key":"SMITH"},{"data":"Well Laid Plans","floor":11,"key":"SMITH"},{"data":"Noxious Fumes","floor":15,"key":"SMITH"}],"neow_cost":"NONE","seed_source_timestamp":2239783799048497,"circlet_count":0,"master_deck":["AscendersBane","Defend_G","Defend_G","Defend_G","Defend_G","Defend_G","Strike_G","Strike_G+1","Strike_G+1","Survivor","Neutralize","Predator+1","Well Laid Plans+1","Deadly Poison","Sucker Punch","Dodge and Roll","Crippling Poison","Noxious Fumes+1"],"relics":["Velvet Choker","Golden Idol","Bag of Marbles","Whetstone","Omamori","Strawberry"],"potions_floor_usage":[16,16],"damage_taken":[{"damage":7,"enemies":"Cultist","floor":1,"turns":4},{"damage":7,"enemies":"Jaw Worm","floor":4,"turns":4},{"damage":0,"enemies":"2 Louse","floor":7,"turns":3},{"damage":5,"enemies":"Lagavulin","floor":8,"turns":7},{"damage":10,"enemies":"Lots of Slimes","floor":12,"turns":3},{"damage":0,"enemies":"3 Louse","floor":13,"turns":3},{"damage":10,"enemies":"3 Sentries","floor":14,"turns":8},{"damage":0,"enemies":"Slime Boss","floor":16,"turns":4}],"seed_played":"5128187935239472631","potions_obtained":[{"floor":8,"key":"SkillPotion"},{"floor":12,"key":"GhostInAJar"}],"is_trial":false,"path_per_floor":["M","?","?","M","?","R","M","E","T","$","R","M","M","E","R","B"],"character_chosen":"THE_SILENT","items_purchased":["Omamori","Dodge and Roll"],"campfire_rested":0,"item_purchase_floors":[10,10],"current_hp_per_floor":[56,49,49,42,42,42,42,37,37,37,37,27,27,24,24,24],"gold":118,"neow_bonus":"BOSS_RELIC","is_prod":false,"is_daily":false,"chose_seed":false,"campfire_upgraded":3,"win_rate":0,"timestamp":1550028776,"path_taken":["M","?","?","?","?","R","M","E","T","$","R","?","M","E","R","BOSS"],"build_version":"2019-01-23","purchased_purges":1,"victory":false,"max_hp_per_floor":[70,70,65,65,65,65,65,65,65,65,65,65,65,72,72,72],"card_choices":[{"not_picked":["Quick Slash","Cloak And Dagger"],"picked":"Predator","floor":1},{"not_picked":["Tactician","Escape Plan"],"picked":"Well Laid Plans","floor":4},{"not_picked":["Quick Slash","Prepared"],"picked":"Deadly Poison","floor":7},{"not_picked":["Deflect","Accuracy"],"picked":"Sucker Punch","floor":8},{"not_picked":["Die Die Die","Endless Agony"],"picked":"Crippling Poison","floor":12},{"not_picked":["Bane","Dash","Underhanded Strike"],"picked":"SKIP","floor":13},{"not_picked":["Blade Dance","Skewer"],"picked":"Noxious Fumes","floor":14}],"player_experience":749057,"relics_obtained":[{"floor":8,"key":"Bag of Marbles"},{"floor":9,"key":"Whetstone"},{"floor":14,"key":"Strawberry"}],"event_choices":[{"cards_removed":["Strike_G"],"damage_healed":0,"gold_gain":0,"player_choice":"Card Removal","damage_taken":7,"max_hp_gain":0,"max_hp_loss":0,"event_name":"Golden Wing","floor":2,"gold_loss":0},{"damage_healed":0,"gold_gain":0,"player_choice":"Lose Max HP","damage_taken":0,"relics_obtained":["Golden Idol"],"max_hp_gain":0,"max_hp_loss":5,"event_name":"Golden Idol","floor":3,"gold_loss":0},{"damage_healed":0,"gold_gain":100,"player_choice":"Gold","damage_taken":0,"max_hp_gain":0,"max_hp_loss":0,"event_name":"Wheel of Change","floor":5,"gold_loss":0}],"is_beta":false,"boss_relics":[],"items_purged_floors":[10],"is_endless":false,"potions_floor_spawned":[8,12],"killed_by":"Slime Boss","ascension_level":11}