{"gold_per_floor":[118,38,38,38,52,52,82,82,109,109,124,136,148,73,73,149,149,162,162,180,196,213,213,2,22,22,22,37,37,56,70,70,144,144,154,169,182,30,41,73,73,93,141,141,141,141,154,79,79,79],"floor_reached":51,"playtime":3863,"items_purged":["Defend_B"],"score":1204,"play_id":"04388590-639b-41e0-877e-d21e08ca737b","local_time":"20190228201124","is_ascension_mode":true,"campfire_choices":[{"data":"Sunder","floor":6.0,"key":"SMITH"},{"data":"Zap","floor":8.0,"key":"SMITH"},{"data":"Dualcast","floor":10.0,"key":"SMITH"},{"data":"Go for the Eyes","floor":15.0,"key":"SMITH"},{"floor":23.0,"key":"REST"},{"data":"Consume","floor":29.0,"key":"SMITH"},{"floor":32.0,"key":"REST"},{"data":"Echo Form","floor":41.0,"key":"SMITH"},{"data":"Double Energy","floor":45.0,"key":"SMITH"},{"floor":49.0,"key":"REST"}],"neow_cost":"NONE","seed_source_timestamp":0,"circlet_count":0,"master_deck":["AscendersBane","Strike_B+1","Strike_B","Defend_B+1","Defend_B","Zap+1","Dualcast+1","Sunder+1","Darkness","Go for the Eyes+1","Cold Snap","Echo Form+1","Capacitor","Glacier","Chill","FTL","Finesse","Consume+1","Reinforced Body+1","Glacier","Double Energy+1","Double Energy+1","Loop"],"special_seed":0,"relics":["Cracked Core","NeowsBlessing","Meat on the Bone","Strawberry","Happy Flower","Runic Pyramid","Ornamental Fan","Inserter","DataDisk","Letter Opener","Anchor"],"potions_floor_usage":[50,50],"damage_taken":[{"damage":0.0,"enemies":"Jaw Worm","floor":1.0,"turns":1.0},{"damage":0.0,"enemies":"Small Slimes","floor":5.0,"turns":1.0},{"damage":0.0,"enemies":"Gremlin Nob","floor":7.0,"turns":1.0},{"damage":0.0,"enemies":"Cultist","floor":11.0,"turns":3.0},{"damage":0.0,"enemies":"2 Fungi Beasts","floor":12.0,"turns":2.0},{"damage":0.0,"enemies":"Red Slaver","floor":13.0,"turns":3.0},{"damage":2.0,"enemies":"The Guardian","floor":16.0,"turns":10.0},{"damage":4.0,"enemies":"Spheric Guardian","floor":18.0,"turns":3.0},{"damage":17.0,"enemies":"3 Byrds","floor":20.0,"turns":4.0},{"damage":34.0,"enemies":"Snake Plant","floor":21.0,"turns":4.0},{"damage":18.0,"enemies":"Shelled Parasite and Fungi","floor":22.0,"turns":7.0},{"damage":13.0,"enemies":"Cultist and Chosen","floor":25.0,"turns":9.0},{"damage":13.0,"enemies":"Snake Plant","floor":28.0,"turns":4.0},{"damage":0.0,"enemies":"Snecko","floor":30.0,"turns":6.0},{"damage":7.0,"enemies":"Cultist and Chosen","floor":31.0,"turns":7.0},{"damage":8.0,"enemies":"Champ","floor":33.0,"turns":9.0},{"damage":18.0,"enemies":"Orb Walker","floor":35.0,"turns":4.0},{"damage":9.0,"enemies":"3 Shapes","floor":36.0,"turns":5.0},{"damage":17.0,"enemies":"Spire Growth","floor":37.0,"turns":7.0},{"damage":9.0,"enemies":"Sphere and 2 Shapes","floor":39.0,"turns":8.0},{"damage":10.0,"enemies":"Giant Head","floor":40.0,"turns":12.0},{"damage":6.0,"enemies":"4 Shapes","floor":42.0,"turns":7.0},{"damage":6.0,"enemies":"Reptomancer","floor":46.0,"turns":4.0},{"damage":0.0,"enemies":"Spire Growth","floor":47.0,"turns":7.0},{"damage":7,"enemies":"Donu and Deca","floor":50,"turns":12}],"seed_played":"-7358638651236392363","potions_obtained":[{"floor":1.0,"key":"Poison Potion"},{"floor":11.0,"key":"Ancient Potion"},{"floor":22.0,"key":"Dexterity Potion"},{"floor":33.0,"key":"Explosive Potion"},{"floor":40.0,"key":"SmokeBomb"},{"floor":47.0,"key":"FearPotion"}],"is_trial":false,"path_per_floor":["M","$","?","?","M","R","E","R","T","R","M","M","M","?","R","B",null,"M","?","M","M","M","R","$","M","T","?","M","R","M","M","R","B",null,"M","M","M","$","M","E","R","M","T","?","R","E","M","$","R","B",null],"character_chosen":"DEFECT","items_purchased":["Sunder","Chill","FTL","Finesse","DataDisk"],"campfire_rested":3,"item_purchase_floors":[2,24,24,24,38],"current_hp_per_floor":[64,64,53,32,44,44,51,51,51,51,51,51,51,51,51,49,71,67,67,50,28,22,45,45,44,44,44,43,43,43,48,71,63,74,56,47,42,42,45,47,47,41,41,41,41,47,47,47,70,63],"gold":79,"neow_bonus":"THREE_ENEMY_KILL","is_prod":false,"is_daily":false,"chose_seed":false,"campfire_upgraded":7,"win_rate":0,"timestamp":1551413484,"path_taken":["M","$","?","?","M","R","E","R","T","R","M","M","M","?","R","BOSS","M","?","?","M","M","R","$","M","T","?","M","R","?","M","R","BOSS","M","M","M","$","M","E","R","M","T","?","R","E","?","$","R","BOSS"],"build_version":"2019-01-23","purchased_purges":1,"victory":true,"max_hp_per_floor":[71,71,71,71,71,71,78,78,78,78,78,78,78,78,78,78,78,78,78,78,78,78,78,78,78,78,78,78,78,78,78,78,78,78,78,78,78,78,78,78,78,78,78,78,78,78,78,78,78,78],"card_choices":[{"not_picked":["Blizzard","Sweeping Beam","Doom and Gloom"],"picked":"SKIP","floor":1.0},{"not_picked":["Beam Cell","Leap"],"picked":"Darkness","floor":5.0},{"not_picked":["Aggregate","Rebound"],"picked":"Go for the Eyes","floor":7.0},{"not_picked":["Melter","Go for the Eyes"],"picked":"Cold Snap","floor":11.0},{"not_picked":["Darkness","Streamline","Leap"],"picked":"SKIP","floor":12.0},{"not_picked":["Compile Driver","Auto Shields","Skim"],"picked":"SKIP","floor":13.0},{"not_picked":["Buffer","Core Surge"],"picked":"Echo Form","floor":16.0},{"not_picked":["Coolheaded","Undo"],"picked":"Capacitor","floor":18.0},{"not_picked":["Rebound","Go for the Eyes","Compile Driver"],"picked":"SKIP","floor":20.0},{"not_picked":["Streamline","Stack+1"],"picked":"Glacier","floor":21.0},{"not_picked":["Auto Shields","Steam","Hologram"],"picked":"SKIP","floor":22.0},{"not_picked":["Compile Driver+1","Redo","Tempest+1"],"picked":"SKIP","floor":25.0},{"not_picked":["Turbo","Redo"],"picked":"Consume","floor":28.0},{"not_picked":["Sweeping Beam","Undo"],"picked":"Reinforced Body+1","floor":30.0},{"not_picked":["Barrage","Go for the Eyes"],"picked":"Glacier","floor":31.0},{"not_picked":["Rebound","Doom and Gloom","Turbo"],"picked":"SKIP","floor":35.0},{"not_picked":["Undo","BootSequence"],"picked":"Double Energy","floor":36.0},{"not_picked":["Auto Shields","Cold Snap"],"picked":"Double Energy+1","floor":37.0},{"not_picked":["Beam Cell+1","Ball Lightning","Streamline"],"picked":"SKIP","floor":39.0},{"not_picked":["Static Discharge","Redo+1","Aggregate"],"picked":"SKIP","floor":40.0},{"not_picked":["Cold Snap","Self Repair","Reinforced Body+1"],"picked":"SKIP","floor":42.0},{"not_picked":["Go for the Eyes","Doom and Gloom+1"],"picked":"Loop","floor":47.0}],"player_experience":546717,"relics_obtained":[{"floor":7.0,"key":"Strawberry"},{"floor":9.0,"key":"Happy Flower"},{"floor":26.0,"key":"Ornamental Fan"},{"floor":40.0,"key":"Letter Opener"},{"floor":43.0,"key":"Anchor"}],"event_choices":[{"damage_healed":0.0,"max_hp_gain":0.0,"max_hp_loss":0.0,"gold_gain":0.0,"event_name":"Scrap Ooze","player_choice":"Success","floor":3.0,"gold_loss":0.0,"damage_taken":11.0,"relics_obtained":["Meat on the Bone"]},{"damage_healed":0.0,"max_hp_gain":0.0,"max_hp_loss":0.0,"gold_gain":0.0,"event_name":"Shining Light","player_choice":"Entered Light","floor":4.0,"gold_loss":0.0,"damage_taken":21.0,"cards_upgraded":["Defend_B","Strike_B"]},{"cards_removed":["Strike_B"],"damage_healed":0.0,"max_hp_gain":0.0,"max_hp_loss":0.0,"gold_gain":0.0,"event_name":"The Cleric","player_choice":"Card Removal","floor":14.0,"gold_loss":75.0,"damage_taken":0.0},{"damage_healed":0.0,"max_hp_gain":0.0,"max_hp_loss":0.0,"gold_gain":0.0,"event_name":"N\u0027loth","player_choice":"Ignored","floor":19.0,"gold_loss":0.0,"damage_taken":0.0},{"cards_removed":["Strike_B"],"damage_healed":0.0,"max_hp_gain":0.0,"max_hp_loss":0.0,"gold_gain":0.0,"event_name":"Purifier","player_choice":"Purged","floor":27.0,"gold_loss":0.0,"damage_taken":0.0},{"cards_removed":["Defend_B"],"damage_healed":0.0,"max_hp_gain":0.0,"max_hp_loss":0.0,"gold_gain":0.0,"event_name":"Bonfire Elementals","player_choice":"Offered Basic","floor":44.0,"gold_loss":0.0,"damage_taken":0.0}],"is_beta":false,"boss_relics":[{"not_picked":["Philosopher\u0027s Stone","White Beast Statue"],"picked":"Runic Pyramid"},{"not_picked":["Empty Cage","Velvet Choker"],"picked":"Inserter"}],"items_purged_floors":[48],"is_endless":false,"potions_floor_spawned":[1,11,12,16,22,28,31,33,40,42,47],"ascension_level":15}