{"gold_per_floor":[109,109,23,43,118,118,153,167,167,167,167,183,183,196,196,196],"floor_reached":16,"playtime":429,"items_purged":[],"score":225,"play_id":"02c554d3-87dd-4281-ab2b-a9447965f969","local_time":"20190228224317","is_ascension_mode":true,"campfire_choices":[{"data":"Neutralize","floor":6,"key":"SMITH"},{"floor":11,"key":"REST"},{"floor":15,"key":"REST"}],"neow_cost":"NONE","seed_source_timestamp":161147827599971,"circlet_count":0,"master_deck":["AscendersBane","Defend_G","Defend_G","Defend_G","Defend_G","Defend_G","Strike_G","Strike_G","Strike_G","Survivor","Neutralize+1","Infinite Blades","Well Laid Plans","Cloak And Dagger","Corpse Explosion"],"relics":["Ring of the Snake","NeowsBlessing","Frozen Egg 2","The Courier","Golden Idol"],"potions_floor_usage":[12,16],"damage_taken":[{"damage":0,"enemies":"2 Louse","floor":1,"turns":1},{"damage":0,"enemies":"Cultist","floor":4,"turns":1},{"damage":0,"enemies":"Gremlin Nob","floor":7,"turns":1},{"damage":0,"enemies":"Small Slimes","floor":8,"turns":3},{"damage":0,"enemies":"Gremlin Gang","floor":12,"turns":3},{"damage":11,"enemies":"Looter","floor":14,"turns":4},{"damage":64,"enemies":"Slime Boss","floor":16,"turns":10}],"seed_played":"4466469681168871226","potions_obtained":[{"floor":1,"key":"Weak Potion"},{"floor":7,"key":"Explosive Potion"}],"is_trial":false,"path_per_floor":["M","?","$","M","?","R","E","M","T","?","R","M","?","M","R","B"],"character_chosen":"THE_SILENT","items_purchased":["Infinite Blades"],"campfire_rested":2,"item_purchase_floors":[3],"current_hp_per_floor":[59,59,59,59,48,48,48,48,48,25,44,44,44,33,52,0],"gold":196,"neow_bonus":"THREE_ENEMY_KILL","is_prod":false,"is_daily":false,"chose_seed":false,"campfire_upgraded":1,"win_rate":0,"timestamp":1551422597,"path_taken":["M","?","$","?","?","R","E","M","T","?","R","M","?","M","R","BOSS"],"build_version":"2019-01-23","purchased_purges":0,"victory":false,"max_hp_per_floor":[66,66,66,66,66,66,66,66,66,66,66,66,66,66,66,66],"card_choices":[{"not_picked":["Riddle With Holes","Prepared","Outmaneuver"],"picked":"SKIP","floor":1},{"not_picked":["Acrobatics","Sucker Punch"],"picked":"Well Laid Plans","floor":4},{"not_picked":["Bane","PiercingWail","Dodge and Roll"],"picked":"SKIP","floor":7},{"not_picked":["Sucker Punch","Deflect"],"picked":"Cloak And Dagger","floor":8},{"not_picked":["Blade Dance","Tactician","Acrobatics"],"picked":"SKIP","floor":12},{"not_picked":["Dagger Spray","Prepared"],"picked":"Corpse Explosion","floor":14}],"player_experience":552627,"relics_obtained":[{"floor":7,"key":"Frozen Egg 2"},{"floor":9,"key":"The Courier"}],"event_choices":[{"cards_removed":["Strike_G"],"damage_healed":0,"gold_gain":0,"player_choice":"Offered Basic","damage_taken":0,"max_hp_gain":0,"max_hp_loss":0,"event_name":"Bonfire Elementals","floor":2,"gold_loss":0},{"damage_healed":0,"gold_gain":75,"player_choice":"Gather Gold","damage_taken":11,"max_hp_gain":0,"max_hp_loss":0,"event_name":"World of Goop","floor":5,"gold_loss":0},{"damage_healed":0,"gold_gain":0,"player_choice":"Take Damage","damage_taken":23,"relics_obtained":["Golden Idol"],"max_hp_gain":0,"max_hp_loss":0,"event_name":"Golden Idol","floor":10,"gold_loss":0},{"cards_removed":["Strike_G"],"damage_healed":0,"gold_gain":0,"player_choice":"Purged","damage_taken":0,"max_hp_gain":0,"max_hp_loss":0,"event_name":"Purifier","floor":13,"gold_loss":0}],"is_beta":false,"boss_relics":[],"items_purged_floors":[],"is_endless":false,"potions_floor_spawned":[1,7,8],"killed_by":"Slime Boss","ascension_level":16}