{"gold_per_floor":[117,192,192,42,57,57,68,100,100,100,128,128,142,42,42,145,145,160,75,3,21,21,21,33,33,33,33,53,81,81,6,6,105,105,120,135,135,135],"floor_reached":38,"playtime":1898,"items_purged":["Strike_G","Strike_G"],"score":663,"play_id":"ad0ede3b-77c5-467c-96cb-8ffaead2bd8d","local_time":"20190204095522","is_ascension_mode":true,"campfire_choices":[{"data":"1","floor":6,"key":"LIFT"},{"floor":10,"key":"REST"},{"data":"2","floor":12,"key":"LIFT"},{"floor":15,"key":"REST"},{"floor":23,"key":"REST"},{"data":"3","floor":25,"key":"LIFT"},{"floor":27,"key":"REST"},{"data":"Burst","floor":32,"key":"SMITH"}],"neow_cost":"TEN_PERCENT_HP_LOSS","seed_source_timestamp":1501790906505050,"circlet_count":0,"master_deck":["AscendersBane","Defend_G","Defend_G","Defend_G","Defend_G","Defend_G","Strike_G","Strike_G","Survivor","Neutralize","Blur","Bouncing Flask","Burst+1","Skewer","Infinite Blades","Footwork","Dagger Spray","Flechettes","Doppelganger","Dagger Spray","Footwork","Leg Sweep","Footwork+1","Backflip","Clumsy","Dagger Spray","Blade Dance","Storm of Steel+1","Venomology+1","Footwork+1","PiercingWail+1","Writhe"],"relics":["Ring of the Snake","Girya","Gremlin Horn","Blue Candle","Boot","Cursed Key","Dream Catcher","Pen Nib","Toxic Egg 2","MutagenicStrength","Molten Egg 2","White Beast Statue"],"potions_floor_usage":[8,16,16,33,33,36,36,36],"damage_taken":[{"damage":10,"enemies":"Small Slimes","floor":1,"turns":6},{"damage":14,"enemies":"2 Louse","floor":5,"turns":3},{"damage":0,"enemies":"Cultist","floor":7,"turns":3},{"damage":9,"enemies":"Lagavulin","floor":8,"turns":6},{"damage":17,"enemies":"3 Sentries","floor":11,"turns":11},{"damage":1,"enemies":"Looter","floor":13,"turns":4},{"damage":27,"enemies":"Slime Boss","floor":16,"turns":10},{"damage":25,"enemies":"2 Thieves","floor":18,"turns":4},{"damage":10,"enemies":"Shell Parasite","floor":21,"turns":7},{"damage":2,"enemies":"Centurion and Healer","floor":24,"turns":8},{"damage":0,"enemies":"Shelled Parasite and Fungi","floor":28,"turns":6},{"damage":0,"enemies":"Gremlin Leader","floor":29,"turns":5},{"damage":26,"enemies":"Champ","floor":33,"turns":13},{"damage":17,"enemies":"3 Shapes","floor":35,"turns":3},{"damage":32,"enemies":"3 Darklings","floor":36,"turns":4},{"damage":27,"enemies":"Transient","floor":38,"turns":3}],"seed_played":"8513291510559053205","potions_obtained":[{"floor":5,"key":"SteroidPotion"},{"floor":8,"key":"SpeedPotion"},{"floor":11,"key":"Swift Potion"},{"floor":13,"key":"EssenceOfSteel"},{"floor":28,"key":"Swift Potion"},{"floor":29,"key":"SkillPotion"},{"floor":33,"key":"Weak Potion"},{"floor":35,"key":"Explosive Potion"},{"floor":36,"key":"Fire Potion"}],"is_trial":false,"path_per_floor":["M","?","?","$","M","R","M","E","T","R","E","R","M","$","R","B",null,"M","?","$","M","?","R","M","R","T","R","M","E","?","?","R","B",null,"M","M","?","M"],"character_chosen":"THE_SILENT","items_purchased":["Burst","Footwork"],"campfire_rested":4,"item_purchase_floors":[4,20],"current_hp_per_floor":[53,42,42,42,28,28,28,19,19,37,20,20,19,19,37,10,50,25,25,25,15,15,33,31,31,31,49,49,49,49,49,49,23,53,36,4,20,0],"gold":135,"neow_bonus":"ONE_RARE_RELIC","is_prod":false,"is_daily":false,"chose_seed":false,"campfire_upgraded":1,"win_rate":0,"timestamp":1549292122,"path_taken":["M","?","?","$","M","R","M","E","T","R","E","R","M","$","R","BOSS","M","?","$","M","?","R","M","R","T","R","M","E","?","?","R","BOSS","M","?","?","M"],"build_version":"2019-01-23","purchased_purges":2,"victory":false,"max_hp_per_floor":[63,63,63,63,63,63,63,63,63,63,63,63,63,63,63,63,63,63,63,63,63,63,63,63,63,63,63,63,63,63,63,63,63,63,63,63,63,63],"card_choices":[{"not_picked":["Slice","Bane"],"picked":"Blur","floor":1},{"not_picked":["Slice","Acrobatics"],"picked":"Skewer","floor":5},{"not_picked":["Sucker Punch","Flying Knee"],"picked":"Infinite Blades","floor":7},{"not_picked":["Dagger Throw","Cloak And Dagger"],"picked":"Footwork","floor":8},{"not_picked":["Slice","Heel Hook"],"picked":"Dagger Spray","floor":11},{"not_picked":["Dodge and Roll","Dash"],"picked":"Flechettes","floor":13},{"not_picked":["Venomology","Phantasmal Killer"],"picked":"Doppelganger","floor":16},{"not_picked":["Underhanded Strike+1","Endless Agony+1"],"picked":"Dagger Spray","floor":18},{"not_picked":["Slice","Masterful Stab"],"picked":"Leg Sweep","floor":21},{"not_picked":["Underhanded Strike+1","Dodge and Roll"],"picked":"Footwork+1","floor":23},{"not_picked":["Underhanded Strike+1","Calculated Gamble"],"picked":"Backflip","floor":24},{"not_picked":["Catalyst","Acrobatics"],"picked":"Dagger Spray","floor":27},{"not_picked":["Poisoned Stab","Slice+1"],"picked":"Blade Dance","floor":28},{"not_picked":["Tactician","Outmaneuver"],"picked":"Storm of Steel","floor":29},{"not_picked":["Burst+1","A Thousand Cuts"],"picked":"Venomology+1","floor":33},{"not_picked":["Deflect+1","Slice+1"],"picked":"Footwork+1","floor":35},{"not_picked":["Dagger Throw+1","Setup+1"],"picked":"PiercingWail+1","floor":36}],"player_experience":665565,"relics_obtained":[{"floor":8,"key":"Gremlin Horn"},{"floor":9,"key":"Blue Candle"},{"floor":11,"key":"Boot"},{"floor":26,"key":"Pen Nib"},{"floor":29,"key":"Toxic Egg 2"}],"event_choices":[{"damage_healed":0,"gold_gain":75,"player_choice":"Gather Gold","damage_taken":11,"max_hp_gain":0,"max_hp_loss":0,"event_name":"World of Goop","floor":2,"gold_loss":0},{"damage_healed":0,"gold_gain":0,"cards_transformed":["Strike_G"],"player_choice":"Change","damage_taken":0,"max_hp_gain":0,"max_hp_loss":0,"event_name":"Living Wall","floor":3,"gold_loss":0,"cards_obtained":["Bouncing Flask"]},{"damage_healed":0,"gold_gain":0,"player_choice":"Obtained Relic","damage_taken":0,"relics_obtained":["Dream Catcher"],"max_hp_gain":0,"max_hp_loss":0,"event_name":"Addict","floor":19,"gold_loss":85},{"damage_healed":0,"gold_gain":0,"player_choice":"Ignored","damage_taken":0,"max_hp_gain":0,"max_hp_loss":0,"event_name":"Cursed Tome","floor":22,"gold_loss":0},{"damage_healed":0,"gold_gain":0,"player_choice":"Inject Mutagens","damage_taken":0,"relics_obtained":["MutagenicStrength"],"max_hp_gain":0,"max_hp_loss":0,"event_name":"Drug Dealer","floor":30,"gold_loss":0},{"damage_healed":0,"gold_gain":0,"player_choice":"Paid Gold","damage_taken":0,"relics_obtained":["Molten Egg 2"],"max_hp_gain":0,"max_hp_loss":0,"event_name":"WeMeetAgain","floor":31,"gold_loss":75},{"damage_healed":16,"gold_gain":0,"player_choice":"Writhe","damage_taken":0,"max_hp_gain":0,"max_hp_loss":0,"event_name":"Winding Halls","floor":37,"gold_loss":0,"cards_obtained":["Writhe"]}],"is_beta":false,"boss_relics":[{"not_picked":["Tiny House","Ectoplasm"],"picked":"Cursed Key"},{"not_picked":["Velvet Choker","Lizard Tail"],"picked":"White Beast Statue"}],"items_purged_floors":[4,14],"is_endless":false,"potions_floor_spawned":[5,8,11,13,28,29,33,35,36],"killed_by":"Transient","ascension_level":10}