{"gold_per_floor":[114,39,39,39,39,67,67,83,106,106,124,158,176,45,45,121,121,131,144,44,44,58,58],"floor_reached":23,"playtime":715,"items_purged":["Strike_R","Strike_R"],"score":448,"play_id":"5212ecfd-f138-4ce8-9f92-353e52ef00e9","local_time":"20190204163006","is_ascension_mode":true,"campfire_choices":[{"data":"Bash","floor":7,"key":"SMITH"},{"data":"Bloodletting","floor":10,"key":"SMITH"},{"data":"Uppercut","floor":15,"key":"SMITH"}],"neow_cost":"NONE","seed_source_timestamp":1526655180277614,"circlet_count":0,"master_deck":["AscendersBane","Strike_R","Strike_R","Strike_R","Defend_R","Defend_R+1","Defend_R+1","Defend_R","Bash+1","Blood for Blood+1","Headbutt","Bloodletting+1","Uppercut+1","Pommel Strike","Rupture","Combust","Whirlwind","Double Tap","Intimidate","Shrug It Off"],"relics":["Burning Blood","NeowsBlessing","Centennial Puzzle","Dream Catcher","Ancient Tea Set","Velvet Choker"],"potions_floor_usage":[12,16,18,19],"damage_taken":[{"damage":0,"enemies":"Small Slimes","floor":1,"turns":1},{"damage":0,"enemies":"3 Sentries","floor":6,"turns":2},{"damage":0,"enemies":"2 Louse","floor":8,"turns":1},{"damage":3,"enemies":"Cultist","floor":11,"turns":2},{"damage":6,"enemies":"Gremlin Nob","floor":12,"turns":3},{"damage":11,"enemies":"Looter","floor":13,"turns":2},{"damage":57,"enemies":"Slime Boss","floor":16,"turns":7},{"damage":11,"enemies":"2 Thieves","floor":18,"turns":2},{"damage":12,"enemies":"3 Byrds","floor":19,"turns":4},{"damage":19,"enemies":"Centurion and Healer","floor":22,"turns":5},{"damage":55,"enemies":"Slavers","floor":23,"turns":4}],"seed_played":"-7839190587805811566","potions_obtained":[{"floor":1,"key":"Block Potion"},{"floor":6,"key":"AttackPotion"},{"floor":13,"key":"Regen Potion"},{"floor":16,"key":"PowerPotion"}],"is_trial":false,"path_per_floor":["M","$","?","?","?","E","R","M","T","R","M","E","M","$","R","B",null,"M","M","$","?","M","E"],"character_chosen":"IRONCLAD","items_purchased":["Combust","Whirlwind"],"campfire_rested":0,"item_purchase_floors":[14,14],"current_hp_per_floor":[74,74,51,75,75,75,75,75,75,75,75,75,70,70,70,31,64,59,53,53,53,40,0],"gold":58,"neow_bonus":"THREE_ENEMY_KILL","is_prod":false,"is_daily":false,"chose_seed":false,"campfire_upgraded":3,"win_rate":0,"timestamp":1549315806,"path_taken":["M","$","?","?","?","E","R","M","T","R","M","E","M","$","R","BOSS","M","M","$","?","M","E"],"build_version":"2019-01-23","purchased_purges":2,"victory":false,"max_hp_per_floor":[75,75,75,75,75,75,75,75,75,75,75,75,75,75,75,75,75,75,75,75,75,75,75],"card_choices":[{"not_picked":["Fire Breathing","Sentinel"],"picked":"Blood for Blood","floor":1},{"not_picked":["Perfected Strike","Barricade"],"picked":"Headbutt","floor":6},{"not_picked":["Sword Boomerang","Pommel Strike"],"picked":"Bloodletting","floor":8},{"not_picked":["Perfected Strike","Burning Pact"],"picked":"Uppercut","floor":11},{"not_picked":["Heavy Blade","Perfected Strike"],"picked":"Pommel Strike","floor":12},{"not_picked":["Intimidate","Shockwave"],"picked":"Rupture","floor":13},{"not_picked":["Limit Break","Bludgeon"],"picked":"Double Tap","floor":16},{"not_picked":["Flex+1","Heavy Blade"],"picked":"Intimidate","floor":18},{"not_picked":["Iron Wave","Body Slam","Clash"],"picked":"SKIP","floor":19},{"not_picked":["Entrench","Clash"],"picked":"Shrug It Off","floor":22}],"player_experience":673077,"relics_obtained":[{"floor":6,"key":"Centennial Puzzle"},{"floor":9,"key":"Dream Catcher"},{"floor":12,"key":"Ancient Tea Set"}],"event_choices":[{"damage_healed":0,"gold_gain":0,"player_choice":"Entered Light","damage_taken":23,"max_hp_gain":0,"max_hp_loss":0,"event_name":"Shining Light","floor":3,"gold_loss":0,"cards_upgraded":["Defend_R","Defend_R"]},{"damage_healed":25,"gold_gain":0,"player_choice":"Banana","damage_taken":0,"max_hp_gain":0,"max_hp_loss":0,"event_name":"Big Fish","floor":4,"gold_loss":0},{"damage_healed":0,"gold_gain":0,"player_choice":"Forge","damage_taken":0,"max_hp_gain":0,"max_hp_loss":0,"event_name":"Accursed Blacksmith","floor":5,"gold_loss":0,"cards_upgraded":["Blood for Blood"]},{"damage_healed":0,"gold_gain":0,"player_choice":"Ignored","damage_taken":0,"max_hp_gain":0,"max_hp_loss":0,"event_name":"Beggar","floor":21,"gold_loss":0}],"is_beta":false,"boss_relics":[{"not_picked":["Ectoplasm","Orrery"],"picked":"Velvet Choker"}],"items_purged_floors":[2,20],"is_endless":false,"potions_floor_spawned":[1,6,13,16],"killed_by":"Slavers","ascension_level":20}