{"gold_per_floor":[119,119,143,158,178,178,196,196,196,196,196],"floor_reached":11,"playtime":471,"items_purged":[],"score":111,"play_id":"59c5c135-1097-4c37-83ed-223a466466c7","local_time":"20190225081740","is_ascension_mode":true,"campfire_choices":[{"floor":6,"key":"REST"},{"floor":8,"key":"REST"}],"neow_cost":"NONE","seed_source_timestamp":433333414296436,"circlet_count":0,"master_deck":["AscendersBane","Strike_B","Strike_B","Strike_B","Strike_B","Defend_B","Defend_B","Defend_B","Defend_B","Zap","Dualcast","Coolheaded","Go for the Eyes","FTL"],"relics":["Cracked Core","Pen Nib","Golden Idol","Dream Catcher"],"potions_floor_usage":[],"damage_taken":[{"damage":9,"enemies":"2 Louse","floor":1,"turns":3},{"damage":2,"enemies":"Jaw Worm","floor":3,"turns":3},{"damage":16,"enemies":"Small Slimes","floor":4,"turns":3},{"damage":5,"enemies":"2 Fungi Beasts","floor":5,"turns":3},{"damage":27,"enemies":"Exordium Thugs","floor":7,"turns":5},{"damage":53,"enemies":"Gremlin Gang","floor":11,"turns":3}],"seed_played":"7906601629370457285","potions_obtained":[{"floor":3,"key":"Block Potion"},{"floor":7,"key":"Strength Potion"}],"is_trial":false,"path_per_floor":["M","?","M","M","M","R","M","R","T","?","M"],"character_chosen":"DEFECT","items_purchased":[],"campfire_rested":2,"item_purchase_floors":[],"current_hp_per_floor":[55,38,36,20,15,36,9,30,30,53,0],"gold":196,"neow_bonus":"RANDOM_COMMON_RELIC","is_prod":false,"is_daily":false,"chose_seed":false,"campfire_upgraded":0,"win_rate":0,"timestamp":1551111460,"path_taken":["M","?","M","M","M","R","M","R","T","?","?"],"build_version":"2019-01-23","purchased_purges":0,"victory":false,"max_hp_per_floor":[71,71,71,71,71,71,71,71,71,71,71],"card_choices":[{"not_picked":["Stack","Streamline"],"picked":"Coolheaded","floor":1},{"not_picked":["Beam Cell","Barrage","Streamline"],"picked":"SKIP","floor":3},{"not_picked":["Coolheaded","Sweeping Beam"],"picked":"Go for the Eyes","floor":4},{"not_picked":["Static Discharge","Ball Lightning"],"picked":"FTL","floor":5},{"not_picked":["Tempest","Steam","Beam Cell"],"picked":"SKIP","floor":7}],"player_experience":516993,"relics_obtained":[{"floor":9,"key":"Dream Catcher"}],"event_choices":[{"damage_healed":0,"gold_gain":0,"player_choice":"Take Damage","damage_taken":17,"relics_obtained":["Golden Idol"],"max_hp_gain":0,"max_hp_loss":0,"event_name":"Golden Idol","floor":2,"gold_loss":0},{"damage_healed":23,"gold_gain":0,"player_choice":"Banana","damage_taken":0,"max_hp_gain":0,"max_hp_loss":0,"event_name":"Big Fish","floor":10,"gold_loss":0}],"is_beta":false,"boss_relics":[],"items_purged_floors":[],"is_endless":false,"potions_floor_spawned":[3,7],"killed_by":"Gremlin Gang","ascension_level":14}