{"gold_per_floor":[116,126,32,42,57,57,74,74,119,129,129,129,160,160,160,235,235,255,266,266,266,31,57,57,57,81,81],"floor_reached":27,"playtime":1111,"items_purged":["Defend_G"],"score":462,"play_id":"d9b254e3-4b4b-42fa-a250-b499aa16aba7","local_time":"20190220004326","is_ascension_mode":true,"campfire_choices":[{"data":"Blade Dance","floor":6,"key":"SMITH"},{"data":"Cloak And Dagger","floor":8,"key":"SMITH"},{"floor":11,"key":"REST"},{"data":"Neutralize","floor":15,"key":"SMITH"},{"floor":24,"key":"REST"}],"neow_cost":"NONE","seed_source_timestamp":2405914309121618,"circlet_count":0,"master_deck":["AscendersBane","Defend_G","Defend_G","Defend_G","Defend_G","Strike_G","Strike_G","Strike_G","Survivor","Neutralize+1","Dagger Spray","Finisher","Finesse","Cloak And Dagger+1","Blade Dance+1","Burst","Blade Dance+1","Terror","Ghostly","Ghostly","Ghostly","Accuracy","Escape Plan+1"],"relics":["Ring of the Snake","Boot","Happy Flower","Blue Candle","Empty Cage","PreservedInsect","Centennial Puzzle","Ancient Tea Set"],"potions_floor_usage":[7,13,13,23,27],"damage_taken":[{"damage":3,"enemies":"Cultist","floor":1,"turns":5},{"damage":8,"enemies":"Jaw Worm","floor":2,"turns":4},{"damage":0,"enemies":"2 Louse","floor":4,"turns":3},{"damage":0,"enemies":"Large Slime","floor":5,"turns":6},{"damage":7,"enemies":"Exordium Thugs","floor":7,"turns":3},{"damage":9,"enemies":"Gremlin Gang","floor":10,"turns":2},{"damage":14,"enemies":"Lagavulin","floor":13,"turns":4},{"damage":29,"enemies":"Hexaghost","floor":16,"turns":11},{"damage":16,"enemies":"Shell Parasite","floor":18,"turns":4},{"damage":13,"enemies":"2 Thieves","floor":19,"turns":4},{"damage":24,"enemies":"Slavers","floor":23,"turns":6},{"damage":15,"enemies":"Sentry and Sphere","floor":27,"turns":3}],"seed_played":"7692083729432286374","potions_obtained":[{"floor":1,"key":"Poison Potion"},{"floor":5,"key":"SteroidPotion"},{"floor":10,"key":"Regen Potion"},{"floor":16,"key":"EssenceOfSteel"},{"floor":18,"key":"SteroidPotion"},{"floor":23,"key":"Strength Potion"}],"is_trial":false,"path_per_floor":["M","M","$","M","M","R","M","R","T","M","R","$","E","?","R","B",null,"M","M","?","?","$","E","R","$","T","M"],"character_chosen":"THE_SILENT","items_purchased":["Finesse","PreservedInsect"],"campfire_rested":2,"item_purchase_floors":[3,22],"current_hp_per_floor":[56,48,48,48,48,48,41,41,41,32,51,51,49,49,49,20,55,39,26,26,26,26,2,11,11,11,0],"gold":81,"neow_bonus":"RANDOM_COMMON_RELIC","is_prod":false,"is_daily":false,"chose_seed":false,"campfire_upgraded":3,"win_rate":0,"timestamp":1550645006,"path_taken":["M","M","$","M","M","R","M","R","T","?","R","?","E","?","R","BOSS","M","M","?","?","$","E","R","$","T","M"],"build_version":"2019-02-06","purchased_purges":1,"victory":false,"max_hp_per_floor":[66,66,66,66,66,66,66,66,66,66,66,66,66,66,66,66,66,66,66,33,33,33,33,33,33,33,33],"card_choices":[{"not_picked":["Skewer","Masterful Stab"],"picked":"Dagger Spray","floor":1},{"not_picked":["Dagger Throw","PiercingWail"],"picked":"Finisher","floor":2},{"not_picked":["Deadly Poison","Prepared"],"picked":"Cloak And Dagger","floor":4},{"not_picked":["Dagger Throw","Choke"],"picked":"Blade Dance","floor":5},{"not_picked":["Poisoned Stab","Catalyst"],"picked":"Burst","floor":7},{"not_picked":["Poisoned Stab","Footwork"],"picked":"Blade Dance","floor":10},{"not_picked":["Night Terror","Masterful Stab","Predator"],"picked":"SKIP","floor":13},{"not_picked":["Expertise+1","Tactician+1","Blur"],"picked":"SKIP","floor":18},{"not_picked":["Cloak And Dagger","Flechettes"],"picked":"Terror","floor":19},{"not_picked":["Riddle With Holes","Underhanded Strike+1"],"picked":"Escape Plan+1","floor":23}],"player_experience":829755,"relics_obtained":[{"floor":9,"key":"Happy Flower"},{"floor":13,"key":"Blue Candle"},{"floor":23,"key":"Centennial Puzzle"},{"floor":26,"key":"Ancient Tea Set"}],"event_choices":[{"damage_healed":0,"gold_gain":0,"player_choice":"Grow","damage_taken":0,"max_hp_gain":0,"max_hp_loss":0,"event_name":"Living Wall","floor":14,"gold_loss":0,"cards_upgraded":["Blade Dance"]},{"damage_healed":0,"gold_gain":0,"player_choice":"Became a Ghost","damage_taken":0,"max_hp_gain":0,"max_hp_loss":33,"event_name":"Ghosts","floor":20,"gold_loss":0,"cards_obtained":["Ghostly","Ghostly","Ghostly"]},{"damage_healed":0,"gold_gain":0,"player_choice":"Read","damage_taken":0,"max_hp_gain":0,"max_hp_loss":0,"event_name":"The Library","floor":21,"gold_loss":0,"cards_obtained":["Accuracy"]}],"is_beta":true,"boss_relics":[{"not_picked":["Pandora\u0027s Box","Fusion Hammer"],"picked":"Empty Cage"}],"items_purged_floors":[22],"is_endless":false,"potions_floor_spawned":[1,5,10,16,18,23],"killed_by":"Sentry and Sphere","ascension_level":20}