{"gold_per_floor":[112,112,37,55,73,73,98,98,98,114,114,127,127,150,150,269,269,284,284],"floor_reached":19,"playtime":690,"items_purged":["Strike_R"],"score":254,"play_id":"f6f508fe-b4f7-4217-af6a-faab98674b95","local_time":"20190109121243","is_ascension_mode":true,"campfire_choices":[{"data":"Juggernaut","floor":6,"key":"SMITH"},{"data":"Body Slam","floor":8,"key":"SMITH"},{"floor":11,"key":"REST"},{"data":"True Grit","floor":15,"key":"SMITH"}],"neow_cost":"PERCENT_DAMAGE","seed_source_timestamp":1676818243366737,"circlet_count":0,"master_deck":["AscendersBane","Strike_R","Strike_R","Strike_R","Strike_R","Defend_R","Defend_R","Defend_R","Defend_R","Bash","Juggernaut+1","Rage","Body Slam+1","Juggernaut","True Grit+1","Injury","Ghostly Armor","Juggernaut","True Grit"],"relics":["Burning Blood","Ornamental Fan","The Courier","Golden Idol","Cursed Key"],"potions_floor_usage":[7,14,16],"damage_taken":[{"damage":11,"enemies":"Cultist","floor":1,"turns":4},{"damage":15,"enemies":"Small Slimes","floor":4,"turns":5},{"damage":7,"enemies":"Jaw Worm","floor":5,"turns":4},{"damage":22,"enemies":"3 Sentries","floor":7,"turns":8},{"damage":15,"enemies":"Large Slime","floor":10,"turns":6},{"damage":18,"enemies":"Red Slaver","floor":12,"turns":4},{"damage":13,"enemies":"2 Fungi Beasts","floor":14,"turns":4},{"damage":37,"enemies":"Slime Boss","floor":16,"turns":9},{"damage":23,"enemies":"2 Thieves","floor":18,"turns":5},{"damage":57,"enemies":"Masked Bandits","floor":19,"turns":3}],"seed_played":"4622250058415149252","potions_obtained":[{"floor":5,"key":"Energy Potion"},{"floor":12,"key":"Strength Potion"},{"floor":14,"key":"Fruit Juice"}],"is_trial":false,"path_per_floor":["M","?","$","M","M","R","E","R","T","M","R","M","?","M","R","B",null,"M","?"],"character_chosen":"IRONCLAD","items_purchased":[],"campfire_rested":1,"item_purchase_floors":[],"current_hp_per_floor":[46,72,72,63,62,62,46,46,46,37,61,49,49,47,47,16,68,51,0],"gold":284,"neow_bonus":"THREE_RARE_CARDS","is_prod":false,"is_daily":false,"chose_seed":false,"campfire_upgraded":3,"win_rate":0,"timestamp":1547053963,"path_taken":["M","?","$","M","M","R","E","R","T","M","R","M","?","M","R","BOSS","M","?"],"build_version":"2019-01-03v4","purchased_purges":1,"victory":false,"max_hp_per_floor":[80,80,80,80,80,80,80,80,80,80,80,80,80,85,85,85,85,85,85],"card_choices":[{"not_picked":["Reaper","Offering"],"picked":"Juggernaut","floor":0},{"not_picked":["Clothesline","Headbutt","Flex"],"picked":"SKIP","floor":1},{"not_picked":["Thunderclap","Warcry"],"picked":"Rage","floor":4},{"not_picked":["Armaments","Pommel Strike","Flex"],"picked":"SKIP","floor":5},{"not_picked":["Battle Trance","Bloodletting"],"picked":"Body Slam","floor":7},{"not_picked":["True Grit","Anger"],"picked":"Juggernaut","floor":10},{"not_picked":["Clothesline","Twin Strike"],"picked":"True Grit","floor":12},{"not_picked":["Havoc","Spot Weakness"],"picked":"Ghostly Armor","floor":14},{"not_picked":["Dark Embrace","Barricade"],"picked":"Juggernaut","floor":16},{"not_picked":["Havoc","Blood for Blood"],"picked":"True Grit","floor":18}],"player_experience":359692,"relics_obtained":[{"floor":7,"key":"Ornamental Fan"},{"floor":9,"key":"The Courier"}],"event_choices":[{"damage_healed":26,"gold_gain":0,"player_choice":"Banana","damage_taken":0,"max_hp_gain":0,"max_hp_loss":0,"event_name":"Big Fish","floor":2,"gold_loss":0},{"damage_healed":0,"gold_gain":0,"player_choice":"Take Wound","damage_taken":0,"relics_obtained":["Golden Idol"],"max_hp_gain":0,"max_hp_loss":0,"event_name":"Golden Idol","floor":13,"gold_loss":0,"cards_obtained":["Injury"]},{"damage_healed":0,"gold_gain":0,"player_choice":"Fought Bandits","damage_taken":0,"max_hp_gain":0,"max_hp_loss":0,"event_name":"Masked Bandits","floor":19,"gold_loss":0}],"is_beta":false,"boss_relics":[{"not_picked":["Lizard Tail","Eternal Feather"],"picked":"Cursed Key"}],"items_purged_floors":[3],"is_endless":false,"potions_floor_spawned":[5,12,14],"killed_by":"Masked Bandits","ascension_level":10}