{"gold_per_floor":[110,127,127,146,163,196,196,226,249,284,0,0,13,88,88,161,161,144,144,33,33,33,33,33,33,58,73,98,115,115,146,146,225,225,240,240,289,19,34,64,64,74,74,107,118,118,118,118,118,118,118,118,43,68,68],"floor_reached":55,"playtime":3496,"items_purged":["Shame"],"score":1432,"play_id":"e414e9f6-0e53-4d7b-9271-f5af38e20525","local_time":"20190128161325","is_ascension_mode":true,"campfire_choices":[{"data":"Double Energy","floor":7.0,"key":"SMITH"},{"floor":15.0,"key":"REST"},{"data":"Defragment","floor":23.0,"key":"SMITH"},{"data":"Zap","floor":25.0,"key":"SMITH"},{"data":"Glacier","floor":32.0,"key":"SMITH"},{"data":"White Noise","floor":41.0,"key":"SMITH"},{"floor":47.0,"key":"REST"},{"floor":49.0,"key":"RECALL"},{"floor":52.0,"key":"REST"}],"neow_cost":"NONE","seed_source_timestamp":368142274322577,"circlet_count":0,"master_deck":["AscendersBane","Strike_B+1","Strike_B+1","Strike_B+1","Strike_B+1","Defend_B+1","Defend_B+1","Defend_B+1","Zap+1","Dualcast+1","Conserve Battery+1","Steam Power+1","Gash+1","Leap+1","Defragment+1","Double Energy+1","Glacier+1","White Noise+1","Ball Lightning+1","Creative AI+1","Sweeping Beam+1","Self Repair+1","Decay","Conserve Battery+1","Leap+1","Skim+1","Impatience+1","Sweeping Beam+1","Echo Form+1","Chaos+1","Gash+1","Scrape+1","Tempest+1","Streamline+1","Glacier+1","Barrage+1","Madness+1","Madness+1","Multi-Cast+1","Redo+1"],"special_seed":0,"relics":["FrozenCore","NeowsBlessing","Mango","PreservedInsect","Bag of Preparation","Orichalcum","Molten Egg 2","Toxic Egg 2","Anchor","Meat on the Bone","Pen Nib","Sozu","Nunchaku","Mummified Hand","Ginger","Kunai","Potion Belt","Mark of the Bloom","Boot"],"potions_floor_usage":[],"damage_taken":[{"damage":0.0,"enemies":"Cultist","floor":1.0,"turns":1.0},{"damage":0.0,"enemies":"Jaw Worm","floor":2.0,"turns":1.0},{"damage":0.0,"enemies":"2 Louse","floor":4.0,"turns":1.0},{"damage":4.0,"enemies":"Blue Slaver","floor":5.0,"turns":4.0},{"damage":27.0,"enemies":"Gremlin Nob","floor":6.0,"turns":4.0},{"damage":16.0,"enemies":"Lagavulin","floor":8.0,"turns":7.0},{"damage":7.0,"enemies":"3 Sentries","floor":10.0,"turns":8.0},{"damage":1.0,"enemies":"Looter","floor":13.0,"turns":5.0},{"damage":8.0,"enemies":"Slime Boss","floor":16.0,"turns":14.0},{"damage":13.0,"enemies":"2 Thieves","floor":18.0,"turns":4.0},{"damage":3.0,"enemies":"3 Byrds","floor":27.0,"turns":5.0},{"damage":8.0,"enemies":"Book of Stabbing","floor":28.0,"turns":5.0},{"damage":3.0,"enemies":"Snake Plant","floor":29.0,"turns":7.0},{"damage":0.0,"enemies":"Slavers","floor":31.0,"turns":5.0},{"damage":33.0,"enemies":"Collector","floor":33.0,"turns":12.0},{"damage":4.0,"enemies":"3 Shapes","floor":35.0,"turns":11.0},{"damage":53.0,"enemies":"2 Orb Walkers","floor":37.0,"turns":7.0},{"damage":6.0,"enemies":"Orb Walker","floor":39.0,"turns":4.0},{"damage":24.0,"enemies":"Reptomancer","floor":40.0,"turns":6.0},{"damage":0.0,"enemies":"Maw","floor":42.0,"turns":6.0},{"damage":16.0,"enemies":"Nemesis","floor":44.0,"turns":5.0},{"damage":11.0,"enemies":"Writhing Mass","floor":45.0,"turns":4.0},{"damage":15.0,"enemies":"Donu and Deca","floor":50.0,"turns":7.0},{"damage":30.0,"enemies":"Shield and Spear","floor":54.0,"turns":8.0},{"damage":53,"enemies":"The Heart","floor":55,"turns":3}],"seed_played":"-5286851438252318237","potions_obtained":[{"floor":1.0,"key":"FocusPotion"},{"floor":6.0,"key":"Block Potion"},{"floor":8.0,"key":"LiquidBronze"},{"floor":13.0,"key":"EssenceOfSteel"},{"floor":16.0,"key":"Dexterity Potion"},{"floor":18.0,"key":"Swift Potion"},{"floor":28.0,"key":"Energy Potion"},{"floor":31.0,"key":"Fruit Juice"}],"is_trial":false,"path_per_floor":["M","M","?","M","M","E","R","E","T","E","$","T","M","?","R","B",null,"M","?","$","?","?","R","?","R","T","M","E","M","?","E","R","B",null,"M","?","?","$","M","E","R","M","T","E","M","?","R","?","R","B",null,"R","$","E","B"],"character_chosen":"DEFECT","items_purchased":["Molten Egg 2","Self Repair","Mummified Hand","Multi-Cast+1"],"campfire_rested":3,"item_purchase_floors":[11,20,38,53],"current_hp_per_floor":[64,64,64,64,60,47,47,31,31,24,24,24,23,12,37,29,71,58,58,58,33,33,33,33,33,33,37,36,52,34,53,53,51,84,87,87,46,46,59,54,54,61,61,57,65,48,76,76,76,61,61,61,61,31,0],"gold":68,"neow_bonus":"THREE_ENEMY_KILL","is_prod":false,"is_daily":false,"chose_seed":false,"campfire_upgraded":5,"win_rate":0,"timestamp":1548688405,"path_taken":["M","M","?","M","?","E","R","E","T","E","$","?","M","?","R","BOSS","M","?","$","?","?","R","?","R","T","?","E","?","?","E","R","BOSS","M","?","?","?","M","E","R","M","T","E","M","?","R","?","R","BOSS","R","$","E","BOSS"],"build_version":"2019-01-23","purchased_purges":1,"victory":false,"max_hp_per_floor":[71,71,71,71,71,85,85,85,85,85,85,85,85,85,85,85,85,85,85,85,90,90,90,90,90,90,90,90,90,90,90,90,95,95,95,95,95,95,95,95,95,95,95,95,95,95,95,95,95,95,95,95,95,95,95],"card_choices":[{"not_picked":["Go for the Eyes","Turbo"],"picked":"Conserve Battery","floor":1.0},{"not_picked":["Barrage","Turbo"],"picked":"Steam Power","floor":2.0},{"not_picked":["Leap","Go for the Eyes","Hologram"],"picked":"SKIP","floor":4.0},{"not_picked":["Go for the Eyes","Hologram"],"picked":"Leap","floor":4.0},{"not_picked":["Rebound","Self Repair"],"picked":"Defragment","floor":5.0},{"not_picked":["Go for the Eyes","Steam"],"picked":"Double Energy","floor":6.0},{"not_picked":["Defragment","Thunder Strike"],"picked":"Glacier","floor":8.0},{"not_picked":["FTL","Rebound"],"picked":"White Noise","floor":10.0},{"not_picked":["Reinforced Body","Compile Driver+1"],"picked":"Ball Lightning+1","floor":13.0},{"not_picked":["Machine Learning","Multi-Cast"],"picked":"Creative AI","floor":16.0},{"not_picked":["Hologram","Gash+1"],"picked":"Sweeping Beam+1","floor":18.0},{"not_picked":["Compile Driver+1","Double Energy+1"],"picked":"Conserve Battery+1","floor":27.0},{"not_picked":["Consume+1","Steam+1"],"picked":"Leap+1","floor":28.0},{"not_picked":["Consume+1","Cold Snap+1"],"picked":"Skim+1","floor":29.0},{"not_picked":["Machine Learning","Consume+1"],"picked":"Sweeping Beam+1","floor":31.0},{"not_picked":["Buffer","Seek+1"],"picked":"Echo Form","floor":33.0},{"not_picked":["Redo+1","Hello World"],"picked":"Chaos+1","floor":35.0},{"not_picked":["Capacitor","Go for the Eyes+1"],"picked":"Gash+1","floor":37.0},{"not_picked":["Genetic Algorithm+1","Undo+1"],"picked":"Scrape+1","floor":39.0},{"not_picked":["Coolheaded+1","Heatsinks"],"picked":"Tempest+1","floor":40.0},{"not_picked":["Ball Lightning+1","Conserve Battery+1"],"picked":"Streamline+1","floor":42.0},{"not_picked":["Beam Cell+1","Rip and Tear+1"],"picked":"Glacier+1","floor":44.0},{"not_picked":["Ball Lightning+1","Steam Power+1"],"picked":"Barrage+1","floor":45.0},{"not_picked":["Steam+1","Undo+1"],"picked":"Redo+1","floor":54.0}],"player_experience":622756,"relics_obtained":[{"floor":6.0,"key":"Mango"},{"floor":8.0,"key":"PreservedInsect"},{"floor":9.0,"key":"Bag of Preparation"},{"floor":10.0,"key":"Orichalcum"},{"floor":26.0,"key":"Anchor"},{"floor":28.0,"key":"Meat on the Bone"},{"floor":31.0,"key":"Pen Nib"},{"floor":37.0,"key":"Nunchaku"},{"floor":40.0,"key":"Ginger"},{"floor":43.0,"key":"Kunai"},{"floor":44.0,"key":"Potion Belt"},{"floor":54.0,"key":"Boot"}],"event_choices":[{"damage_healed":0.0,"max_hp_gain":0.0,"max_hp_loss":0.0,"gold_gain":0.0,"cards_transformed":["Defend_B"],"event_name":"Transmorgrifier","player_choice":"Transformed","floor":3.0,"gold_loss":0.0,"damage_taken":0.0,"cards_obtained":["Gash"]},{"damage_healed":0.0,"max_hp_gain":0.0,"max_hp_loss":0.0,"gold_gain":75.0,"event_name":"World of Goop","player_choice":"Gather Gold","floor":14.0,"gold_loss":0.0,"damage_taken":11.0},{"damage_healed":0.0,"max_hp_gain":0.0,"max_hp_loss":0.0,"gold_gain":0.0,"event_name":"Addict","player_choice":"Stole Relic","floor":19.0,"gold_loss":0.0,"damage_taken":0.0,"relics_obtained":["Toxic Egg 2"],"cards_obtained":["Shame"]},{"damage_healed":0.0,"max_hp_gain":5.0,"max_hp_loss":0.0,"gold_gain":0.0,"event_name":"Forgotten Altar","player_choice":"Shed Blood","floor":21.0,"gold_loss":0.0,"damage_taken":30.0},{"damage_healed":0.0,"max_hp_gain":0.0,"max_hp_loss":0.0,"gold_gain":0.0,"event_name":"Back to Basics","player_choice":"Simplicity","floor":22.0,"gold_loss":0.0,"damage_taken":0.0,"cards_upgraded":["Strike_B","Strike_B","Strike_B","Strike_B","Defend_B","Defend_B","Defend_B"]},{"damage_healed":0.0,"max_hp_gain":0.0,"max_hp_loss":0.0,"gold_gain":0.0,"event_name":"Wheel of Change","player_choice":"Cursed","floor":24.0,"gold_loss":0.0,"damage_taken":0.0,"cards_obtained":["Decay"]},{"damage_healed":0.0,"max_hp_gain":0.0,"max_hp_loss":0.0,"gold_gain":0.0,"event_name":"Knowing Skull","player_choice":"CARD ","floor":30.0,"potions_obtained":[],"gold_loss":0.0,"damage_taken":18.0,"cards_obtained":["Impatience"]},{"damage_healed":0.0,"max_hp_gain":0.0,"max_hp_loss":0.0,"gold_gain":0.0,"event_name":"Tomb of Lord Red Mask","player_choice":"Ignored","floor":36.0,"gold_loss":0.0,"damage_taken":0.0},{"damage_healed":0.0,"max_hp_gain":0.0,"max_hp_loss":0.0,"gold_gain":0.0,"event_name":"Mysterious Sphere","player_choice":"Fight","floor":37.0,"gold_loss":0.0,"damage_taken":0.0},{"damage_healed":0.0,"max_hp_gain":0.0,"max_hp_loss":0.0,"gold_gain":0.0,"event_name":"Winding Halls","player_choice":"Embrace Madness","floor":46.0,"gold_loss":0.0,"damage_taken":17.0,"cards_obtained":["Madness","Madness"]},{"damage_healed":0.0,"max_hp_gain":0.0,"max_hp_loss":0.0,"gold_gain":0.0,"event_name":"MindBloom","player_choice":"Upgrade","floor":48.0,"gold_loss":0.0,"damage_taken":0.0,"cards_upgraded":["Dualcast","Conserve Battery","Steam Power","Gash","Leap","Creative AI","Self Repair","Echo Form"],"relics_obtained":["Mark of the Bloom"]}],"is_beta":false,"boss_relics":[{"not_picked":["Velvet Choker","Calling Bell"],"picked":"FrozenCore"},{"not_picked":["Fusion Hammer","Snecko Eye"],"picked":"Sozu"}],"items_purged_floors":[20],"is_endless":false,"potions_floor_spawned":[1,6,8,13,16,18,28,31,39,44,45],"killed_by":"The Heart","ascension_level":16}