{"gold_per_floor":[119,137,137,48,64,90,117,158,223,235,265,277,161,189,189,268,268,225,244,244,244,244],"floor_reached":22,"playtime":723,"items_purged":["Strike_B"],"score":388,"play_id":"01cd32d1-b30e-4950-8162-c8c1d4f707d8","local_time":"20190214171657","is_ascension_mode":true,"campfire_choices":[{"floor":10,"key":"REST"},{"floor":15,"key":"REST"}],"neow_cost":"NONE","seed_source_timestamp":27014989406916,"circlet_count":0,"master_deck":["AscendersBane","Strike_B+1","Strike_B+1","Defend_B+1","Defend_B+1","Defend_B+1","Defend_B+1","Zap","Dualcast","Capacitor","Defragment","Reboot","Darkness","Cold Snap","Ball Lightning","Genetic Algorithm","Buffer","Fission","Conserve Battery+1","Consume"],"relics":["Cracked Core","NeowsBlessing","MawBank","Blue Candle","War Paint","Boot","Lizard Tail"],"potions_floor_usage":[6,8,14],"damage_taken":[{"damage":0,"enemies":"Cultist","floor":1,"turns":1},{"damage":0,"enemies":"Jaw Worm","floor":2,"turns":1},{"damage":0,"enemies":"Small Slimes","floor":5,"turns":1},{"damage":27,"enemies":"Lagavulin","floor":6,"turns":6},{"damage":30,"enemies":"Exordium Wildlife","floor":7,"turns":8},{"damage":5,"enemies":"Gremlin Nob","floor":8,"turns":3},{"damage":4,"enemies":"Large Slime","floor":11,"turns":4},{"damage":13,"enemies":"Lagavulin","floor":14,"turns":5},{"damage":14,"enemies":"Slime Boss","floor":16,"turns":11},{"damage":43,"enemies":"2 Thieves","floor":18,"turns":5},{"damage":11,"enemies":"Spheric Guardian","floor":19,"turns":7},{"damage":37,"enemies":"Colosseum Slavers","floor":21,"turns":7},{"damage":16,"enemies":"Shelled Parasite and Fungi","floor":22,"turns":2}],"seed_played":"645265331930600544","potions_obtained":[{"floor":1,"key":"SteroidPotion"},{"floor":6,"key":"Ancient Potion"},{"floor":7,"key":"FearPotion"},{"floor":11,"key":"Swift Potion"},{"floor":16,"key":"Dexterity Potion"}],"is_trial":false,"path_per_floor":["M","M","?","$","M","E","M","E","T","R","M","?","$","E","R","B",null,"M","M","?","?","M"],"character_chosen":"DEFECT","items_purchased":["Darkness","PowerPotion"],"campfire_rested":2,"item_purchase_floors":[4,13],"current_hp_per_floor":[64,64,64,64,64,37,7,2,2,23,19,19,19,6,27,13,57,14,3,3,6,0],"gold":244,"neow_bonus":"THREE_ENEMY_KILL","is_prod":false,"is_daily":false,"chose_seed":false,"campfire_upgraded":0,"win_rate":0,"timestamp":1550132217,"path_taken":["M","?","?","$","?","E","M","E","T","R","M","?","?","E","R","BOSS","M","M","?","?","M"],"build_version":"2019-01-23","purchased_purges":1,"victory":false,"max_hp_per_floor":[71,71,71,71,71,71,71,71,71,71,71,71,71,71,71,71,71,71,71,71,71,71],"card_choices":[{"not_picked":["Steam Power","Conserve Battery"],"picked":"Capacitor","floor":1},{"not_picked":["Compile Driver","Leap"],"picked":"Defragment","floor":2},{"not_picked":["Turbo","Reprogram"],"picked":"Cold Snap","floor":5},{"not_picked":["Reboot","Reprogram","Blizzard"],"picked":"SKIP","floor":6},{"not_picked":["Rebound","Gash"],"picked":"Ball Lightning","floor":7},{"not_picked":["Cold Snap","Compile Driver"],"picked":"Genetic Algorithm","floor":8},{"not_picked":["Scrape","Rebound","Sweeping Beam"],"picked":"SKIP","floor":11},{"not_picked":["Go for the Eyes","Consume"],"picked":"Buffer","floor":14},{"not_picked":["Seek","Multi-Cast"],"picked":"Fission","floor":16},{"not_picked":["Rebound","Skim"],"picked":"Conserve Battery+1","floor":18},{"not_picked":["Recycle","Ball Lightning+1"],"picked":"Consume","floor":19}],"player_experience":358518,"relics_obtained":[{"floor":6,"key":"MawBank"},{"floor":8,"key":"Blue Candle"},{"floor":9,"key":"War Paint"},{"floor":14,"key":"Boot"}],"event_choices":[{"damage_healed":0,"gold_gain":0,"cards_transformed":["Strike_B"],"player_choice":"Transformed","damage_taken":0,"max_hp_gain":0,"max_hp_loss":0,"event_name":"Transmorgrifier","floor":3,"gold_loss":0,"cards_obtained":["Reboot"]},{"damage_healed":0,"gold_gain":0,"player_choice":"Ignored","damage_taken":0,"max_hp_gain":0,"max_hp_loss":0,"event_name":"Golden Wing","floor":12,"gold_loss":0},{"damage_healed":0,"gold_gain":0,"player_choice":"Simplicity","damage_taken":0,"max_hp_gain":0,"max_hp_loss":0,"event_name":"Back to Basics","floor":20,"gold_loss":0,"cards_upgraded":["Strike_B","Strike_B","Defend_B","Defend_B"]},{"damage_healed":0,"gold_gain":0,"player_choice":"Fight","damage_taken":0,"max_hp_gain":0,"max_hp_loss":0,"event_name":"Colosseum","floor":21,"gold_loss":0},{"damage_healed":0,"gold_gain":0,"player_choice":"Fled From Nobs","damage_taken":0,"max_hp_gain":0,"max_hp_loss":0,"event_name":"Colosseum","floor":21,"gold_loss":0}],"is_beta":false,"boss_relics":[{"not_picked":["Busted Crown","Runic Pyramid"],"picked":"Lizard Tail"}],"items_purged_floors":[13],"is_endless":false,"potions_floor_spawned":[1,6,7,11,16,21],"killed_by":"Shelled Parasite and Fungi","ascension_level":18}