{"gold_per_floor":[113,113,113,38,58,85,85,115,141,170,187,187,214,224,224,303,303,313,323,37,52,52,52,52,67,90,1,1,26,26,41,41,115,115,128,144,144,16,16],"floor_reached":39,"playtime":1802,"items_purged":["Pain","Strike_B"],"score":818,"play_id":"08473671-ac21-443d-af73-65b64cc16663","local_time":"20190305125331","is_ascension_mode":true,"campfire_choices":[{"data":"Zap","floor":7.0,"key":"SMITH"},{"data":"Genetic Algorithm","floor":12.0,"key":"SMITH"},{"floor":15.0,"key":"REST"},{"data":"Biased Cognition","floor":24.0,"key":"SMITH"},{"floor":32.0,"key":"REST"}],"neow_cost":"NONE","seed_source_timestamp":296218748978487,"circlet_count":0,"master_deck":["AscendersBane","Strike_B+1","Strike_B+1","Strike_B+1","Defend_B+1","Defend_B+1","Defend_B+1","Defend_B+1","Zap+1","Dualcast","Doom and Gloom+1","Cold Snap","Glacier","Genetic Algorithm+1","Chill","Multi-Cast","Hologram+1","Coolheaded","Biased Cognition+1","Conserve Battery","Conserve Battery","Buffer+1","BootSequence","Thinking Ahead","Capacitor+1","Capacitor+1"],"special_seed":0,"relics":["Cracked Core","NeowsBlessing","WarpedTongs","Boot","The Courier","Juzu Bracelet","Odd Mushroom","Bag of Marbles","Black Star","Anchor","Bag of Preparation","Potion Belt","Art of War","Frozen Egg 2","Coffee Dripper"],"potions_floor_usage":[],"damage_taken":[{"damage":0.0,"enemies":"2 Louse","floor":1.0,"turns":1.0},{"damage":0.0,"enemies":"Cultist","floor":5.0,"turns":1.0},{"damage":0.0,"enemies":"Gremlin Nob","floor":6.0,"turns":1.0},{"damage":11.0,"enemies":"Lagavulin","floor":8.0,"turns":6.0},{"damage":0.0,"enemies":"The Mushroom Lair","floor":10.0,"turns":3.0},{"damage":0.0,"enemies":"Jaw Worm","floor":11.0,"turns":4.0},{"damage":15.0,"enemies":"Gremlin Nob","floor":13.0,"turns":4.0},{"damage":0.0,"enemies":"2 Fungi Beasts","floor":14.0,"turns":2.0},{"damage":25.0,"enemies":"Slime Boss","floor":16.0,"turns":10.0},{"damage":7.0,"enemies":"3 Byrds","floor":18.0,"turns":3.0},{"damage":2.0,"enemies":"Shell Parasite","floor":19.0,"turns":6.0},{"damage":19.0,"enemies":"Cultist and Chosen","floor":21.0,"turns":9.0},{"damage":10.0,"enemies":"3 Cultists","floor":25.0,"turns":5.0},{"damage":18.0,"enemies":"Slavers","floor":29.0,"turns":8.0},{"damage":0.0,"enemies":"Shelled Parasite and Fungi","floor":31.0,"turns":5.0},{"damage":12,"enemies":"Champ","floor":33,"turns":17},{"damage":4,"enemies":"3 Shapes","floor":35,"turns":3},{"damage":1,"enemies":"3 Darklings","floor":36,"turns":6},{"damage":54,"enemies":"Maw","floor":39,"turns":9}],"seed_played":"1174450772186199163","potions_obtained":[{"floor":6.0,"key":"SkillPotion"},{"floor":8.0,"key":"Energy Potion"},{"floor":14.0,"key":"Dexterity Potion"},{"floor":16.0,"key":"Fire Potion"},{"floor":21.0,"key":"Dexterity Potion"},{"floor":29.0,"key":"Block Potion"},{"floor":33,"key":"SkillPotion"},{"floor":35,"key":"GamblersBrew"},{"floor":36,"key":"Swift Potion"}],"is_trial":false,"path_per_floor":["M","?","?","$","M","E","R","E","T","?","M","R","E","M","R","B",null,"M","M","$","M","?","?","R","M","T","$","?","E","?","M","R","B",null,"M","M","?","$","M"],"character_chosen":"DEFECT","items_purchased":["Biased Cognition","Anchor","Conserve Battery","FocusPotion","Capacitor+1","Capacitor+1"],"campfire_rested":2,"item_purchase_floors":[20,20,27,27,38,38],"current_hp_per_floor":[64,64,64,64,64,64,64,53,53,53,53,53,38,38,59,34,62,55,53,53,34,34,34,34,24,24,24,24,6,6,6,27,15,57,53,52,52,52,0],"gold":16,"neow_bonus":"THREE_ENEMY_KILL","is_prod":false,"is_daily":false,"chose_seed":false,"campfire_upgraded":3,"win_rate":0,"timestamp":1551786811,"path_taken":["M","?","?","$","?","E","R","E","T","?","M","R","E","M","R","BOSS","M","M","$","M","?","?","R","M","T","$","?","E","?","M","R","BOSS","M","M","?","$","M"],"build_version":"2019-01-23","purchased_purges":2,"victory":false,"max_hp_per_floor":[71,71,71,71,71,71,71,71,71,71,71,71,71,71,71,71,71,71,71,71,71,71,71,71,71,71,71,71,71,71,71,71,71,71,71,71,71,71,71],"card_choices":[{"not_picked":["Sweeping Beam","Consume"],"picked":"Doom and Gloom","floor":1.0},{"not_picked":["FTL","Beam Cell"],"picked":"Cold Snap","floor":5.0},{"not_picked":["Hologram","White Noise"],"picked":"Glacier","floor":6.0},{"not_picked":["Redo","Cold Snap","FTL"],"picked":"SKIP","floor":8.0},{"not_picked":["Tempest","Rebound"],"picked":"Genetic Algorithm","floor":10.0},{"not_picked":["Fission","Redo","Barrage"],"picked":"SKIP","floor":11.0},{"not_picked":["Lockon","Reprogram","Thunder Strike"],"picked":"SKIP","floor":13.0},{"not_picked":["Leap","Skim"],"picked":"Chill","floor":14.0},{"not_picked":["Meteor Strike","All For One"],"picked":"Multi-Cast","floor":16.0},{"not_picked":["Beam Cell","Sweeping Beam"],"picked":"Hologram+1","floor":18.0},{"not_picked":["Streamline","Go for the Eyes"],"picked":"Coolheaded","floor":19.0},{"not_picked":["Ball Lightning","Stack"],"picked":"Conserve Battery","floor":21.0},{"not_picked":["Steam Power","Streamline","Meteor Strike"],"picked":"SKIP","floor":25.0},{"not_picked":["Turbo","Genetic Algorithm","FTL"],"picked":"SKIP","floor":29.0},{"not_picked":["Cold Snap","Heatsinks+1","Hello World+1"],"picked":"SKIP","floor":31.0},{"not_picked":["Electrodynamics+1","Core Surge"],"picked":"Buffer+1","floor":33},{"not_picked":["Turbo","Blizzard"],"picked":"BootSequence","floor":35},{"not_picked":["Scrape","Sweeping Beam","Gash+1"],"picked":"SKIP","floor":36},{"not_picked":["Forethought","Trip"],"picked":"Thinking Ahead","floor":37}],"player_experience":883067,"relics_obtained":[{"floor":6.0,"key":"Boot"},{"floor":8.0,"key":"The Courier"},{"floor":9.0,"key":"Juzu Bracelet"},{"floor":10.0,"key":"Odd Mushroom"},{"floor":13.0,"key":"Bag of Marbles"},{"floor":26.0,"key":"Potion Belt"},{"floor":29.0,"key":"Art of War"},{"floor":29.0,"key":"Frozen Egg 2"}],"event_choices":[{"damage_healed":0.0,"max_hp_gain":0.0,"max_hp_loss":0.0,"gold_gain":0.0,"event_name":"Living Wall","player_choice":"Grow","floor":2.0,"gold_loss":0.0,"damage_taken":0.0,"cards_upgraded":["Doom and Gloom"]},{"damage_healed":0.0,"max_hp_gain":0.0,"max_hp_loss":0.0,"gold_gain":0.0,"event_name":"Accursed Blacksmith","player_choice":"Rummage","floor":3.0,"gold_loss":0.0,"damage_taken":0.0,"relics_obtained":["WarpedTongs"],"cards_obtained":["Pain"]},{"damage_healed":0.0,"max_hp_gain":0.0,"max_hp_loss":0.0,"gold_gain":0.0,"event_name":"Mushrooms","player_choice":"Fought Mushrooms","floor":10.0,"gold_loss":0.0,"damage_taken":0.0},{"damage_healed":0.0,"max_hp_gain":0.0,"max_hp_loss":0.0,"gold_gain":0.0,"event_name":"Back to Basics","player_choice":"Simplicity","floor":22.0,"gold_loss":0.0,"damage_taken":0.0,"cards_upgraded":["Strike_B","Strike_B","Strike_B","Defend_B","Defend_B","Defend_B","Defend_B"]},{"damage_healed":0.0,"max_hp_gain":0.0,"max_hp_loss":0.0,"gold_gain":0.0,"event_name":"The Mausoleum","player_choice":"Opened","floor":23.0,"gold_loss":0.0,"damage_taken":0.0,"relics_obtained":["Bag of Preparation"],"cards_obtained":["Writhe"]},{"cards_removed":["Writhe"],"damage_healed":0.0,"max_hp_gain":0.0,"max_hp_loss":0.0,"gold_gain":0.0,"event_name":"Purifier","player_choice":"Purged","floor":28.0,"gold_loss":0.0,"damage_taken":0.0},{"damage_healed":0,"gold_gain":0,"player_choice":"Memory 1","damage_taken":0,"max_hp_gain":0,"max_hp_loss":0,"event_name":"SensoryStone","floor":37,"gold_loss":0}],"is_beta":false,"boss_relics":[{"not_picked":["Calling Bell","Tiny House"],"picked":"Black Star"},{"not_picked":["Empty Cage","Eternal Feather"],"picked":"Coffee Dripper"}],"items_purged_floors":[4,20],"is_endless":false,"potions_floor_spawned":[6,8,14,16,21,29,33,35,36],"killed_by":"Maw","ascension_level":17}