{"gold_per_floor":[118,118,48,62,25,25,41,112,138,138,156,167,167,47,47,145,145,164,164,164,114,114,114,124,135,135,135],"floor_reached":27,"playtime":768,"items_purged":["Regret","Writhe"],"score":221,"play_id":"69b1a306-aa41-44ea-b43d-9223d1e0207e","local_time":"20181024163706","is_ascension_mode":true,"campfire_choices":[{"data":"Darkness","floor":6,"key":"SMITH"},{"data":"Darkness","floor":10,"key":"SMITH"},{"data":"Hologram","floor":13,"key":"SMITH"},{"floor":15,"key":"REST"},{"data":"Hyperbeam","floor":23,"key":"SMITH"}],"neow_cost":"NONE","seed_source_timestamp":773253387844181,"circlet_count":0,"master_deck":["Zap","Dualcast","Darkness+1","Hello World","Hologram+1","Darkness+1","Redo","Hyperbeam+1","Auto Shields","Defragment","Echo Form","Coolheaded","Redo","FTL","Compile Driver","Barrage","Beam Cell","Compile Driver","Redo+1","Defragment","Necronomicurse","Defragment","Streamline","Injury"],"relics":["Cursed Key","Mummified Hand","Smiling Mask","Pandora\u0027s Box","Necronomicon","Ice Cream"],"potions_floor_usage":[25],"damage_taken":[{"damage":2,"enemies":"Jaw Worm","floor":1,"turns":2},{"damage":14,"enemies":"Small Slimes","floor":4,"turns":4},{"damage":0,"enemies":"2 Louse","floor":7,"turns":1},{"damage":3,"enemies":"Looter","floor":11,"turns":2},{"damage":23,"enemies":"Red Slaver","floor":12,"turns":4},{"damage":35,"enemies":"Slime Boss","floor":16,"turns":5},{"damage":12,"enemies":"Chosen","floor":18,"turns":2},{"damage":15,"enemies":"Spheric Guardian","floor":24,"turns":4},{"damage":4,"enemies":"Centurion and Healer","floor":25,"turns":3},{"damage":18,"enemies":"Gremlin Leader","floor":27,"turns":2}],"seed_played":"6697874683151746354","potions_obtained":[{"floor":11,"key":"FearPotion"},{"floor":12,"key":"SkillPotion"},{"floor":16,"key":"Energy Potion"},{"floor":24,"key":"EssenceOfSteel"}],"is_trial":false,"path_per_floor":["M","?","$","M","$","R","M","T","T","R","M","M","R","$","R","B",null,"M","?","?","$","?","R","M","M","T"],"character_chosen":"DEFECT","items_purchased":["Hello World","Darkness","Defragment"],"campfire_rested":1,"item_purchase_floors":[3,5,14],"current_hp_per_floor":[73,66,66,52,52,52,52,52,52,52,49,26,26,26,48,13,75,63,63,49,49,33,33,18,14,14,0],"gold":135,"neow_bonus":"BOSS_RELIC","is_prod":false,"is_daily":false,"chose_seed":false,"campfire_upgraded":4,"win_rate":0,"timestamp":1540413426,"path_taken":["M","?","$","M","$","R","?","?","T","R","M","M","R","?","R","BOSS","M","?","?","$","?","R","M","M","T","E"],"build_version":"2018-10-18","purchased_purges":2,"victory":false,"max_hp_per_floor":[75,75,75,75,75,75,75,75,75,75,75,75,75,75,75,75,75,75,75,80,80,80,80,80,80,80,80],"card_choices":[{"not_picked":["Compile Driver","Sweeping Beam"],"picked":"Darkness","floor":1},{"not_picked":["Sweeping Beam","Go for the Eyes"],"picked":"Hologram","floor":4},{"not_picked":["Barrage","Stack"],"picked":"Redo","floor":7},{"not_picked":["Ball Lightning","Scrape"],"picked":"Hyperbeam","floor":11},{"not_picked":["Gash","Rebound"],"picked":"Auto Shields","floor":12},{"not_picked":["Machine Learning","Fission"],"picked":"Echo Form","floor":16},{"not_picked":["Tempest","Rebound+1"],"picked":"Redo+1","floor":18},{"not_picked":["Rip and Tear+1","Leap"],"picked":"Defragment","floor":24},{"not_picked":["Barrage","Beam Cell"],"picked":"Streamline","floor":25}],"player_experience":237360,"relics_obtained":[{"floor":8,"key":"Mummified Hand"},{"floor":9,"key":"Smiling Mask"},{"floor":22,"key":"Necronomicon"},{"floor":26,"key":"Ice Cream"}],"event_choices":[{"cards_removed":["Strike_B"],"damage_healed":0,"gold_gain":0,"player_choice":"Card Removal","damage_taken":7,"max_hp_gain":0,"max_hp_loss":0,"event_name":"Golden Wing","floor":2,"gold_loss":0},{"damage_healed":0,"gold_gain":0,"player_choice":"Read","damage_taken":0,"max_hp_gain":0,"max_hp_loss":0,"event_name":"The Library","floor":19,"gold_loss":0,"cards_obtained":["Defragment"]},{"damage_healed":0,"gold_gain":0,"player_choice":"Shed Blood","damage_taken":19,"max_hp_gain":5,"max_hp_loss":0,"event_name":"Forgotten Altar","floor":20,"gold_loss":0},{"damage_healed":0,"gold_gain":0,"player_choice":"Obtained Book","damage_taken":16,"max_hp_gain":0,"max_hp_loss":0,"event_name":"Cursed Tome","floor":22,"gold_loss":0}],"is_beta":false,"boss_relics":[{"not_picked":["Orrery","Runic Pyramid"],"picked":"Pandora\u0027s Box"}],"items_purged_floors":[14,21],"is_endless":false,"potions_floor_spawned":[11,12,16,24],"killed_by":"Gremlin Leader","ascension_level":2}