{"gold_per_floor":[367,378,328,125,137,169,187,203,203,203,218,252,267,267,267,369,369,379,389,405,330,330,349,365,365,389,389,405,421,421,431,431,431],"floor_reached":33,"playtime":2155,"items_purged":["Defend_B"],"score":265,"play_id":"a21c0043-f16d-4c3a-ad86-bb1c4041deb7","local_time":"20190106184822","is_ascension_mode":false,"campfire_choices":[{"floor":10.0,"key":"RECALL"},{"data":"Cold Snap","floor":15.0,"key":"SMITH"},{"data":"Redo","floor":25.0,"key":"SMITH"},{"data":"Turbo","floor":27.0,"key":"SMITH"},{"floor":30.0,"key":"REST"},{"data":"Echo Form","floor":32.0,"key":"SMITH"}],"neow_cost":"PERCENT_DAMAGE","seed_source_timestamp":16011053147255,"circlet_count":0,"master_deck":["Strike_B","Defend_B","Defend_B","Defend_B","Zap","Dualcast","Barrage","Glacier","Cold Snap+1","Coolheaded","Genetic Algorithm","Electrodynamics","Go for the Eyes","Conserve Battery","Cold Snap+1","Reboot","Rebound+1","All For One+1","Darkness+1","Steam","Turbo+1","Leap+1","Redo+1","Cold Snap+1","Echo Form+1","Gash+1"],"special_seed":0,"relics":["FrozenCore","Strawberry","Molten Egg 2","Pantograph"],"potions_floor_usage":[33],"damage_taken":[{"damage":1.0,"enemies":"Jaw Worm","floor":1.0,"turns":3.0},{"damage":1.0,"enemies":"Cultist","floor":2.0,"turns":3.0},{"damage":0.0,"enemies":"2 Louse","floor":5.0,"turns":2.0},{"damage":19.0,"enemies":"Lagavulin","floor":6.0,"turns":8.0},{"damage":8.0,"enemies":"Lots of Slimes","floor":7.0,"turns":4.0},{"damage":7.0,"enemies":"Exordium Wildlife","floor":8.0,"turns":3.0},{"damage":0.0,"enemies":"Gremlin Gang","floor":11.0,"turns":4.0},{"damage":11.0,"enemies":"Gremlin Nob","floor":12.0,"turns":5.0},{"damage":0.0,"enemies":"Blue Slaver","floor":13.0,"turns":4.0},{"damage":8.0,"enemies":"The Guardian","floor":16.0,"turns":17.0},{"damage":7.0,"enemies":"Chosen","floor":18.0,"turns":5.0},{"damage":9.0,"enemies":"2 Thieves","floor":19.0,"turns":4.0},{"damage":4.0,"enemies":"Shelled Parasite and Fungi","floor":20.0,"turns":10.0},{"damage":8.0,"enemies":"Cultist and Chosen","floor":23.0,"turns":6.0},{"damage":2.0,"enemies":"Snecko","floor":24.0,"turns":5.0},{"damage":25.0,"enemies":"3 Cultists","floor":28.0,"turns":9.0},{"damage":7.0,"enemies":"Snake Plant","floor":29.0,"turns":4.0},{"damage":9.0,"enemies":"Shelled Parasite and Fungi","floor":31.0,"turns":8.0},{"damage":61,"enemies":"Collector","floor":33,"turns":13}],"seed_played":"-3047938183401075498","potions_obtained":[{"floor":6.0,"key":"Poison Potion"},{"floor":7.0,"key":"SpeedPotion"},{"floor":11.0,"key":"Ancient Potion"},{"floor":12.0,"key":"LiquidBronze"},{"floor":13.0,"key":"Block Potion"},{"floor":20.0,"key":"Ancient Potion"},{"floor":29.0,"key":"LiquidBronze"}],"is_trial":false,"path_per_floor":["M","M","?","$","M","E","M","M","T","R","M","E","M","?","R","B",null,"M","M","M","?","?","M","M","R","T","R","M","M","R","M","R","B"],"character_chosen":"DEFECT","items_purchased":["Glacier","Cold Snap","Coolheaded"],"campfire_rested":1,"item_purchase_floors":[4,4,4],"current_hp_per_floor":[53,52,52,52,52,40,32,25,25,25,25,14,14,14,14,31,82,75,66,62,62,62,54,52,52,52,52,27,20,44,35,35,0],"gold":431,"neow_bonus":"TWO_FIFTY_GOLD","is_prod":false,"is_daily":false,"chose_seed":false,"campfire_upgraded":4,"win_rate":0,"timestamp":1546768102,"path_taken":["M","M","?","?","M","E","M","?","T","R","M","E","M","?","R","BOSS","M","M","M","?","?","M","M","R","T","R","M","?","R","M","R","BOSS"],"build_version":"2019-01-03v4","purchased_purges":1,"victory":false,"max_hp_per_floor":[75,75,75,75,75,82,82,82,82,82,82,82,82,82,82,82,82,82,82,82,82,82,82,82,82,82,82,82,82,82,82,82,82],"card_choices":[{"not_picked":["White Noise","Hologram"],"picked":"Barrage","floor":1.0},{"not_picked":["Hello World","Barrage","Beam Cell"],"picked":"SKIP","floor":2.0},{"not_picked":["Go for the Eyes","Stack"],"picked":"Genetic Algorithm","floor":5.0},{"not_picked":["Compile Driver","Go for the Eyes"],"picked":"Electrodynamics","floor":6.0},{"not_picked":["Leap","Gash"],"picked":"Go for the Eyes","floor":7.0},{"not_picked":["Beam Cell","Barrage"],"picked":"Conserve Battery","floor":8.0},{"not_picked":["Blizzard+1","Doom and Gloom+1"],"picked":"Cold Snap+1","floor":11.0},{"not_picked":["Coolheaded","Go for the Eyes+1"],"picked":"Reboot","floor":12.0},{"not_picked":["Stack","Barrage+1"],"picked":"Rebound+1","floor":13.0},{"not_picked":["Reboot","Fission"],"picked":"All For One+1","floor":16.0},{"not_picked":["Go for the Eyes+1","Barrage+1"],"picked":"Darkness+1","floor":18.0},{"not_picked":["Conserve Battery+1","Undo+1"],"picked":"Steam","floor":19.0},{"not_picked":["Go for the Eyes+1","Doom and Gloom+1"],"picked":"Turbo","floor":20.0},{"not_picked":["Genetic Algorithm","Aggregate+1"],"picked":"Leap+1","floor":23.0},{"not_picked":["Steam","Hologram+1"],"picked":"Redo","floor":24.0},{"not_picked":["Go for the Eyes+1","Reinforced Body"],"picked":"Cold Snap+1","floor":28.0},{"not_picked":["Consume","Sweeping Beam+1"],"picked":"Echo Form","floor":29.0},{"not_picked":["Stack+1","Static Discharge"],"picked":"Gash+1","floor":31.0}],"player_experience":139329,"relics_obtained":[{"floor":6.0,"key":"Strawberry"},{"floor":9.0,"key":"Molten Egg 2"},{"floor":12.0,"key":"Pantograph"}],"event_choices":[{"cards_removed":["Strike_B"],"damage_healed":0.0,"max_hp_gain":0.0,"max_hp_loss":0.0,"gold_gain":0.0,"event_name":"The Cleric","player_choice":"Card Removal","floor":3.0,"gold_loss":50.0,"damage_taken":0.0},{"damage_healed":0.0,"max_hp_gain":0.0,"max_hp_loss":0.0,"gold_gain":0.0,"event_name":"Liars Game","player_choice":"Ignored","floor":14.0,"gold_loss":0.0,"damage_taken":0.0},{"cards_removed":["Strike_B"],"damage_healed":0.0,"max_hp_gain":0.0,"max_hp_loss":0.0,"gold_gain":0.0,"event_name":"Beggar","player_choice":"Gave Gold","floor":21.0,"gold_loss":75.0,"damage_taken":0.0},{"cards_removed":["Strike_B"],"damage_healed":0.0,"max_hp_gain":0.0,"max_hp_loss":0.0,"gold_gain":0.0,"event_name":"Purifier","player_choice":"Purged","floor":22.0,"gold_loss":0.0,"damage_taken":0.0}],"is_beta":false,"boss_relics":[{"not_picked":["Tiny House","Cursed Key"],"picked":"FrozenCore"}],"items_purged_floors":[4],"is_endless":false,"potions_floor_spawned":[6,7,11,12,13,19,20,29,31],"killed_by":"Collector","ascension_level":0}