{"gold_per_floor":[119,137,151,151,162,162,178,178,259,272,272],"floor_reached":11,"playtime":344,"items_purged":[],"score":77,"play_id":"bf248d1e-b25b-4cfc-a6a8-7a7034922877","local_time":"20190107103605","is_ascension_mode":true,"campfire_choices":[{"data":"Fission","floor":6,"key":"SMITH"},{"floor":8,"key":"REST"}],"neow_cost":"CURSE","seed_source_timestamp":1498599303636373,"circlet_count":0,"master_deck":["Strike_B","Strike_B","Strike_B","Strike_B","Defend_B","Defend_B","Defend_B","Defend_B","Zap","Dualcast","Fission+1","Conserve Battery","Steam","Loop","Seek","Ball Lightning","Genetic Algorithm"],"relics":["Cracked Core","Tiny Chest"],"potions_floor_usage":[],"damage_taken":[{"damage":9,"enemies":"Jaw Worm","floor":1,"turns":4},{"damage":3,"enemies":"2 Louse","floor":2,"turns":3},{"damage":8,"enemies":"Small Slimes","floor":3,"turns":4},{"damage":23,"enemies":"Gremlin Gang","floor":5,"turns":6},{"damage":23,"enemies":"Exordium Thugs","floor":7,"turns":7},{"damage":1,"enemies":"Looter","floor":10,"turns":3},{"damage":25,"enemies":"Gremlin Nob","floor":11,"turns":3}],"seed_played":"-7948959459570271502","potions_obtained":[{"floor":7,"key":"LiquidBronze"}],"is_trial":false,"path_per_floor":["M","M","M","?","M","R","M","R","T","M","E"],"character_chosen":"DEFECT","items_purchased":[],"campfire_rested":1,"item_purchase_floors":[],"current_hp_per_floor":[66,63,55,48,25,25,2,24,24,23,0],"gold":272,"neow_bonus":"THREE_RARE_CARDS","is_prod":false,"is_daily":false,"chose_seed":false,"campfire_upgraded":1,"win_rate":0,"timestamp":1546875365,"path_taken":["M","M","M","?","M","R","M","R","T","M","E"],"build_version":"2019-01-03v4","purchased_purges":0,"victory":false,"max_hp_per_floor":[75,75,75,75,75,75,75,75,75,75,75],"card_choices":[{"not_picked":["Rainbow","Buffer"],"picked":"Fission","floor":0},{"not_picked":["Beam Cell","Redo"],"picked":"Conserve Battery","floor":1},{"not_picked":["Sweeping Beam","Leap"],"picked":"Steam","floor":2},{"not_picked":["Chaos","Stack"],"picked":"Loop","floor":3},{"not_picked":["Leap","Steam Power"],"picked":"Seek","floor":5},{"not_picked":["Heatsinks","Aggregate"],"picked":"Ball Lightning","floor":7},{"not_picked":["Undo","Beam Cell"],"picked":"Genetic Algorithm","floor":10}],"player_experience":330699,"relics_obtained":[{"floor":9,"key":"Tiny Chest"}],"event_choices":[{"cards_removed":["Decay"],"damage_healed":0,"gold_gain":0,"player_choice":"Card Removal","damage_taken":7,"max_hp_gain":0,"max_hp_loss":0,"event_name":"Golden Wing","floor":4,"gold_loss":0}],"is_beta":false,"boss_relics":[],"items_purged_floors":[],"is_endless":false,"potions_floor_spawned":[7],"killed_by":"Gremlin Nob","ascension_level":3}