{"gold_per_floor":[217,5,21,39,57,57,91,91,145,177,206,206,222,239,239,239],"floor_reached":16,"playtime":618,"items_purged":["Strike_B"],"score":129,"play_id":"434485ab-bcea-4c01-8c43-6dea44e07040","local_time":"20190105111428","is_ascension_mode":true,"campfire_choices":[{"data":"Zap","floor":6,"key":"SMITH"},{"floor":8,"key":"REST"},{"floor":15,"key":"REST"}],"neow_cost":"NONE","seed_source_timestamp":1327826546460951,"circlet_count":0,"master_deck":["Strike_B","Strike_B","Defend_B","Defend_B","Defend_B","Defend_B","Zap+1","Dualcast","Doom and Gloom","All For One","FTL","Defragment","Capacitor","Streamline","Streamline","Gash"],"relics":["Cracked Core","Bottled Lightning","Orichalcum","Centennial Puzzle","Odd Mushroom"],"potions_floor_usage":[7,7,16],"damage_taken":[{"damage":1,"enemies":"Cultist","floor":1,"turns":3},{"damage":8,"enemies":"Small Slimes","floor":3,"turns":2},{"damage":7,"enemies":"Jaw Worm","floor":4,"turns":3},{"damage":13,"enemies":"Red Slaver","floor":5,"turns":3},{"damage":25,"enemies":"Lagavulin","floor":7,"turns":5},{"damage":18,"enemies":"3 Sentries","floor":10,"turns":5},{"damage":3,"enemies":"The Mushroom Lair","floor":11,"turns":2},{"damage":4,"enemies":"Gremlin Gang","floor":13,"turns":3},{"damage":15,"enemies":"Lots of Slimes","floor":14,"turns":3},{"damage":27,"enemies":"The Guardian","floor":16,"turns":7}],"seed_played":"-8797246793419850237","potions_obtained":[{"floor":4,"key":"Ancient Potion"},{"floor":5,"key":"Poison Potion"},{"floor":10,"key":"FearPotion"},{"floor":14,"key":"Fire Potion"}],"is_trial":false,"path_per_floor":["M","$","M","M","M","R","E","R","T","E","?","?","M","M","R","B"],"character_chosen":"DEFECT","items_purchased":["All For One"],"campfire_rested":2,"item_purchase_floors":[2],"current_hp_per_floor":[74,74,66,59,46,46,21,43,43,25,22,22,18,3,25,0],"gold":239,"neow_bonus":"HUNDRED_GOLD","is_prod":false,"is_daily":false,"chose_seed":false,"campfire_upgraded":1,"win_rate":0,"timestamp":1546704868,"path_taken":["M","$","?","M","M","R","E","R","T","E","?","?","M","M","R","BOSS"],"build_version":"2019-01-03v4","purchased_purges":1,"victory":false,"max_hp_per_floor":[75,75,75,75,75,75,75,75,75,75,75,75,75,75,75,75],"card_choices":[{"not_picked":["Coolheaded","Aggregate"],"picked":"Doom and Gloom","floor":1},{"not_picked":["Leap","Hologram"],"picked":"FTL","floor":3},{"not_picked":["Chill","Stack","Compile Driver"],"picked":"SKIP","floor":4},{"not_picked":["Biased Cognition","Sweeping Beam"],"picked":"Defragment","floor":5},{"not_picked":["Leap","Fission"],"picked":"Capacitor","floor":7},{"not_picked":["Steam Power","Core Surge"],"picked":"Streamline","floor":10},{"not_picked":["White Noise","Conserve Battery"],"picked":"Streamline","floor":13},{"not_picked":["Turbo","Redo"],"picked":"Gash","floor":14}],"player_experience":323623,"relics_obtained":[{"floor":7,"key":"Bottled Lightning"},{"floor":9,"key":"Orichalcum"},{"floor":10,"key":"Centennial Puzzle"},{"floor":11,"key":"Odd Mushroom"}],"event_choices":[{"damage_healed":0,"gold_gain":0,"player_choice":"Fought Mushrooms","damage_taken":0,"max_hp_gain":0,"max_hp_loss":0,"event_name":"Mushrooms","floor":11,"gold_loss":0},{"cards_removed":["Strike_B"],"damage_healed":0,"gold_gain":0,"player_choice":"Purged","damage_taken":0,"max_hp_gain":0,"max_hp_loss":0,"event_name":"Purifier","floor":12,"gold_loss":0}],"is_beta":false,"boss_relics":[],"items_purged_floors":[2],"is_endless":false,"potions_floor_spawned":[4,5,10,14],"killed_by":"The Guardian","ascension_level":3}