{"gold_per_floor":[115,129,54,54,54,79,79,97,123,123,273,290,307,317,317,317],"floor_reached":16,"playtime":413,"items_purged":[],"score":229,"play_id":"df5d261a-ef2b-456c-979c-83cfa9ea4bb5","local_time":"20190228223530","is_ascension_mode":true,"campfire_choices":[{"data":"Metallicize","floor":7.0,"key":"SMITH"},{"data":"Bash","floor":10.0,"key":"SMITH"},{"data":"Armaments","floor":15,"key":"SMITH"}],"neow_cost":"NONE","seed_source_timestamp":160671760502543,"circlet_count":0,"master_deck":["AscendersBane","Strike_R","Strike_R","Strike_R","Strike_R","Defend_R","Defend_R","Defend_R","Defend_R+1","Bash+1","Inflame+1","Metallicize+1","Doubt","Spot Weakness","Armaments+1"],"special_seed":0,"relics":["Burning Blood","NeowsBlessing","Lantern","Darkstone Periapt","Dream Catcher"],"potions_floor_usage":[12,16],"damage_taken":[{"damage":0.0,"enemies":"Jaw Worm","floor":1.0,"turns":1.0},{"damage":0.0,"enemies":"Small Slimes","floor":2.0,"turns":1.0},{"damage":0.0,"enemies":"Lagavulin","floor":6.0,"turns":1.0},{"damage":0.0,"enemies":"2 Louse","floor":8.0,"turns":4.0},{"damage":11,"enemies":"Lots of Slimes","floor":12,"turns":6},{"damage":8,"enemies":"2 Fungi Beasts","floor":13,"turns":4},{"damage":4,"enemies":"Blue Slaver","floor":14,"turns":4},{"damage":79,"enemies":"Hexaghost","floor":16,"turns":14}],"seed_played":"2607327414514558776","potions_obtained":[{"floor":6.0,"key":"Fire Potion"},{"floor":8.0,"key":"Weak Potion"},{"floor":14,"key":"Regen Potion"}],"is_trial":false,"path_per_floor":["M","M","?","?","?","E","R","M","T","R","?","M","M","M","R","B"],"character_chosen":"IRONCLAD","items_purchased":[],"campfire_rested":0,"item_purchase_floors":[],"current_hp_per_floor":[74,75,75,70,47,53,53,59,59,59,65,60,58,60,60,0],"gold":317,"neow_bonus":"THREE_ENEMY_KILL","is_prod":false,"is_daily":false,"chose_seed":false,"campfire_upgraded":3,"win_rate":0,"timestamp":1551422130,"path_taken":["M","M","?","?","?","E","R","M","T","R","?","?","M","M","R","BOSS"],"build_version":"2019-01-23","purchased_purges":0,"victory":false,"max_hp_per_floor":[75,75,75,75,75,75,75,75,75,75,81,81,81,81,81,81],"card_choices":[{"not_picked":["Twin Strike","Rampage"],"picked":"Inflame","floor":1.0},{"not_picked":["Heavy Blade","Dual Wield","Anger"],"picked":"SKIP","floor":2.0},{"not_picked":["Iron Wave","Anger"],"picked":"Metallicize","floor":6.0},{"not_picked":["Cleave","Feel No Pain","Perfected Strike"],"picked":"SKIP","floor":8.0},{"not_picked":["Pommel Strike","Dark Embrace"],"picked":"Spot Weakness","floor":12},{"not_picked":["Combust","Pommel Strike"],"picked":"Armaments","floor":13},{"not_picked":["Burning Pact","Sentinel","Rupture"],"picked":"SKIP","floor":14}],"player_experience":552200,"relics_obtained":[{"floor":6.0,"key":"Darkstone Periapt"},{"floor":9.0,"key":"Dream Catcher"}],"event_choices":[{"cards_removed":["Strike_R"],"damage_healed":0.0,"max_hp_gain":0.0,"max_hp_loss":0.0,"gold_gain":0.0,"event_name":"The Cleric","player_choice":"Card Removal","floor":3.0,"gold_loss":75.0,"damage_taken":0.0},{"damage_healed":0.0,"max_hp_gain":0.0,"max_hp_loss":0.0,"gold_gain":0.0,"event_name":"Scrap Ooze","player_choice":"Success","floor":4.0,"gold_loss":0.0,"damage_taken":5.0,"relics_obtained":["Lantern"]},{"damage_healed":0.0,"max_hp_gain":0.0,"max_hp_loss":0.0,"gold_gain":0.0,"event_name":"Shining Light","player_choice":"Entered Light","floor":5.0,"gold_loss":0.0,"damage_taken":23.0,"cards_upgraded":["Defend_R","Inflame"]},{"damage_healed":0.0,"max_hp_gain":0.0,"max_hp_loss":0.0,"gold_gain":150.0,"event_name":"Liars Game","player_choice":"AGREE","floor":11.0,"gold_loss":0.0,"damage_taken":0.0,"cards_obtained":["Doubt"]}],"is_beta":false,"boss_relics":[],"items_purged_floors":[],"is_endless":false,"potions_floor_spawned":[6,8,14],"killed_by":"Hexaghost","ascension_level":16}