{"path_per_floor":["M","?","M","?","M","R","?","E","T","R","?","$","M","?","R"],"character_chosen":"IRONCLAD","items_purchased":["Dead Branch"],"gold_per_floor":[118,68,88,154,174,174,174,201,201,201,376,62,76,76,76,76],"floor_reached":16,"campfire_rested":1,"playtime":814,"current_hp_per_floor":[80,80,80,80,80,80,55,30,30,30,30,30,30,14,38,0],"items_purged":[],"gold":76,"score":118,"play_id":"9985c709-1672-4fc4-9055-eeb417d585fa","local_time":"20180508183127","is_prod":false,"is_daily":false,"chose_seed":false,"is_ascension_mode":true,"campfire_upgraded":2,"timestamp":1525829487,"path_taken":["M","?","M","?","?","R","?","E","T","R","?","$","M","?","R","BOSS"],"build_version":"2018-05-03","seed_source_timestamp":2400143518233416,"purchased_purges":0,"victory":false,"master_deck":["Strike_R","Strike_R","Strike_R","Strike_R","Strike_R","Defend_R","Defend_R","Defend_R","Bash","Shrug It Off","True Grit+1","Clothesline+1","Cleave","Body Slam+1","Doubt","Limit Break+1"],"max_hp_per_floor":[80,80,80,80,80,80,80,80,80,80,80,80,80,80,80,80],"relics":["Burning Blood","Question Card","Shovel","Paper Frog","Dead Branch"],"card_choices":[{"not_picked":["Pummel","Heavy Blade"],"picked":"Shrug It Off","floor":0},{"not_picked":["Sentinel","Havoc"],"picked":"True Grit","floor":1},{"not_picked":["Heavy Blade","Iron Wave"],"picked":"Clothesline","floor":3},{"not_picked":["Clash","Havoc"],"picked":"Cleave","floor":5},{"not_picked":["Corruption","True Grit","Perfected Strike"],"picked":"Body Slam","floor":8},{"not_picked":["Clothesline","Infernal Blade","Havoc"],"picked":"Limit Break","floor":13}],"player_experience":156841,"potions_floor_usage":[16],"damage_taken":[{"damage":5,"enemies":"Jaw Worm","floor":1,"turns":5},{"damage":4,"enemies":"2 Louse","floor":3,"turns":3},{"damage":4,"enemies":"Small Slimes","floor":5,"turns":4},{"damage":31,"enemies":"Gremlin Nob","floor":8,"turns":5},{"damage":6,"enemies":"Blue Slaver","floor":13,"turns":4},{"damage":50,"enemies":"The Guardian","floor":16,"turns":12}],"event_choices":[{"event_name":"The Cleric","player_choice":"Card Removal","floor":2,"damage_taken":0},{"event_name":"Golden Wing","player_choice":"Gained Gold","floor":4,"damage_taken":0},{"event_name":"Scrap Ooze","player_choice":"success","floor":7,"damage_taken":25},{"event_name":"Liars Game","player_choice":"agreed","floor":11,"damage_taken":0},{"event_name":"Shining Light","player_choice":"Entered Light","floor":14,"damage_taken":0}],"boss_relics":[],"potions_floor_spawned":[1],"seed_played":"-6659017462220087366","killed_by":"The Guardian","ascension_level":4,"is_trial":false}