{"path_per_floor":["M","?","?","M","M","R","E","?","T","$","R","M","R","?","R","B",null,"M","M","$","?","?","E","R","E","T","M","?","M","M","?","R"],"character_chosen":"IRONCLAD","items_purchased":["Demon Form","Singing Bowl"],"gold_per_floor":[109,109,109,129,143,143,176,202,202,127,127,141,141,216,216,312,312,323,341,45,45,45,70,70,101,101,116,116,126,136,136,136,136],"floor_reached":33,"campfire_rested":3,"playtime":5460,"current_hp_per_floor":[80,80,80,80,80,80,54,41,41,41,65,71,71,60,60,35,80,66,70,70,70,70,33,65,28,28,28,28,26,13,13,46,0],"items_purged":["Regret"],"gold":136,"score":283,"play_id":"638da3a7-948e-499b-8259-d998158e2562","local_time":"20180426211904","is_prod":false,"is_daily":false,"chose_seed":false,"is_ascension_mode":false,"campfire_upgraded":3,"timestamp":1524802744,"path_taken":["M","?","?","M","?","R","E","?","T","$","R","M","R","?","R","BOSS","M","M","$","?","?","E","R","E","T","M","?","?","M","?","R","BOSS"],"build_version":"2018-04-26","seed_source_timestamp":0,"purchased_purges":1,"victory":false,"master_deck":["Strike_R","Strike_R","Strike_R","Strike_R","Strike_R","Defend_R","Defend_R+1","Defend_R","Bash","Infernal Blade+1","Infernal Blade+1","Havoc+1","Headbutt","Sever Soul","Twin Strike","Immolate","Clash","Wild Strike+1","Demon Form","Pommel Strike","Feel No Pain","Berserk","Intimidate","Warcry+1"],"max_hp_per_floor":[80,80,80,80,80,80,80,80,80,80,80,80,80,80,80,80,80,80,83,83,83,83,83,83,83,83,83,83,83,85,85,85,85],"relics":["Burning Blood","Anchor","Toolbox","Happy Flower","Odd Mushroom","Ancient Tea Set","Eternal Feather","Singing Bowl","War Paint","Ornamental Fan","Vajra"],"card_choices":[{"not_picked":["Battle Trance","Pommel Strike"],"picked":"Infernal Blade","floor":1.0},{"not_picked":["Anger","Reckless Charge"],"picked":"Infernal Blade","floor":4.0},{"not_picked":["True Grit","Shrug It Off"],"picked":"Havoc","floor":5.0},{"not_picked":["Disarm","Pommel Strike"],"picked":"Headbutt","floor":7.0},{"not_picked":["Fire Breathing","Thunderclap"],"picked":"Sever Soul","floor":8.0},{"not_picked":["Body Slam","Clothesline"],"picked":"Twin Strike","floor":12.0},{"not_picked":["Bludgeon","Juggernaut"],"picked":"Immolate","floor":16.0},{"not_picked":["Headbutt","Wild Strike"],"picked":"Clash","floor":18.0},{"not_picked":["Iron Wave","Headbutt"],"picked":"Wild Strike","floor":19},{"not_picked":["Cleave","Armaments"],"picked":"Pommel Strike","floor":23},{"not_picked":["Heavy Blade","Infernal Blade"],"picked":"Feel No Pain","floor":25},{"not_picked":["Clothesline","Whirlwind"],"picked":"Berserk","floor":27},{"not_picked":["Disarm","Sword Boomerang"],"picked":"Warcry","floor":29}],"player_experience":138806,"potions_floor_usage":[29,33],"damage_taken":[{"damage":0.0,"enemies":"Small Slimes","floor":1.0,"turns":3.0},{"damage":6.0,"enemies":"Jaw Worm","floor":4.0,"turns":3.0},{"damage":5.0,"enemies":"2 Louse","floor":5.0,"turns":3.0},{"damage":32.0,"enemies":"Gremlin Nob","floor":7.0,"turns":4.0},{"damage":19.0,"enemies":"The Mushroom Lair","floor":8.0,"turns":3.0},{"damage":0.0,"enemies":"Looter","floor":12.0,"turns":2.0},{"damage":31.0,"enemies":"Hexaghost","floor":16.0,"turns":7.0},{"damage":20.0,"enemies":"Shell Parasite","floor":18.0,"turns":3.0},{"damage":5,"enemies":"3 Byrds","floor":19,"turns":3},{"damage":43,"enemies":"Slavers","floor":23,"turns":4},{"damage":43,"enemies":"Book of Stabbing","floor":25,"turns":5},{"damage":6,"enemies":"Cultist and Chosen","floor":27,"turns":4},{"damage":8,"enemies":"3 Cultists","floor":29,"turns":4},{"damage":21,"enemies":"Snecko","floor":30,"turns":4},{"damage":61,"enemies":"Collector","floor":33,"turns":7}],"event_choices":[{"event_name":"Living Wall","player_choice":"Change","floor":2.0,"damage_taken":0.0},{"event_name":"Big Fish","player_choice":"Box","floor":3.0,"damage_taken":0.0},{"event_name":"Mushrooms","player_choice":"Fought Mushrooms","floor":8.0,"damage_taken":0.0},{"event_name":"World of Goop","player_choice":"Gather Gold","floor":14.0,"damage_taken":0.0},{"event_name":"Beggar","player_choice":"Ignored","floor":21,"damage_taken":0},{"event_name":"Addict","player_choice":"Ignored","floor":22,"damage_taken":0},{"event_name":"Transmorgrifier","player_choice":"Transform","floor":28,"damage_taken":0},{"event_name":"Ghosts","player_choice":"Ignored","floor":31,"damage_taken":0}],"boss_relics":[],"potions_floor_spawned":[1,7,12,18,25,27],"seed_played":"-8202938166698887659","killed_by":"Collector","ascension_level":0,"is_trial":false}