{"gold_per_floor":[115,38,38,57,57,85,85,110,135,135,135,160,170,10,10,84,84,101,117,16,0,17,17,17,17,17,17,37,37],"floor_reached":29,"playtime":1355,"items_purged":[],"score":528,"play_id":"198c92b4-c304-4d9b-bb8f-472ea83557d0","local_time":"20190220011333","is_ascension_mode":true,"campfire_choices":[{"data":"Cloak And Dagger","floor":7,"key":"SMITH"},{"data":"Neutralize","floor":11,"key":"SMITH"},{"floor":15,"key":"REST"},{"floor":24,"key":"REST"}],"neow_cost":"NONE","seed_source_timestamp":2407481510124431,"circlet_count":0,"master_deck":["AscendersBane","Defend_G","Defend_G","Defend_G","Defend_G","Strike_G","Strike_G","Strike_G","Strike_G","Strike_G","Survivor","Neutralize+1","Cloak And Dagger+1","Infinite Blades","Leg Sweep","Blur","Adrenaline","Malaise","Accuracy","Flash of Steel","PiercingWail","RitualDagger+1"],"relics":["Ring of the Snake","NeowsBlessing","Blood Vial","Orichalcum","Happy Flower","Dodecahedron","Bronze Scales","Philosopher\u0027s Stone","Smiling Mask"],"potions_floor_usage":[8,12,16,16,29,29],"damage_taken":[{"damage":0,"enemies":"Small Slimes","floor":1,"turns":1},{"damage":0,"enemies":"Cultist","floor":4,"turns":1},{"damage":0,"enemies":"Lagavulin","floor":6,"turns":1},{"damage":29,"enemies":"3 Sentries","floor":8,"turns":12},{"damage":20,"enemies":"Lagavulin","floor":12,"turns":7},{"damage":0,"enemies":"2 Louse","floor":13,"turns":3},{"damage":34,"enemies":"Hexaghost","floor":16,"turns":16},{"damage":6,"enemies":"Shell Parasite","floor":18,"turns":8},{"damage":3,"enemies":"Chosen","floor":19,"turns":6},{"damage":13,"enemies":"Centurion and Healer","floor":22,"turns":10},{"damage":18,"enemies":"Colosseum Slavers","floor":23,"turns":5},{"damage":28,"enemies":"3 Cultists","floor":28,"turns":7},{"damage":15,"enemies":"Sentry and Sphere","floor":29,"turns":3}],"seed_played":"574799360588870291","potions_obtained":[{"floor":6,"key":"GamblersBrew"},{"floor":10,"key":"Block Potion"},{"floor":10,"key":"Poison Potion"},{"floor":12,"key":"Dexterity Potion"},{"floor":16,"key":"LiquidBronze"},{"floor":19,"key":"LiquidBronze"}],"is_trial":false,"path_per_floor":["M","$","?","M","$","E","R","E","T","?","R","E","M","$","R","B",null,"M","M","$","?","M","?","R","?","T","?","M","M"],"character_chosen":"THE_SILENT","items_purchased":["Infinite Blades","Bronze Scales","Flash of Steel"],"campfire_rested":2,"item_purchase_floors":[2,14,20],"current_hp_per_floor":[59,59,59,59,59,59,59,32,32,32,32,14,16,16,35,3,50,46,45,45,45,34,18,37,31,31,31,5,0],"gold":37,"neow_bonus":"THREE_ENEMY_KILL","is_prod":false,"is_daily":false,"chose_seed":false,"campfire_upgraded":2,"win_rate":0,"timestamp":1550646813,"path_taken":["M","$","?","?","?","E","R","E","T","?","R","E","?","$","R","BOSS","M","M","$","?","M","?","R","?","T","?","M","?"],"build_version":"2019-02-06","purchased_purges":0,"victory":false,"max_hp_per_floor":[66,66,66,66,66,66,66,66,66,66,66,66,66,66,66,66,66,66,66,66,66,66,66,66,66,66,66,66,66],"card_choices":[{"not_picked":["PiercingWail","Backflip"],"picked":"Cloak And Dagger","floor":1},{"not_picked":["Dodge and Roll","Endless Agony"],"picked":"Leg Sweep","floor":4},{"not_picked":["Acrobatics","Flechettes","Reflex"],"picked":"SKIP","floor":6},{"not_picked":["Underhanded Strike","Dagger Throw","Sucker Punch"],"picked":"SKIP","floor":8},{"not_picked":["Slice","Prepared"],"picked":"Blur","floor":12},{"not_picked":["Dodge and Roll","Backflip"],"picked":"Adrenaline","floor":13},{"not_picked":["Venomology","Night Terror"],"picked":"Malaise","floor":16},{"not_picked":["Outmaneuver+1","Expertise","Dash"],"picked":"SKIP","floor":18},{"not_picked":["Reflex","Catalyst"],"picked":"Accuracy","floor":19},{"not_picked":["Sucker Punch","Quick Slash+1"],"picked":"PiercingWail","floor":22},{"not_picked":["Heel Hook","Bane","Eviscerate"],"picked":"SKIP","floor":28}],"player_experience":831295,"relics_obtained":[{"floor":6,"key":"Blood Vial"},{"floor":8,"key":"Orichalcum"},{"floor":9,"key":"Happy Flower"},{"floor":12,"key":"Dodecahedron"},{"floor":26,"key":"Smiling Mask"}],"event_choices":[{"cards_removed":["Defend_G"],"damage_healed":0,"gold_gain":0,"player_choice":"Purged","damage_taken":0,"max_hp_gain":0,"max_hp_loss":0,"event_name":"Purifier","floor":3,"gold_loss":0},{"damage_healed":0,"gold_gain":0,"player_choice":"Got Potions","damage_taken":0,"max_hp_gain":0,"max_hp_loss":0,"event_name":"Lab","floor":10,"gold_loss":0},{"damage_healed":0,"gold_gain":0,"player_choice":"Paid Fearfully","damage_taken":0,"max_hp_gain":0,"max_hp_loss":0,"event_name":"Masked Bandits","floor":21,"gold_loss":16},{"damage_healed":0,"gold_gain":0,"player_choice":"Fight","damage_taken":0,"max_hp_gain":0,"max_hp_loss":0,"event_name":"Colosseum","floor":23,"gold_loss":0},{"damage_healed":0,"gold_gain":0,"player_choice":"Fled From Nobs","damage_taken":0,"max_hp_gain":0,"max_hp_loss":0,"event_name":"Colosseum","floor":23,"gold_loss":0},{"damage_healed":0,"gold_gain":0,"player_choice":"Joined the Cult","damage_taken":6,"max_hp_gain":0,"max_hp_loss":0,"event_name":"Nest","floor":25,"gold_loss":0,"cards_obtained":["RitualDagger"]},{"damage_healed":0,"gold_gain":0,"player_choice":"Forge","damage_taken":0,"max_hp_gain":0,"max_hp_loss":0,"event_name":"Accursed Blacksmith","floor":27,"gold_loss":0,"cards_upgraded":["RitualDagger"]}],"is_beta":true,"boss_relics":[{"not_picked":["White Beast Statue","Lizard Tail"],"picked":"Philosopher\u0027s Stone"}],"items_purged_floors":[],"is_endless":false,"potions_floor_spawned":[6,12,13,16,19,22,23],"killed_by":"Sentry and Sphere","ascension_level":20}