{"gold_per_floor":[113,127,138,12,26,61,61,90,90,18,18,28,62,25,25,25],"floor_reached":16,"playtime":758,"items_purged":["Strike_R"],"score":138,"play_id":"29154bfb-61c4-41fd-87f4-83bef88e687e","local_time":"20190108214439","is_ascension_mode":true,"campfire_choices":[{"data":"Searing Blow","floor":7,"key":"SMITH"},{"floor":15,"key":"REST"}],"neow_cost":"NONE","seed_source_timestamp":5775466818961,"circlet_count":0,"master_deck":["Strike_R","Strike_R","Strike_R","Strike_R","Defend_R","Defend_R","Defend_R","Defend_R","Bash","Wild Strike","Clash","Spot Weakness","Shrug It Off","Searing Blow+1","Second Wind","Cleave","Entrench","Seeing Red"],"relics":["Burning Blood","Lantern","Sundial","Bronze Scales","Matryoshka"],"potions_floor_usage":[6,8,16,16],"damage_taken":[{"damage":13,"enemies":"Jaw Worm","floor":1,"turns":4},{"damage":2,"enemies":"2 Louse","floor":2,"turns":3},{"damage":0,"enemies":"Cultist","floor":3,"turns":2},{"damage":11,"enemies":"Gremlin Gang","floor":5,"turns":5},{"damage":17,"enemies":"Lagavulin","floor":6,"turns":6},{"damage":15,"enemies":"Gremlin Nob","floor":8,"turns":3},{"damage":7,"enemies":"Exordium Wildlife","floor":12,"turns":4},{"damage":35,"enemies":"Lagavulin","floor":13,"turns":5},{"damage":64,"enemies":"Slime Boss","floor":16,"turns":9}],"seed_played":"-5889813925532389369","potions_obtained":[{"floor":2,"key":"GamblersBrew"},{"floor":5,"key":"SkillPotion"},{"floor":6,"key":"FearPotion"},{"floor":13,"key":"Regen Potion"}],"is_trial":false,"path_per_floor":["M","M","M","$","M","E","R","E","T","$","?","M","E","?","R","B"],"character_chosen":"IRONCLAD","items_purchased":["Shrug It Off","Entrench"],"campfire_rested":1,"item_purchase_floors":[4,10],"current_hp_per_floor":[73,77,80,80,75,64,64,55,55,55,55,54,25,25,49,0],"gold":25,"neow_bonus":"RANDOM_COMMON_RELIC","is_prod":false,"is_daily":false,"chose_seed":false,"campfire_upgraded":1,"win_rate":0,"timestamp":1546951479,"path_taken":["M","M","M","$","M","E","R","E","T","$","?","M","E","?","R","BOSS"],"build_version":"2019-01-03v4","purchased_purges":1,"victory":false,"max_hp_per_floor":[80,80,80,80,80,80,80,80,80,80,80,80,80,80,80,80],"card_choices":[{"not_picked":["Havoc","Heavy Blade"],"picked":"Wild Strike","floor":1},{"not_picked":["Thunderclap","Wild Strike"],"picked":"Clash","floor":2},{"not_picked":["Searing Blow","Intimidate"],"picked":"Spot Weakness","floor":3},{"not_picked":["Bludgeon","Wild Strike"],"picked":"Searing Blow","floor":5},{"not_picked":["Clothesline","Clash"],"picked":"Second Wind","floor":6},{"not_picked":["Clash","Bludgeon"],"picked":"Cleave","floor":8},{"not_picked":["Havoc","Wild Strike"],"picked":"Seeing Red","floor":12},{"not_picked":["Flex","Anger","Clothesline"],"picked":"SKIP","floor":13}],"player_experience":172307,"relics_obtained":[{"floor":6,"key":"Sundial"},{"floor":8,"key":"Bronze Scales"},{"floor":13,"key":"Matryoshka"}],"event_choices":[{"damage_healed":0,"gold_gain":0,"player_choice":"Leave","damage_taken":0,"max_hp_gain":0,"max_hp_loss":0,"event_name":"The Cleric","floor":11,"gold_loss":0},{"damage_healed":0,"gold_gain":0,"player_choice":"Left Gold","damage_taken":0,"max_hp_gain":0,"max_hp_loss":0,"event_name":"World of Goop","floor":14,"gold_loss":37}],"is_beta":false,"boss_relics":[],"items_purged_floors":[4],"is_endless":false,"potions_floor_spawned":[2,5,6,13],"killed_by":"Slime Boss","ascension_level":3}