{"gold_per_floor":[17,17,34,53,53,53,79,91,91,121,134,134,134],"floor_reached":13,"playtime":464,"items_purged":[],"score":147,"play_id":"35bcf862-b437-4896-a5e2-f471c622e838","local_time":"20190210131907","is_ascension_mode":true,"campfire_choices":[{"data":"Dagger Spray","floor":6,"key":"SMITH"},{"floor":12,"key":"REST"}],"neow_cost":"NO_GOLD","seed_source_timestamp":2033904860297169,"circlet_count":0,"master_deck":["AscendersBane","Defend_G","Defend_G","Defend_G","Defend_G","Defend_G","Strike_G","Strike_G","Strike_G","Survivor","Neutralize","Night Terror","Sucker Punch+1","Blur","Dagger Spray+1","Deadly Poison","Tools of the Trade","Envenom","PiercingWail"],"relics":["Ring of the Snake","Darkstone Periapt","Pantograph","Shuriken"],"potions_floor_usage":[7],"damage_taken":[{"damage":2,"enemies":"Cultist","floor":1,"turns":5},{"damage":5,"enemies":"2 Louse","floor":3,"turns":4},{"damage":2,"enemies":"Jaw Worm","floor":4,"turns":6},{"damage":30,"enemies":"3 Sentries","floor":7,"turns":3},{"damage":0,"enemies":"2 Fungi Beasts","floor":8,"turns":4},{"damage":10,"enemies":"Lagavulin","floor":10,"turns":6},{"damage":10,"enemies":"Large Slime","floor":11,"turns":10},{"damage":0,"enemies":"Exordium Wildlife","floor":13,"turns":1}],"seed_played":"-4444960430461154972","potions_obtained":[{"floor":1,"key":"Ancient Potion"},{"floor":4,"key":"Swift Potion"},{"floor":11,"key":"Weak Potion"}],"is_trial":false,"path_per_floor":["M","$","M","M","?","R","E","M","T","E","M","R","M"],"character_chosen":"THE_SILENT","items_purchased":[],"campfire_rested":1,"item_purchase_floors":[],"current_hp_per_floor":[61,61,56,54,54,54,24,24,24,14,4,25,25],"gold":134,"neow_bonus":"TRANSFORM_TWO_CARDS","is_prod":false,"is_daily":false,"chose_seed":false,"campfire_upgraded":1,"win_rate":0,"timestamp":1549822747,"path_taken":["M","?","M","M","?","R","E","M","T","E","?","R","M"],"build_version":"2019-01-23","purchased_purges":0,"victory":false,"max_hp_per_floor":[70,70,70,70,70,70,70,70,70,70,70,70,70],"card_choices":[{"not_picked":["Bane","Flying Knee"],"picked":"Blur","floor":1},{"not_picked":["Dodge and Roll","Terror"],"picked":"Dagger Spray","floor":3},{"not_picked":["Prepared","Eviscerate"],"picked":"Deadly Poison","floor":4},{"not_picked":["Backflip","Blade Dance"],"picked":"Tools of the Trade","floor":7},{"not_picked":["Blade Dance","Bane","Accuracy"],"picked":"SKIP","floor":8},{"not_picked":["Prepared","Quick Slash"],"picked":"Envenom","floor":10},{"not_picked":["Flying Knee","Sucker Punch"],"picked":"PiercingWail","floor":11}],"player_experience":716555,"relics_obtained":[{"floor":7,"key":"Darkstone Periapt"},{"floor":9,"key":"Pantograph"},{"floor":10,"key":"Shuriken"}],"event_choices":[{"damage_healed":0,"gold_gain":0,"player_choice":"Upgraded","damage_taken":0,"max_hp_gain":0,"max_hp_loss":0,"event_name":"Upgrade Shrine","floor":5,"gold_loss":0,"cards_upgraded":["Sucker Punch"]}],"is_beta":false,"boss_relics":[],"items_purged_floors":[],"is_endless":false,"potions_floor_spawned":[1,4,11],"killed_by":"Exordium Wildlife","ascension_level":11}