{"gold_per_floor":[117,192,204,55,75,75,86,114,114,114,114,125,125,157,157,258,258,268,287,287],"floor_reached":20,"playtime":1891,"items_purged":["Strike_R"],"score":294,"play_id":"235b4b82-2e75-4444-9aab-397ed8c524e0","local_time":"20190220201620","is_ascension_mode":true,"campfire_choices":[{"data":"Metallicize","floor":6,"key":"SMITH"},{"data":"Shockwave","floor":11,"key":"SMITH"},{"data":"Entrench","floor":13,"key":"SMITH"},{"floor":15,"key":"REST"}],"neow_cost":"NONE","seed_source_timestamp":42996785041984,"circlet_count":0,"master_deck":["AscendersBane","Strike_R","Strike_R","Strike_R","Defend_R","Defend_R","Defend_R","Defend_R","Bash","Shockwave+1","Metallicize+1","Shrug It Off","Entrench+1","Battle Trance","Barricade","Shame","Pain","Writhe","Iron Wave"],"relics":["Burning Blood","NeowsBlessing","Peace Pipe","Ice Cream","Bottled Lightning","Calling Bell","Pen Nib","Blue Candle","Du-Vu Doll"],"potions_floor_usage":[14,16],"damage_taken":[{"damage":0,"enemies":"Small Slimes","floor":1,"turns":1},{"damage":0,"enemies":"Jaw Worm","floor":3,"turns":1},{"damage":0,"enemies":"Cultist","floor":5,"turns":1},{"damage":10,"enemies":"3 Louse","floor":7,"turns":5},{"damage":39,"enemies":"Lagavulin","floor":8,"turns":9},{"damage":1,"enemies":"Blue Slaver","floor":12,"turns":5},{"damage":37,"enemies":"3 Sentries","floor":14,"turns":14},{"damage":30,"enemies":"The Guardian","floor":16,"turns":28},{"damage":14,"enemies":"Shell Parasite","floor":18,"turns":7},{"damage":13,"enemies":"3 Byrds","floor":19,"turns":9},{"damage":44,"enemies":"Shelled Parasite and Fungi","floor":20,"turns":7}],"seed_played":"3186929464785121761","potions_obtained":[{"floor":1,"key":"EssenceOfSteel"},{"floor":8,"key":"Dexterity Potion"},{"floor":16,"key":"FearPotion"},{"floor":19,"key":"GamblersBrew"}],"is_trial":false,"path_per_floor":["M","?","M","$","M","R","M","E","T","?","R","M","R","E","R","B",null,"M","M","M"],"character_chosen":"IRONCLAD","items_purchased":["Metallicize"],"campfire_rested":1,"item_purchase_floors":[4],"current_hp_per_floor":[78,67,73,73,79,79,75,42,42,35,35,40,40,9,33,9,62,54,47,3],"gold":287,"neow_bonus":"THREE_ENEMY_KILL","is_prod":false,"is_daily":false,"chose_seed":false,"campfire_upgraded":3,"win_rate":0,"timestamp":1550722580,"path_taken":["M","?","M","?","?","R","M","E","T","?","R","M","R","E","R","BOSS","M","M","M"],"build_version":"2019-01-23","purchased_purges":1,"victory":false,"max_hp_per_floor":[80,80,80,80,80,80,80,80,80,80,80,80,80,80,80,80,80,80,80,80],"card_choices":[{"not_picked":["Evolve","Clash","Havoc"],"picked":"SKIP","floor":1},{"not_picked":["Clash","True Grit"],"picked":"Shockwave","floor":3},{"not_picked":["Pommel Strike","Sword Boomerang"],"picked":"Shrug It Off","floor":5},{"not_picked":["Sword Boomerang","Dual Wield","Heavy Blade"],"picked":"SKIP","floor":7},{"not_picked":["True Grit","Disarm"],"picked":"Entrench","floor":8},{"not_picked":["Anger","Headbutt","Flex"],"picked":"SKIP","floor":12},{"not_picked":["Corruption","True Grit"],"picked":"Battle Trance","floor":14},{"not_picked":["Feed","Fiend Fire"],"picked":"Barricade","floor":16},{"not_picked":["Feel No Pain+1","Flex"],"picked":"Iron Wave","floor":18},{"not_picked":["Fire Breathing","Headbutt","Dropkick"],"picked":"SKIP","floor":19}],"player_experience":444006,"relics_obtained":[{"floor":8,"key":"Peace Pipe"},{"floor":9,"key":"Ice Cream"},{"floor":14,"key":"Bottled Lightning"},{"floor":17,"key":"Pen Nib"},{"floor":17,"key":"Blue Candle"},{"floor":17,"key":"Du-Vu Doll"}],"event_choices":[{"damage_healed":0,"gold_gain":75,"player_choice":"Gather Gold","damage_taken":11,"max_hp_gain":0,"max_hp_loss":0,"event_name":"World of Goop","floor":2,"gold_loss":0},{"cards_removed":["Strike_R"],"damage_healed":0,"gold_gain":0,"player_choice":"Card Removal","damage_taken":7,"max_hp_gain":0,"max_hp_loss":0,"event_name":"Golden Wing","floor":10,"gold_loss":0}],"is_beta":false,"boss_relics":[{"not_picked":["Snecko Eye","Black Star"],"picked":"Calling Bell"}],"items_purged_floors":[4],"is_endless":false,"potions_floor_spawned":[1,8,12,16,19],"killed_by":"Shelled Parasite and Fungi","ascension_level":12}