{"gold_per_floor":[111,111,129,129,79,79,110,110,137,168,168,179,54,86,86,185,185,199,199,219,245,215,215,226,37,63,78,106,106,4,16,16,115,115,135,135,135],"floor_reached":37,"playtime":1383,"items_purged":["Strike_R","Strike_R","Strike_R"],"score":780,"play_id":"70806143-b03d-40bf-9bd1-e1678d7bae25","local_time":"20190114213139","is_ascension_mode":true,"campfire_choices":[{"data":"Rampage","floor":6,"key":"SMITH"},{"data":"Iron Wave","floor":8,"key":"SMITH"},{"data":"Bash","floor":11,"key":"SMITH"},{"data":"Metallicize","floor":15,"key":"SMITH"},{"floor":23,"key":"REST"},{"floor":29,"key":"REST"},{"data":"Limit Break","floor":32,"key":"SMITH"}],"neow_cost":"NONE","seed_source_timestamp":444105892870995,"circlet_count":0,"master_deck":["AscendersBane","Defend_R","Defend_R","Bash+1","Rampage+1","Iron Wave+1","Metallicize+1","Limit Break+1","Battle Trance+1","Demon Form","Pummel","Iron Wave+1","Offering","Flame Barrier+1","Havoc+1","Pummel+1"],"relics":["Burning Blood","NeowsBlessing","Smiling Mask","Boot","Pen Nib","Pantograph","FossilizedHelix","Busted Crown","Red Mask","Art of War","Red Skull","Astrolabe"],"potions_floor_usage":[16,16,21,21,27,28,33,33,37],"damage_taken":[{"damage":0,"enemies":"Cultist","floor":1,"turns":1},{"damage":0,"enemies":"Jaw Worm","floor":3,"turns":1},{"damage":0,"enemies":"Gremlin Nob","floor":7,"turns":1},{"damage":41,"enemies":"3 Sentries","floor":10,"turns":12},{"damage":1,"enemies":"2 Louse","floor":12,"turns":2},{"damage":16,"enemies":"Gremlin Nob","floor":14,"turns":5},{"damage":31,"enemies":"Hexaghost","floor":16,"turns":8},{"damage":25,"enemies":"3 Byrds","floor":18,"turns":7},{"damage":8,"enemies":"Spheric Guardian","floor":20,"turns":5},{"damage":31,"enemies":"Masked Bandits","floor":21,"turns":6},{"damage":42,"enemies":"Snecko","floor":24,"turns":7},{"damage":6,"enemies":"Snake Plant","floor":27,"turns":4},{"damage":16,"enemies":"Slavers","floor":28,"turns":7},{"damage":7,"enemies":"3 Cultists","floor":31,"turns":4},{"damage":0,"enemies":"Champ","floor":33,"turns":6},{"damage":24,"enemies":"3 Shapes","floor":35,"turns":5},{"damage":92,"enemies":"Awakened One","floor":37,"turns":6}],"seed_played":"-931850355874078342","potions_obtained":[{"floor":1,"key":"Weak Potion"},{"floor":3,"key":"SteroidPotion"},{"floor":18,"key":"Dexterity Potion"},{"floor":20,"key":"Poison Potion"},{"floor":22,"key":"PowerPotion"},{"floor":22,"key":"Weak Potion"},{"floor":28,"key":"Block Potion"},{"floor":35,"key":"SteroidPotion"}],"is_trial":false,"path_per_floor":["M","?","M","?","?","R","E","R","T","E","R","M","$","E","R","B",null,"M","?","M","?","?","R","M","$","T","M","E","R","$","M","R","B",null,"M","?","B"],"character_chosen":"IRONCLAD","items_purchased":["Metallicize","Demon Form","Pummel","Dexterity Potion"],"campfire_rested":2,"item_purchase_floors":[13,25,25,30],"current_hp_per_floor":[78,83,85,73,73,73,79,79,79,44,44,49,49,39,39,39,74,55,55,53,28,28,53,17,17,17,17,7,32,32,31,31,62,79,61,61,0],"gold":135,"neow_bonus":"THREE_ENEMY_KILL","is_prod":false,"is_daily":false,"chose_seed":false,"campfire_upgraded":5,"win_rate":0,"timestamp":1547519499,"path_taken":["M","?","M","?","?","R","E","R","T","E","R","?","$","E","R","BOSS","M","?","M","?","?","R","M","$","T","M","E","R","$","M","R","BOSS","M","?","BOSS"],"build_version":"2019-01-10","purchased_purges":3,"victory":false,"max_hp_per_floor":[80,85,85,85,85,85,85,85,85,85,85,85,85,85,85,85,85,85,85,85,85,85,85,85,85,85,85,85,85,85,85,85,85,85,85,85,85],"card_choices":[{"not_picked":["Carnage","Uppercut"],"picked":"Rampage","floor":1},{"not_picked":["Carnage","Infernal Blade"],"picked":"Iron Wave","floor":3},{"not_picked":["Seeing Red","Shrug It Off","Burning Pact"],"picked":"SKIP","floor":7},{"not_picked":["Cleave","Clash","Clothesline"],"picked":"SKIP","floor":10},{"not_picked":["Body Slam","Flex","Shrug It Off"],"picked":"SKIP","floor":12},{"not_picked":["Anger","Spot Weakness","Hemokinesis"],"picked":"SKIP","floor":14},{"not_picked":["Exhume","Offering"],"picked":"Limit Break","floor":16},{"not_picked":[],"picked":"Battle Trance+1","floor":18},{"not_picked":["Perfected Strike"],"picked":"SKIP","floor":20},{"not_picked":["Second Wind"],"picked":"SKIP","floor":24},{"not_picked":[],"picked":"Iron Wave+1","floor":27},{"not_picked":["Spot Weakness"],"picked":"SKIP","floor":28},{"not_picked":["Warcry"],"picked":"SKIP","floor":31},{"not_picked":[],"picked":"Offering","floor":33},{"not_picked":["Perfected Strike+1"],"picked":"SKIP","floor":35}],"player_experience":376143,"relics_obtained":[{"floor":7,"key":"Boot"},{"floor":9,"key":"Pen Nib"},{"floor":10,"key":"Pantograph"},{"floor":14,"key":"FossilizedHelix"},{"floor":21,"key":"Red Mask"},{"floor":26,"key":"Art of War"},{"floor":28,"key":"Red Skull"}],"event_choices":[{"damage_healed":0,"gold_gain":0,"player_choice":"Donut","damage_taken":0,"max_hp_gain":5,"max_hp_loss":0,"event_name":"Big Fish","floor":2,"gold_loss":0},{"damage_healed":0,"gold_gain":0,"player_choice":"Success","damage_taken":12,"relics_obtained":["Smiling Mask"],"max_hp_gain":0,"max_hp_loss":0,"event_name":"Scrap Ooze","floor":4,"gold_loss":0},{"cards_removed":["Strike_R"],"damage_healed":0,"gold_gain":0,"player_choice":"Card Removal","damage_taken":0,"max_hp_gain":0,"max_hp_loss":0,"event_name":"The Cleric","floor":5,"gold_loss":50},{"damage_healed":0,"gold_gain":0,"player_choice":"Ignored","damage_taken":0,"max_hp_gain":0,"max_hp_loss":0,"event_name":"Ghosts","floor":19,"gold_loss":0},{"damage_healed":0,"gold_gain":0,"player_choice":"Fought Bandits","damage_taken":0,"max_hp_gain":0,"max_hp_loss":0,"event_name":"Masked Bandits","floor":21,"gold_loss":0},{"damage_healed":0,"gold_gain":0,"player_choice":"Bought 2 Potions","damage_taken":0,"max_hp_gain":0,"max_hp_loss":0,"event_name":"The Woman in Blue","floor":22,"gold_loss":0},{"damage_healed":0,"gold_gain":0,"player_choice":"Took Portal","damage_taken":0,"max_hp_gain":0,"max_hp_loss":0,"event_name":"SecretPortal","floor":36,"gold_loss":0}],"is_beta":false,"boss_relics":[{"not_picked":["Pandora\u0027s Box","Coffee Dripper"],"picked":"Busted Crown"},{"not_picked":["Orrery","Eternal Feather"],"picked":"Astrolabe"}],"items_purged_floors":[13,25,30],"is_endless":false,"potions_floor_spawned":[1,3,14,18,20,24,28,35],"killed_by":"Awakened One","ascension_level":11}