{"gold_per_floor":[112,122,138,63,78,78,91,116,139,139,115,143,153,153],"floor_reached":14,"playtime":695,"items_purged":["Strike_G"],"score":124,"play_id":"e02a5c4d-ba9a-4412-a42d-bb1648a9a8d8","local_time":"20190304215033","is_ascension_mode":true,"campfire_choices":[{"data":"Neutralize","floor":6,"key":"SMITH"},{"data":"Caltrops","floor":10,"key":"SMITH"}],"neow_cost":"NONE","seed_source_timestamp":38529909449679,"circlet_count":0,"master_deck":["Defend_G","Defend_G","Defend_G","Defend_G","Defend_G","Strike_G","Strike_G","Strike_G","Strike_G","Survivor","Neutralize+1","Deadly Poison","Caltrops+1","PiercingWail","Dagger Spray","Backflip","Terror","Envenom+1","Backflip"],"relics":["Ring of the Snake","Bag of Marbles","Frozen Egg 2","Strawberry","Odd Mushroom"],"potions_floor_usage":[5,8,8],"damage_taken":[{"damage":0,"enemies":"Cultist","floor":1,"turns":4},{"damage":0,"enemies":"Jaw Worm","floor":2,"turns":5},{"damage":1,"enemies":"2 Louse","floor":3,"turns":4},{"damage":6,"enemies":"Large Slime","floor":5,"turns":11},{"damage":11,"enemies":"Red Slaver","floor":7,"turns":7},{"damage":4,"enemies":"Lagavulin","floor":8,"turns":7},{"damage":29,"enemies":"The Mushroom Lair","floor":12,"turns":7},{"damage":5,"enemies":"3 Louse","floor":13,"turns":4},{"damage":17,"enemies":"3 Sentries","floor":14,"turns":4}],"seed_played":"5336633421851607671","potions_obtained":[{"floor":3,"key":"Fire Potion"},{"floor":5,"key":"Strength Potion"},{"floor":7,"key":"Dexterity Potion"}],"is_trial":false,"path_per_floor":["M","M","M","$","M","R","M","E","T","R","?","?","M","E"],"character_chosen":"THE_SILENT","items_purchased":[],"campfire_rested":0,"item_purchase_floors":[],"current_hp_per_floor":[63,63,62,62,56,56,45,41,48,48,48,19,14,0],"gold":153,"neow_bonus":"RANDOM_COMMON_RELIC","is_prod":false,"is_daily":false,"chose_seed":false,"campfire_upgraded":2,"win_rate":0,"timestamp":1551703833,"path_taken":["M","M","M","$","M","R","?","E","T","R","?","?","M","E"],"build_version":"2019-01-23","purchased_purges":1,"victory":false,"max_hp_per_floor":[70,70,70,70,70,70,70,70,77,77,77,77,77,77],"card_choices":[{"not_picked":["Slice","Choke"],"picked":"Deadly Poison","floor":1},{"not_picked":["Dodge and Roll","Accuracy"],"picked":"Caltrops","floor":2},{"not_picked":["Caltrops","Blade Dance"],"picked":"PiercingWail","floor":3},{"not_picked":["Backflip","Underhanded Strike"],"picked":"Dagger Spray","floor":5},{"not_picked":["Caltrops","Calculated Gamble"],"picked":"Backflip","floor":7},{"not_picked":["Expertise","All Out Attack"],"picked":"Terror","floor":8},{"not_picked":["PiercingWail","Heel Hook"],"picked":"Envenom+1","floor":12},{"not_picked":["Calculated Gamble","Heel Hook"],"picked":"Backflip","floor":13}],"player_experience":389136,"relics_obtained":[{"floor":8,"key":"Frozen Egg 2"},{"floor":9,"key":"Strawberry"},{"floor":12,"key":"Odd Mushroom"}],"event_choices":[{"damage_healed":0,"gold_gain":0,"player_choice":"Left Gold","damage_taken":0,"max_hp_gain":0,"max_hp_loss":0,"event_name":"World of Goop","floor":11,"gold_loss":24},{"damage_healed":0,"gold_gain":0,"player_choice":"Fought Mushrooms","damage_taken":0,"max_hp_gain":0,"max_hp_loss":0,"event_name":"Mushrooms","floor":12,"gold_loss":0}],"is_beta":false,"boss_relics":[],"items_purged_floors":[4],"is_endless":false,"potions_floor_spawned":[3,5,7],"killed_by":"3 Sentries","ascension_level":7}