{"gold_per_floor":[119,119,135,60,23,23,51,65,65,65,65,86,86,99,99,229,229,245,266,19,19],"floor_reached":21,"playtime":636,"items_purged":["Strike_B"],"score":224,"play_id":"37a81e8f-87f4-4e19-88c9-8f47a92da95b","local_time":"20190108184127","is_ascension_mode":true,"campfire_choices":[{"data":"Dualcast","floor":6,"key":"SMITH"},{"data":"Zap","floor":11,"key":"SMITH"},{"data":"Reinforced Body","floor":13,"key":"SMITH"},{"data":"Steam","floor":15,"key":"SMITH"}],"neow_cost":"TEN_PERCENT_HP_LOSS","seed_source_timestamp":1613800064001616,"circlet_count":0,"master_deck":["Strike_B","Strike_B","Strike_B","Defend_B","Defend_B","Defend_B","Defend_B","Zap+1","Dualcast+1","Turbo","Reinforced Body+1","Tempest","All For One","Steam+1","Seek","Ball Lightning","Defragment","Streamline","Gash"],"relics":["Cracked Core","Ginger","Art of War","Bag of Marbles","Mercury Hourglass","Golden Idol","Inserter","DataDisk"],"potions_floor_usage":[16],"damage_taken":[{"damage":1,"enemies":"Cultist","floor":1,"turns":3},{"damage":3,"enemies":"Small Slimes","floor":3,"turns":4},{"damage":20,"enemies":"Lagavulin","floor":7,"turns":6},{"damage":12,"enemies":"Jaw Worm","floor":8,"turns":2},{"damage":4,"enemies":"Looter","floor":12,"turns":2},{"damage":6,"enemies":"Exordium Wildlife","floor":14,"turns":3},{"damage":12,"enemies":"Hexaghost","floor":16,"turns":9},{"damage":12,"enemies":"3 Byrds","floor":18,"turns":3},{"damage":0,"enemies":"Spheric Guardian","floor":19,"turns":2},{"damage":44,"enemies":"Centurion and Healer","floor":21,"turns":3}],"seed_played":"5011514028065855940","potions_obtained":[{"floor":3,"key":"FearPotion"},{"floor":8,"key":"AttackPotion"},{"floor":16,"key":"SmokeBomb"},{"floor":18,"key":"GamblersBrew"}],"is_trial":false,"path_per_floor":["M","T","M","$","$","R","E","M","T","?","R","M","R","M","R","B",null,"M","M","$","M"],"character_chosen":"DEFECT","items_purchased":["Tempest","DataDisk","Streamline","Gash"],"campfire_rested":0,"item_purchase_floors":[5,20,20,20],"current_hp_per_floor":[67,67,64,64,64,64,44,32,32,32,32,28,28,22,22,10,50,38,38,38,0],"gold":19,"neow_bonus":"ONE_RARE_RELIC","is_prod":false,"is_daily":false,"chose_seed":false,"campfire_upgraded":4,"win_rate":0,"timestamp":1546990887,"path_taken":["M","?","M","?","$","R","E","M","T","?","R","M","R","M","R","BOSS","M","M","$","M"],"build_version":"2019-01-03v4","purchased_purges":1,"victory":false,"max_hp_per_floor":[68,68,68,68,68,68,68,68,68,63,63,63,63,63,63,63,63,63,63,63,63],"card_choices":[{"not_picked":["Rebound","Lockon"],"picked":"Turbo","floor":1},{"not_picked":["Stack","Turbo"],"picked":"Reinforced Body","floor":3},{"not_picked":["Melter","Sweeping Beam"],"picked":"All For One","floor":7},{"not_picked":["Leap","Heatsinks","Rebound"],"picked":"SKIP","floor":8},{"not_picked":["Streamline","Barrage"],"picked":"Steam","floor":12},{"not_picked":["Cold Snap","Rebound","Chaos"],"picked":"SKIP","floor":14},{"not_picked":["Rainbow","Thunder Strike"],"picked":"Seek","floor":16},{"not_picked":["Leap","Darkness"],"picked":"Ball Lightning","floor":18},{"not_picked":["Steam","Redo"],"picked":"Defragment","floor":19}],"player_experience":356226,"relics_obtained":[{"floor":2,"key":"Art of War"},{"floor":7,"key":"Bag of Marbles"},{"floor":9,"key":"Mercury Hourglass"}],"event_choices":[{"damage_healed":0,"gold_gain":0,"player_choice":"Lose Max HP","damage_taken":0,"relics_obtained":["Golden Idol"],"max_hp_gain":0,"max_hp_loss":5,"event_name":"Golden Idol","floor":10,"gold_loss":0}],"is_beta":false,"boss_relics":[{"not_picked":["White Beast Statue","Calling Bell"],"picked":"Inserter"}],"items_purged_floors":[4],"is_endless":false,"potions_floor_spawned":[3,8,16,18],"killed_by":"Centurion and Healer","ascension_level":5}