{"gold_per_floor":[116,191,191,210,160,187,187,202,226,226,240,260,276,291,291,394,394,411,336,350,350,360,360,378,396,472,499,33,60,60,75,75,180,180,199,34,34,47,58,88,88,101,101,131,174,61,78,78,78,78],"floor_reached":50,"playtime":2436,"items_purged":["Strike_G","Strike_G","Finisher+1"],"score":1222,"play_id":"f328d235-bd28-441f-b0ba-a09f8b94fa4d","local_time":"20190214215224","is_ascension_mode":true,"campfire_choices":[{"data":"Noxious Fumes","floor":7,"key":"SMITH"},{"data":"Noxious Fumes","floor":15,"key":"SMITH"},{"data":"Catalyst","floor":23,"key":"SMITH"},{"data":"Ghostly","floor":30,"key":"SMITH"},{"data":"Ghostly","floor":32,"key":"SMITH"},{"data":"Noxious Fumes","floor":41,"key":"SMITH"},{"floor":49,"key":"RECALL"}],"neow_cost":"NONE","seed_source_timestamp":89703715195177,"circlet_count":0,"master_deck":["AscendersBane","Defend_G+1","Defend_G+1","Defend_G+1","Defend_G+1","Survivor+1","Neutralize+1","Noxious Fumes+1","Cloak And Dagger+1","Noxious Fumes+1","Bouncing Flask+1","Deadly Poison+1","Blade Dance+1","Deflect+1","Burst+1","Catalyst+1","Ghostly+1","Ghostly+1","Ghostly+1","Ghostly+1","Ghostly+1","Well Laid Plans+1","Footwork+1","Catalyst+1","Well Laid Plans+1","Corpse Explosion+1","Impatience+1","Crippling Poison+1","Escape Plan+1","Noxious Fumes+1","Escape Plan+1","Catalyst+1"],"relics":["Ring of the Snake","NeowsBlessing","Boot","Orichalcum","Empty Cage","Question Card","Ninja Scroll","DollysMirror","War Paint","Matryoshka","Coffee Dripper","Mark of the Bloom","Ornamental Fan","MawBank","Pantograph"],"potions_floor_usage":[25,25,29,31,35,39],"damage_taken":[{"damage":0,"enemies":"Jaw Worm","floor":1,"turns":1},{"damage":8,"enemies":"2 Louse","floor":4,"turns":2},{"damage":0,"enemies":"Gremlin Nob","floor":6,"turns":1},{"damage":4,"enemies":"Cultist","floor":8,"turns":3},{"damage":5,"enemies":"3 Louse","floor":11,"turns":4},{"damage":0,"enemies":"Looter","floor":12,"turns":4},{"damage":2,"enemies":"Exordium Wildlife","floor":13,"turns":4},{"damage":4,"enemies":"2 Fungi Beasts","floor":14,"turns":3},{"damage":4,"enemies":"Hexaghost","floor":16,"turns":8},{"damage":14,"enemies":"Shell Parasite","floor":18,"turns":5},{"damage":19,"enemies":"3 Byrds","floor":20,"turns":4},{"damage":8,"enemies":"3 Cultists","floor":22,"turns":7},{"damage":0,"enemies":"Cultist and Chosen","floor":24,"turns":7},{"damage":0,"enemies":"Snecko","floor":25,"turns":5},{"damage":0,"enemies":"Book of Stabbing","floor":27,"turns":7},{"damage":0,"enemies":"Gremlin Leader","floor":29,"turns":8},{"damage":0,"enemies":"Sentry and Sphere","floor":31,"turns":5},{"damage":0,"enemies":"Collector","floor":33,"turns":5},{"damage":0,"enemies":"3 Darklings","floor":35,"turns":4},{"damage":0,"enemies":"Orb Walker","floor":38,"turns":4},{"damage":0,"enemies":"Maw","floor":39,"turns":4},{"damage":0,"enemies":"Nemesis","floor":40,"turns":7},{"damage":0,"enemies":"Sphere and 2 Shapes","floor":42,"turns":7},{"damage":0,"enemies":"Jaw Worm Horde","floor":44,"turns":4},{"damage":0,"enemies":"Giant Head","floor":45,"turns":4},{"damage":0,"enemies":"Transient","floor":47,"turns":4},{"damage":31,"enemies":"Time Eater","floor":50,"turns":7}],"seed_played":"7666405238394068421","potions_obtained":[{"floor":3,"key":"FairyPotion"},{"floor":3,"key":"SpeedPotion"},{"floor":3,"key":"EntropicBrew"},{"floor":11,"key":"GhostInAJar"},{"floor":27,"key":"PowerPotion"},{"floor":31,"key":"SteroidPotion"},{"floor":33,"key":"LiquidBronze"},{"floor":35,"key":"Strength Potion"},{"floor":42,"key":"Block Potion"},{"floor":47,"key":"PowerPotion"}],"is_trial":false,"path_per_floor":["M","?","?","M","?","E","R","M","T","?","M","M","M","M","R","B",null,"M","$","M","?","M","R","M","M","T","E","$","E","R","M","R","B",null,"M","$","?","M","M","E","R","M","T","M","E","$","M","?","R","B"],"character_chosen":"THE_SILENT","items_purchased":["DollysMirror","War Paint","Impatience","Crippling Poison"],"campfire_rested":0,"item_purchase_floors":[28,28,36,36],"current_hp_per_floor":[63,52,52,44,44,44,44,40,40,26,21,21,19,15,15,11,55,41,41,22,22,14,14,14,14,14,14,14,14,14,14,14,14,30,30,30,30,30,30,30,30,30,30,30,30,30,30,30,30,0],"gold":78,"neow_bonus":"THREE_ENEMY_KILL","is_prod":false,"is_daily":false,"chose_seed":false,"campfire_upgraded":6,"win_rate":0,"timestamp":1550199144,"path_taken":["M","?","?","?","?","E","R","M","T","?","M","M","M","M","R","BOSS","M","$","M","?","M","R","M","M","T","E","$","E","R","M","R","BOSS","M","$","?","M","M","E","R","M","T","M","E","$","M","?","R","BOSS"],"build_version":"2019-01-23","purchased_purges":3,"victory":false,"max_hp_per_floor":[70,70,70,70,70,70,70,70,70,70,70,70,70,70,70,70,70,70,70,70,35,35,35,35,35,35,35,35,35,35,35,35,35,35,35,35,35,35,35,35,35,35,35,35,35,35,35,35,35,35],"card_choices":[{"not_picked":["Dagger Spray","Prepared"],"picked":"Noxious Fumes","floor":1},{"not_picked":["Terror","Expertise"],"picked":"Cloak And Dagger","floor":4},{"not_picked":["Night Terror","Bane"],"picked":"Finisher","floor":6},{"not_picked":["Deflect","Prepared"],"picked":"Noxious Fumes","floor":8},{"not_picked":["Eviscerate","Riddle With Holes"],"picked":"Bouncing Flask","floor":11},{"not_picked":["Choke","Deflect"],"picked":"Deadly Poison","floor":12},{"not_picked":["Quick Slash","Sucker Punch"],"picked":"Blade Dance","floor":13},{"not_picked":["Underhanded Strike","Flying Knee"],"picked":"Deflect","floor":14},{"not_picked":["Die Die Die","Grand Finale"],"picked":"Burst","floor":16},{"not_picked":["All Out Attack","Eviscerate","Slice"],"picked":"SKIP","floor":18},{"not_picked":["Deflect","Sucker Punch"],"picked":"Catalyst","floor":20},{"not_picked":["Acrobatics+1","Cloak And Dagger","Crippling Poison"],"picked":"SKIP","floor":22},{"not_picked":["Setup","Skewer"],"picked":"Well Laid Plans","floor":24},{"not_picked":["Heel Hook","Reflex","Venomology"],"picked":"SKIP","floor":25},{"not_picked":["Bullet Time","Dodge and Roll","Sucker Punch"],"picked":"Footwork+1","floor":27},{"not_picked":["Bane","Poisoned Stab","Outmaneuver","Masterful Stab"],"picked":"SKIP","floor":29},{"not_picked":["Noxious Fumes","Underhanded Strike","Deadly Poison+1"],"picked":"Well Laid Plans","floor":31},{"not_picked":["Bullet Time","Envenom","Doppelganger"],"picked":"Corpse Explosion","floor":33},{"not_picked":["Infinite Blades","Masterful Stab","Quick Slash","Underhanded Strike"],"picked":"SKIP","floor":35},{"not_picked":["Dagger Spray+1","Heel Hook+1","Dodge and Roll","Underhanded Strike"],"picked":"SKIP","floor":38},{"not_picked":["Slice","Blade Dance+1","Setup+1"],"picked":"Escape Plan+1","floor":39},{"not_picked":["Grand Finale","A Thousand Cuts","Reflex"],"picked":"Noxious Fumes","floor":40},{"not_picked":["Prepared","Flechettes","Underhanded Strike","Slice"],"picked":"SKIP","floor":42},{"not_picked":["Flechettes+1","Riddle With Holes+1","Backflip"],"picked":"Escape Plan+1","floor":44},{"not_picked":["Distraction+1","Riddle With Holes","Underhanded Strike+1"],"picked":"Catalyst+1","floor":45},{"not_picked":["Deflect","Dagger Spray+1","Quick Slash","Dodge and Roll"],"picked":"SKIP","floor":47}],"player_experience":765032,"relics_obtained":[{"floor":6,"key":"Boot"},{"floor":9,"key":"Orichalcum"},{"floor":26,"key":"Question Card"},{"floor":27,"key":"Ninja Scroll"},{"floor":29,"key":"Matryoshka"},{"floor":40,"key":"Ornamental Fan"},{"floor":43,"key":"MawBank"},{"floor":45,"key":"Pantograph"}],"event_choices":[{"damage_healed":0,"gold_gain":75,"player_choice":"Gather Gold","damage_taken":11,"max_hp_gain":0,"max_hp_loss":0,"event_name":"World of Goop","floor":2,"gold_loss":0},{"damage_healed":0,"gold_gain":0,"player_choice":"Got Potions","damage_taken":0,"max_hp_gain":0,"max_hp_loss":0,"event_name":"Lab","floor":3,"gold_loss":0},{"cards_removed":["Strike_G"],"damage_healed":0,"gold_gain":0,"player_choice":"Card Removal","damage_taken":0,"max_hp_gain":0,"max_hp_loss":0,"event_name":"The Cleric","floor":5,"gold_loss":50},{"damage_healed":0,"gold_gain":0,"player_choice":"Entered Light","damage_taken":14,"max_hp_gain":0,"max_hp_loss":0,"event_name":"Shining Light","floor":10,"gold_loss":0,"cards_upgraded":["Defend_G","Cloak And Dagger"]},{"damage_healed":0,"gold_gain":0,"player_choice":"Became a Ghost","damage_taken":0,"max_hp_gain":0,"max_hp_loss":35,"event_name":"Ghosts","floor":21,"gold_loss":0,"cards_obtained":["Ghostly","Ghostly","Ghostly","Ghostly","Ghostly"]},{"damage_healed":0,"gold_gain":0,"player_choice":"Upgrade","damage_taken":0,"relics_obtained":["Mark of the Bloom"],"max_hp_gain":0,"max_hp_loss":0,"event_name":"MindBloom","floor":37,"gold_loss":0,"cards_upgraded":["Defend_G","Defend_G","Defend_G","Survivor","Neutralize","Finisher","Bouncing Flask","Deadly Poison","Blade Dance","Deflect","Burst","Ghostly","Ghostly","Well Laid Plans","Well Laid Plans","Corpse Explosion","Impatience","Crippling Poison"]},{"cards_removed":["Defend_G"],"damage_healed":0,"gold_gain":0,"player_choice":"Removed Skill","damage_taken":0,"max_hp_gain":0,"max_hp_loss":0,"event_name":"Falling","floor":48,"gold_loss":0}],"is_beta":false,"boss_relics":[{"not_picked":["Velvet Choker","Runic Pyramid"],"picked":"Empty Cage"},{"not_picked":["Lizard Tail","Astrolabe"],"picked":"Coffee Dripper"}],"items_purged_floors":[19,28,46],"is_endless":false,"potions_floor_spawned":[4,8,11,13,22,24,27,31,33,35,42,44,47],"killed_by":"Time Eater","ascension_level":12}