{"gold_per_floor":[113,38,38,57,73,73,107,107,107,107,107,117,117,151,151,256,256,271,30,30,30,30,30,30,30,30,30,61,61,61,61,61,61],"floor_reached":33,"playtime":825,"items_purged":["Shame"],"score":411,"play_id":"b4a5a790-32ee-40ce-ae23-8b06da768b59","local_time":"20190115131315","is_ascension_mode":true,"campfire_choices":[{"data":"Double Tap","floor":6,"key":"SMITH"},{"data":"Rupture","floor":8,"key":"SMITH"},{"data":"Bash","floor":10,"key":"SMITH"},{"floor":13,"key":"REST"},{"data":"Defend_R","floor":15,"key":"SMITH"},{"data":"Limit Break","floor":23,"key":"SMITH"},{"data":"Evolve","floor":25,"key":"SMITH"},{"floor":27,"key":"REST"},{"floor":32,"key":"REST"}],"neow_cost":"CURSE","seed_source_timestamp":501137202725476,"circlet_count":0,"master_deck":["AscendersBane","Strike_R+1","Strike_R+1","Strike_R+1","Strike_R+1","Defend_R+1","Defend_R+1","Defend_R+1","Defend_R+1","Bash+1","Double Tap+1","Hemokinesis+1","Rupture+1","Evolve+1","Limit Break+1","Iron Wave+1","Shame"],"relics":["Burning Blood","Potion Belt","Shuriken","Pen Nib","Busted Crown","Gremlin Horn","Blood Vial","Juzu Bracelet","Bag of Marbles","Mercury Hourglass","Nilry\u0027s Codex"],"potions_floor_usage":[14,16,16,18,33,33,33],"damage_taken":[{"damage":13,"enemies":"2 Louse","floor":1,"turns":3},{"damage":3,"enemies":"Cultist","floor":4,"turns":3},{"damage":14,"enemies":"Jaw Worm","floor":5,"turns":2},{"damage":31,"enemies":"3 Sentries","floor":7,"turns":8},{"damage":7,"enemies":"Looter","floor":12,"turns":3},{"damage":24,"enemies":"Lagavulin","floor":14,"turns":4},{"damage":41,"enemies":"Hexaghost","floor":16,"turns":9},{"damage":24,"enemies":"Chosen","floor":18,"turns":5},{"damage":52,"enemies":"Gremlin Leader","floor":28,"turns":6},{"damage":51,"enemies":"Collector","floor":33,"turns":5}],"seed_played":"-988057763691885157","potions_obtained":[{"floor":1,"key":"Poison Potion"},{"floor":12,"key":"SteroidPotion"},{"floor":14,"key":"BloodPotion"},{"floor":16,"key":"SkillPotion"},{"floor":28,"key":"Energy Potion"},{"floor":31,"key":"SteroidPotion"},{"floor":31,"key":"Fire Potion"},{"floor":31,"key":"SkillPotion"}],"is_trial":false,"path_per_floor":["M","$","?","M","M","R","E","R","T","R","?","M","R","E","R","B",null,"M","$","?","?","?","R","$","R","T","R","E","T","?","?","R","B"],"character_chosen":"IRONCLAD","items_purchased":["Gremlin Horn"],"campfire_rested":3,"item_purchase_floors":[19],"current_hp_per_floor":[65,65,65,68,60,60,35,35,35,35,35,34,58,40,40,13,63,45,45,45,45,45,45,45,45,45,69,25,25,9,9,33,0],"gold":61,"neow_bonus":"THREE_RARE_CARDS","is_prod":false,"is_daily":false,"chose_seed":false,"campfire_upgraded":6,"win_rate":0,"timestamp":1547575995,"path_taken":["M","$","?","M","M","R","E","R","T","R","?","M","R","E","R","BOSS","M","$","?","?","?","R","?","R","T","R","E","?","?","?","R","BOSS"],"build_version":"2019-01-10","purchased_purges":1,"victory":false,"max_hp_per_floor":[80,80,80,80,80,80,80,80,80,80,80,80,80,80,80,80,80,80,80,80,80,80,80,80,80,80,80,80,80,80,80,80,80],"card_choices":[{"not_picked":["Fiend Fire","Dark Embrace"],"picked":"Double Tap","floor":0},{"not_picked":["Rupture","Armaments"],"picked":"Hemokinesis","floor":1},{"not_picked":["Disarm","Anger","Thunderclap"],"picked":"SKIP","floor":4},{"not_picked":["Body Slam","Sever Soul","Twin Strike"],"picked":"SKIP","floor":5},{"not_picked":["Wild Strike","Pummel"],"picked":"Rupture","floor":7},{"not_picked":["Seeing Red","True Grit","Sentinel"],"picked":"SKIP","floor":12},{"not_picked":["Sword Boomerang","Searing Blow"],"picked":"Evolve","floor":14},{"not_picked":["Demon Form","Barricade"],"picked":"Limit Break","floor":16},{"not_picked":[],"picked":"Iron Wave+1","floor":18},{"not_picked":["Headbutt"],"picked":"SKIP","floor":28}],"player_experience":377526,"relics_obtained":[{"floor":7,"key":"Potion Belt"},{"floor":9,"key":"Shuriken"},{"floor":14,"key":"Pen Nib"},{"floor":26,"key":"Juzu Bracelet"},{"floor":28,"key":"Bag of Marbles"},{"floor":29,"key":"Mercury Hourglass"},{"floor":30,"key":"Nilry\u0027s Codex"}],"event_choices":[{"damage_healed":0,"gold_gain":0,"player_choice":"Grow","damage_taken":0,"max_hp_gain":0,"max_hp_loss":0,"event_name":"Living Wall","floor":3,"gold_loss":0,"cards_upgraded":["Hemokinesis"]},{"cards_removed":["Strike_R"],"damage_healed":0,"gold_gain":0,"player_choice":"Offered Basic","damage_taken":0,"max_hp_gain":0,"max_hp_loss":0,"event_name":"Bonfire Elementals","floor":11,"gold_loss":0},{"damage_healed":0,"gold_gain":0,"player_choice":"Ignored","damage_taken":0,"max_hp_gain":0,"max_hp_loss":0,"event_name":"Ghosts","floor":20,"gold_loss":0},{"damage_healed":0,"gold_gain":0,"player_choice":"Simplicity","damage_taken":0,"max_hp_gain":0,"max_hp_loss":0,"event_name":"Back to Basics","floor":21,"gold_loss":0,"cards_upgraded":["Strike_R","Strike_R","Strike_R","Strike_R","Defend_R","Defend_R","Defend_R"]},{"damage_healed":0,"gold_gain":0,"player_choice":"Stole Relic","damage_taken":0,"relics_obtained":["Blood Vial"],"max_hp_gain":0,"max_hp_loss":0,"event_name":"Addict","floor":22,"gold_loss":0,"cards_obtained":["Shame"]},{"damage_healed":0,"gold_gain":0,"player_choice":"Obtained Book","damage_taken":16,"max_hp_gain":0,"max_hp_loss":0,"event_name":"Cursed Tome","floor":30,"gold_loss":0},{"damage_healed":0,"gold_gain":0,"player_choice":"Got Potions","damage_taken":0,"max_hp_gain":0,"max_hp_loss":0,"event_name":"Lab","floor":31,"gold_loss":0}],"is_beta":false,"boss_relics":[{"not_picked":["Coffee Dripper","Sozu"],"picked":"Busted Crown"}],"items_purged_floors":[2],"is_endless":false,"potions_floor_spawned":[1,12,14,16,28],"killed_by":"Collector","ascension_level":11}