{"gold_per_floor":[115,131,105,55,55,55,81,81,81,99,428,38,38,50,50,153,153,164,164,89,108,108,142,142,142,142,142,175,193,204,204,204,302,302,320,368,386,486,129,129,229,229,253,282,26,36,49,49,49,49,49,49,1,35,35],"floor_reached":55,"playtime":3230,"items_purged":["Pain","Shame"],"score":1011,"play_id":"4d6784a5-6ff2-4fb9-88b4-28882e177829","local_time":"20190210144817","is_ascension_mode":true,"campfire_choices":[{"data":"Armaments","floor":6,"key":"SMITH"},{"data":"Body Slam","floor":8,"key":"SMITH"},{"data":"Barricade","floor":15,"key":"SMITH"},{"data":"Limit Break","floor":25,"key":"SMITH"},{"data":"Heavy Blade","floor":27,"key":"SMITH"},{"floor":32,"key":"REST"},{"floor":40,"key":"RECALL"},{"floor":42,"key":"REST"},{"floor":49,"key":"REST"},{"floor":52,"key":"REST"}],"neow_cost":"NONE","seed_source_timestamp":60707841619293,"circlet_count":0,"master_deck":["Strike_R","Strike_R","Strike_R","Strike_R","Defend_R","Defend_R","Defend_R","Bash","Armaments+1","Body Slam+1","Iron Wave","Body Slam","Spot Weakness","Barricade+1","Headbutt","Limit Break+1","Heavy Blade+1","Shrug It Off","Writhe","Heavy Blade+1","Reaper","Impervious","Metallicize+1","True Grit+1","Entrench+1","Rage"],"relics":["Burning Blood","NeowsBlessing","Red Skull","Vajra","Old Coin","Singing Bowl","WarpedTongs","White Beast Statue","Self Forming Clay","Du-Vu Doll","Gremlin Horn","Pen Nib","Champion Belt","Fusion Hammer","Ice Cream","Gambling Chip","Mummified Hand","Dodecahedron","Paper Frog","Pantograph"],"potions_floor_usage":[16,18,21,23,23,29,29,29,29,30,30,33,33,37,38,38,46,50,50,55,55,55],"damage_taken":[{"damage":0,"enemies":"Small Slimes","floor":1,"turns":1},{"damage":0,"enemies":"Jaw Worm","floor":2,"turns":1},{"damage":0,"enemies":"Lagavulin","floor":7,"turns":1},{"damage":0,"enemies":"Cultist","floor":10,"turns":3},{"damage":27,"enemies":"Gremlin Nob","floor":11,"turns":4},{"damage":11,"enemies":"3 Louse","floor":14,"turns":4},{"damage":28,"enemies":"Slime Boss","floor":16,"turns":7},{"damage":43,"enemies":"Shell Parasite","floor":18,"turns":7},{"damage":19,"enemies":"Spheric Guardian","floor":21,"turns":4},{"damage":21,"enemies":"Gremlin Leader","floor":23,"turns":7},{"damage":10,"enemies":"Slavers","floor":28,"turns":5},{"damage":6,"enemies":"Centurion and Healer","floor":29,"turns":3},{"damage":12,"enemies":"Chosen and Byrds","floor":30,"turns":2},{"damage":73,"enemies":"Collector","floor":33,"turns":6},{"damage":25,"enemies":"Orb Walker","floor":35,"turns":4},{"damage":17,"enemies":"2 Orb Walkers","floor":36,"turns":3},{"damage":3,"enemies":"3 Shapes","floor":37,"turns":6},{"damage":10,"enemies":"Mind Bloom Boss Battle","floor":38,"turns":8},{"damage":13,"enemies":"Reptomancer","floor":44,"turns":5},{"damage":3,"enemies":"3 Darklings","floor":46,"turns":6},{"damage":7,"enemies":"4 Shapes","floor":47,"turns":3},{"damage":55,"enemies":"Donu and Deca","floor":50,"turns":9},{"damage":47,"enemies":"Shield and Spear","floor":54,"turns":6},{"damage":83,"enemies":"The Heart","floor":55,"turns":6}],"seed_played":"8479441228718024975","potions_obtained":[{"floor":5,"key":"SteroidPotion"},{"floor":5,"key":"SteroidPotion"},{"floor":5,"key":"Block Potion"},{"floor":10,"key":"Dexterity Potion"},{"floor":11,"key":"Explosive Potion"},{"floor":14,"key":"Regen Potion"},{"floor":16,"key":"BloodPotion"},{"floor":18,"key":"SteroidPotion"},{"floor":21,"key":"BloodPotion"},{"floor":23,"key":"LiquidBronze"},{"floor":28,"key":"EntropicBrew"},{"floor":29,"key":"Weak Potion"},{"floor":30,"key":"SteroidPotion"},{"floor":33,"key":"LiquidBronze"},{"floor":35,"key":"Block Potion"},{"floor":36,"key":"Regen Potion"},{"floor":37,"key":"EssenceOfSteel"},{"floor":38,"key":"SteroidPotion"},{"floor":44,"key":"SpeedPotion"},{"floor":46,"key":"Weak Potion"},{"floor":47,"key":"Energy Potion"},{"floor":54,"key":"FearPotion"}],"is_trial":false,"path_per_floor":["M","M","$","?","?","R","E","R","T","M","E","$","?","M","R","B",null,"M","?","$","M","?","E","?","R","T","R","E","M","M","?","R","B",null,"M","?","M","?","$","R","?","R","T","E","$","M","M","?","R","B",null,"R","$","E","B"],"character_chosen":"IRONCLAD","items_purchased":["Iron Wave","Barricade","Singing Bowl","Mummified Hand","Paper Frog","Poison Potion"],"campfire_rested":4,"item_purchase_floors":[3,12,12,39,45,53],"current_hp_per_floor":[78,80,80,80,80,80,80,80,80,80,59,59,59,54,54,32,68,39,39,39,38,38,33,33,33,33,33,29,31,25,25,50,8,65,55,44,70,83,83,83,83,88,88,83,83,92,91,91,92,63,85,92,92,51,0],"gold":35,"neow_bonus":"THREE_ENEMY_KILL","is_prod":false,"is_daily":false,"chose_seed":false,"campfire_upgraded":5,"win_rate":0,"timestamp":1549838897,"path_taken":["M","M","$","?","?","R","E","R","T","?","E","$","?","?","R","BOSS","M","?","$","M","?","E","?","R","T","R","E","M","?","?","R","BOSS","M","?","M","?","?","R","?","R","T","E","$","M","?","?","R","BOSS","R","$","E","BOSS"],"build_version":"2019-01-23","purchased_purges":2,"victory":false,"max_hp_per_floor":[80,80,80,80,80,80,80,80,80,80,80,80,80,80,80,80,80,80,80,80,80,80,82,82,82,82,82,82,84,84,84,84,84,84,86,86,88,88,88,88,88,88,88,90,90,92,92,92,92,92,92,92,92,92,92],"card_choices":[{"not_picked":["Clash","Infernal Blade"],"picked":"Armaments","floor":1},{"not_picked":["Wild Strike","Searing Blow"],"picked":"Body Slam","floor":2},{"not_picked":["Warcry","Heavy Blade","Rupture"],"picked":"SKIP","floor":7},{"not_picked":["Fire Breathing","Warcry"],"picked":"Body Slam","floor":10},{"not_picked":["Headbutt","Evolve"],"picked":"Spot Weakness","floor":11},{"not_picked":["Reckless Charge","Iron Wave"],"picked":"Headbutt","floor":14},{"not_picked":["Immolate","Brutality"],"picked":"Limit Break","floor":16},{"not_picked":["Bloodletting","Flex+1"],"picked":"Heavy Blade","floor":18},{"not_picked":["Searing Blow+1","Havoc"],"picked":"Shrug It Off","floor":21},{"not_picked":["Evolve","Rupture","Reckless Charge"],"picked":"Singing Bowl","floor":23},{"not_picked":["Sword Boomerang+1","Headbutt+1"],"picked":"Heavy Blade+1","floor":28},{"not_picked":["Iron Wave","Evolve","Heavy Blade"],"picked":"Singing Bowl","floor":29},{"not_picked":["Feel No Pain","Armaments+1"],"picked":"Reaper","floor":30},{"not_picked":["Berserk","Brutality"],"picked":"Impervious","floor":33},{"not_picked":["Armaments","Flex+1","Headbutt+1"],"picked":"Singing Bowl","floor":35},{"not_picked":["Hemokinesis","Perfected Strike+1"],"picked":"Metallicize+1","floor":36},{"not_picked":["Heavy Blade+1","Twin Strike+1","Disarm+1"],"picked":"Singing Bowl","floor":37},{"not_picked":["Clash","Pommel Strike"],"picked":"True Grit+1","floor":38},{"not_picked":["Barricade","Exhume","Thunderclap+1"],"picked":"Singing Bowl","floor":44},{"not_picked":["Havoc","Perfected Strike+1","Warcry"],"picked":"Singing Bowl","floor":46},{"not_picked":["Thunderclap+1","Sever Soul+1"],"picked":"Entrench+1","floor":47},{"not_picked":["Twin Strike","Pummel"],"picked":"Rage","floor":54}],"player_experience":324479,"relics_obtained":[{"floor":7,"key":"Red Skull"},{"floor":9,"key":"Vajra"},{"floor":11,"key":"Old Coin"},{"floor":23,"key":"Du-Vu Doll"},{"floor":26,"key":"Gremlin Horn"},{"floor":28,"key":"Pen Nib"},{"floor":36,"key":"Ice Cream"},{"floor":38,"key":"Gambling Chip"},{"floor":44,"key":"Dodecahedron"},{"floor":54,"key":"Pantograph"}],"event_choices":[{"cards_removed":["Strike_R"],"damage_healed":0,"gold_gain":0,"player_choice":"Card Removal","damage_taken":0,"max_hp_gain":0,"max_hp_loss":0,"event_name":"The Cleric","floor":4,"gold_loss":50},{"damage_healed":0,"gold_gain":0,"player_choice":"Got Potions","damage_taken":0,"max_hp_gain":0,"max_hp_loss":0,"event_name":"Lab","floor":5,"gold_loss":0},{"damage_healed":0,"gold_gain":0,"player_choice":"Rummage","damage_taken":0,"relics_obtained":["WarpedTongs"],"max_hp_gain":0,"max_hp_loss":0,"event_name":"Accursed Blacksmith","floor":13,"gold_loss":0,"cards_obtained":["Pain"]},{"damage_healed":0,"gold_gain":0,"player_choice":"Ignored","damage_taken":0,"max_hp_gain":0,"max_hp_loss":0,"event_name":"Ghosts","floor":19,"gold_loss":0},{"damage_healed":0,"gold_gain":0,"player_choice":"Opened","damage_taken":0,"relics_obtained":["Self Forming Clay"],"max_hp_gain":0,"max_hp_loss":0,"event_name":"The Mausoleum","floor":22,"gold_loss":0,"cards_obtained":["Writhe"]},{"damage_healed":0,"gold_gain":0,"player_choice":"Bought 0 Potions","damage_taken":0,"max_hp_gain":0,"max_hp_loss":0,"event_name":"The Woman in Blue","floor":24,"gold_loss":0},{"damage_healed":0,"gold_gain":0,"player_choice":"Stole Relic","damage_taken":0,"relics_obtained":["Champion Belt"],"max_hp_gain":0,"max_hp_loss":0,"event_name":"Addict","floor":31,"gold_loss":0,"cards_obtained":["Shame"]},{"damage_healed":0,"gold_gain":0,"player_choice":"Fight","damage_taken":0,"max_hp_gain":0,"max_hp_loss":0,"event_name":"Mysterious Sphere","floor":36,"gold_loss":0},{"damage_healed":0,"gold_gain":0,"player_choice":"Fight","damage_taken":0,"max_hp_gain":0,"max_hp_loss":0,"event_name":"MindBloom","floor":38,"gold_loss":0},{"damage_healed":0,"gold_gain":100,"player_choice":"Pray","damage_taken":0,"max_hp_gain":0,"max_hp_loss":0,"event_name":"Golden Shrine","floor":41,"gold_loss":0},{"cards_removed":["Defend_R"],"damage_healed":0,"gold_gain":0,"player_choice":"Removed Skill","damage_taken":0,"max_hp_gain":0,"max_hp_loss":0,"event_name":"Falling","floor":48,"gold_loss":0}],"is_beta":false,"boss_relics":[{"not_picked":["Black Star","Calling Bell"],"picked":"White Beast Statue"},{"not_picked":["Black Blood","Philosopher\u0027s Stone"],"picked":"Fusion Hammer"}],"items_purged_floors":[20,39],"is_endless":false,"potions_floor_spawned":[10,11,14,16,18,21,23,28,29,30,33,35,36,37,38,44,46,47,54],"killed_by":"The Heart","ascension_level":6}