{"gold_per_floor":[112,112,112,128,142,142,168,168,195,195,195,209,220,19,19,119,119,119,119,119,119,119,119,119],"floor_reached":24,"playtime":660,"items_purged":[],"score":388,"play_id":"98fc3bd7-1bb1-4658-b301-f86ed39b92cb","local_time":"20190209140547","is_ascension_mode":true,"campfire_choices":[{"floor":6,"key":"DIG"},{"floor":8,"key":"REST"},{"floor":10,"key":"DIG"},{"data":"Zap","floor":15,"key":"SMITH"},{"floor":23,"key":"REST"}],"neow_cost":"NONE","seed_source_timestamp":11341785919418,"circlet_count":0,"master_deck":["AscendersBane","Strike_B","Strike_B+1","Strike_B","Strike_B","Defend_B+1","Defend_B","Defend_B","Defend_B","Zap+1","Dualcast","Cold Snap","Ball Lightning","Streamline","Gash","Echo Form","Leap+1","Tempest","Go for the Eyes"],"relics":["Cracked Core","NeowsBlessing","Shovel","Symbiotic Virus","Lantern","Orichalcum","Art of War","Runic Capacitor","Ectoplasm"],"potions_floor_usage":[19],"damage_taken":[{"damage":0,"enemies":"Small Slimes","floor":1,"turns":1},{"damage":0,"enemies":"Jaw Worm","floor":4,"turns":1},{"damage":0,"enemies":"Cultist","floor":5,"turns":1},{"damage":20,"enemies":"Gremlin Nob","floor":7,"turns":4},{"damage":0,"enemies":"Large Slime","floor":12,"turns":3},{"damage":6,"enemies":"Blue Slaver","floor":13,"turns":3},{"damage":0,"enemies":"Slime Boss","floor":16,"turns":8},{"damage":2,"enemies":"Chosen","floor":18,"turns":4},{"damage":10,"enemies":"3 Byrds","floor":19,"turns":4},{"damage":6,"enemies":"Snecko","floor":20,"turns":5},{"damage":16,"enemies":"Centurion and Healer","floor":21,"turns":5},{"damage":27,"enemies":"Chosen and Byrds","floor":22,"turns":5},{"damage":35,"enemies":"Slavers","floor":24,"turns":2}],"seed_played":"-293475429984692341","potions_obtained":[{"floor":1,"key":"Ancient Potion"},{"floor":7,"key":"Energy Potion"},{"floor":19,"key":"FearPotion"}],"is_trial":false,"path_per_floor":["M","?","T","M","M","R","E","R","T","R","?","M","M","$","R","B",null,"M","M","M","M","M","R","E"],"character_chosen":"DEFECT","items_purchased":["Runic Capacitor"],"campfire_rested":2,"item_purchase_floors":[14],"current_hp_per_floor":[68,53,53,53,53,53,33,55,55,55,75,75,69,69,69,69,74,72,62,56,40,13,35,0],"gold":119,"neow_bonus":"THREE_ENEMY_KILL","is_prod":false,"is_daily":false,"chose_seed":false,"campfire_upgraded":1,"win_rate":0,"timestamp":1549688747,"path_taken":["M","?","?","?","M","R","E","R","T","R","?","M","M","$","R","BOSS","M","M","M","M","M","R","E"],"build_version":"2019-01-23","purchased_purges":0,"victory":false,"max_hp_per_floor":[75,75,75,75,75,75,75,75,75,75,75,75,75,75,75,75,75,75,75,75,75,75,75,75],"card_choices":[{"not_picked":["Coolheaded","Beam Cell"],"picked":"Cold Snap","floor":1},{"not_picked":["Steam","Darkness"],"picked":"Ball Lightning","floor":4},{"not_picked":["Hologram","Machine Learning"],"picked":"Streamline","floor":5},{"not_picked":["Stack","Steam","Doom and Gloom"],"picked":"SKIP","floor":7},{"not_picked":["Sweeping Beam","Tempest"],"picked":"Gash","floor":12},{"not_picked":["Undo","Sweeping Beam","Chaos"],"picked":"SKIP","floor":13},{"not_picked":["Multi-Cast","Reboot"],"picked":"Echo Form","floor":16},{"not_picked":["Heatsinks","Coolheaded"],"picked":"Leap+1","floor":18},{"not_picked":["Stack+1","Leap","Aggregate+1"],"picked":"SKIP","floor":19},{"not_picked":["Doom and Gloom","Stack","Aggregate"],"picked":"SKIP","floor":20},{"not_picked":["Streamline+1","Sweeping Beam"],"picked":"Tempest","floor":21},{"not_picked":["Hyperbeam","Conserve Battery+1"],"picked":"Go for the Eyes","floor":22}],"player_experience":307851,"relics_obtained":[{"floor":3,"key":"Shovel"},{"floor":6,"key":"Symbiotic Virus"},{"floor":7,"key":"Lantern"},{"floor":9,"key":"Orichalcum"},{"floor":10,"key":"Art of War"}],"event_choices":[{"damage_healed":0,"gold_gain":0,"player_choice":"Entered Light","damage_taken":15,"max_hp_gain":0,"max_hp_loss":0,"event_name":"Shining Light","floor":2,"gold_loss":0,"cards_upgraded":["Strike_B","Defend_B"]},{"damage_healed":25,"gold_gain":0,"player_choice":"Banana","damage_taken":0,"max_hp_gain":0,"max_hp_loss":0,"event_name":"Big Fish","floor":11,"gold_loss":0}],"is_beta":false,"boss_relics":[{"not_picked":["Black Star","Inserter"],"picked":"Ectoplasm"}],"items_purged_floors":[],"is_endless":false,"potions_floor_spawned":[1,7,12,18,19],"killed_by":"Slavers","ascension_level":11}