{"gold_per_floor":[214,214,226,238,255,290,290,290],"floor_reached":8,"playtime":350,"items_purged":[],"score":64,"play_id":"d21e483e-6696-4a34-9621-6f1811d18746","local_time":"20190107201956","is_ascension_mode":true,"campfire_choices":[],"neow_cost":"NONE","seed_source_timestamp":36431730450261,"circlet_count":0,"master_deck":["Strike_R","Strike_R","Strike_R","Strike_R","Strike_R","Defend_R","Defend_R","Defend_R","Defend_R","Bash","Searing Blow","Cleave","Heavy Blade","Intimidate"],"relics":["Burning Blood","Pen Nib"],"potions_floor_usage":[6,8],"damage_taken":[{"damage":0,"enemies":"2 Louse","floor":1,"turns":3},{"damage":0,"enemies":"Small Slimes","floor":3,"turns":3},{"damage":4,"enemies":"Jaw Worm","floor":4,"turns":4},{"damage":11,"enemies":"2 Fungi Beasts","floor":5,"turns":4},{"damage":64,"enemies":"3 Sentries","floor":6,"turns":13},{"damage":46,"enemies":"Lagavulin","floor":8,"turns":6}],"seed_played":"6498030575336918707","potions_obtained":[{"floor":3,"key":"Regen Potion"},{"floor":4,"key":"EssenceOfSteel"},{"floor":5,"key":"Dexterity Potion"}],"is_trial":false,"path_per_floor":["M","?","M","M","M","E","?","E"],"character_chosen":"IRONCLAD","items_purchased":[],"campfire_rested":0,"item_purchase_floors":[],"current_hp_per_floor":[80,80,80,80,75,32,32,0],"gold":290,"neow_bonus":"HUNDRED_GOLD","is_prod":false,"is_daily":false,"chose_seed":false,"campfire_upgraded":0,"win_rate":0,"timestamp":1546859996,"path_taken":["M","?","M","M","M","E","?","E"],"build_version":"2019-01-03v4","purchased_purges":0,"victory":false,"max_hp_per_floor":[80,80,80,80,80,80,80,80],"card_choices":[{"not_picked":["Thunderclap","Armaments"],"picked":"Searing Blow","floor":1},{"not_picked":["Clash","Wild Strike"],"picked":"Cleave","floor":3},{"not_picked":["Combust","Clothesline","Sentinel"],"picked":"SKIP","floor":4},{"not_picked":["Combust","Burning Pact"],"picked":"Heavy Blade","floor":5},{"not_picked":["Second Wind","Carnage"],"picked":"Intimidate","floor":6}],"player_experience":155282,"relics_obtained":[{"floor":6,"key":"Pen Nib"}],"event_choices":[{"damage_healed":0,"gold_gain":0,"player_choice":"Ignored","damage_taken":0,"max_hp_gain":0,"max_hp_loss":0,"event_name":"Shining Light","floor":2,"gold_loss":0},{"damage_healed":0,"gold_gain":0,"player_choice":"Ignored","damage_taken":0,"max_hp_gain":0,"max_hp_loss":0,"event_name":"Golden Idol","floor":7,"gold_loss":0}],"is_beta":false,"boss_relics":[],"items_purged_floors":[],"is_endless":false,"potions_floor_spawned":[3,4,5],"killed_by":"Lagavulin","ascension_level":2}