{"gold_per_floor":[118,118,129,141,141,141,176,194,194,206,218,246,271,299,311,323],"floor_reached":16,"playtime":667,"items_purged":[],"score":217,"play_id":"673ea611-c510-4740-b2dd-a2a39065df5a","local_time":"20190228213008","is_ascension_mode":true,"campfire_choices":[{"data":"Zap","floor":6,"key":"SMITH"},{"data":"Undo","floor":11,"key":"SMITH"},{"floor":15,"key":"REST"}],"neow_cost":"NONE","seed_source_timestamp":816367772770533,"circlet_count":0,"master_deck":["AscendersBane","Strike_B","Strike_B","Strike_B","Strike_B","Defend_B","Defend_B","Defend_B","Defend_B","Zap+1","Dualcast+1","Conserve Battery","Undo+1","Ball Lightning","Turbo","Conserve Battery","Rebound","Genetic Algorithm","Compile Driver"],"relics":["Cracked Core","NeowsBlessing","Lantern","MawBank"],"potions_floor_usage":[10,13],"damage_taken":[{"damage":0,"enemies":"Jaw Worm","floor":1,"turns":1},{"damage":0,"enemies":"Cultist","floor":3,"turns":1},{"damage":0,"enemies":"2 Louse","floor":4,"turns":1},{"damage":31,"enemies":"3 Sentries","floor":7,"turns":9},{"damage":6,"enemies":"Lots of Slimes","floor":8,"turns":4},{"damage":0,"enemies":"Gremlin Nob","floor":10,"turns":1},{"damage":0,"enemies":"Red Slaver","floor":12,"turns":3},{"damage":11,"enemies":"Exordium Thugs","floor":13,"turns":5},{"damage":15,"enemies":"Exordium Wildlife","floor":14,"turns":4},{"damage":23,"enemies":"The Guardian","floor":16,"turns":5}],"seed_played":"-5027758713660320345","potions_obtained":[{"floor":4,"key":"AttackPotion"},{"floor":5,"key":"SmokeBomb"},{"floor":7,"key":"Poison Potion"},{"floor":12,"key":"Energy Potion"},{"floor":14,"key":"SmokeBomb"}],"is_trial":false,"path_per_floor":["M","?","M","M","?","R","E","M","T","E","R","M","M","M","R","B"],"character_chosen":"DEFECT","items_purchased":[],"campfire_rested":1,"item_purchase_floors":[],"current_hp_per_floor":[64,64,64,64,64,64,33,27,27,27,27,27,16,1,22,0],"gold":323,"neow_bonus":"THREE_ENEMY_KILL","is_prod":false,"is_daily":false,"chose_seed":false,"campfire_upgraded":2,"win_rate":0,"timestamp":1551407408,"path_taken":["M","?","M","?","?","R","E","M","T","E","R","?","M","M","R","BOSS"],"build_version":"2019-01-23","purchased_purges":0,"victory":false,"max_hp_per_floor":[71,71,71,71,71,71,71,71,71,71,71,71,71,71,71,71],"card_choices":[{"not_picked":["Darkness","Aggregate"],"picked":"Conserve Battery","floor":1},{"not_picked":["Beam Cell","Barrage"],"picked":"Undo","floor":3},{"not_picked":["Compile Driver","Steam"],"picked":"Ball Lightning","floor":4},{"not_picked":["Leap","Sweeping Beam"],"picked":"Turbo","floor":7},{"not_picked":["Barrage","Steam"],"picked":"Conserve Battery","floor":8},{"not_picked":["Blizzard","Force Field"],"picked":"Rebound","floor":12},{"not_picked":["Rebound","Sunder"],"picked":"Genetic Algorithm","floor":13},{"not_picked":["Aggregate","Leap"],"picked":"Compile Driver","floor":14}],"player_experience":859136,"relics_obtained":[{"floor":7,"key":"Lantern"},{"floor":9,"key":"MawBank"}],"event_choices":[{"damage_healed":0,"gold_gain":0,"player_choice":"Upgraded","damage_taken":0,"max_hp_gain":0,"max_hp_loss":0,"event_name":"Upgrade Shrine","floor":2,"gold_loss":0,"cards_upgraded":["Dualcast"]},{"damage_healed":0,"gold_gain":0,"player_choice":"Got Potions","damage_taken":0,"max_hp_gain":0,"max_hp_loss":0,"event_name":"Lab","floor":5,"gold_loss":0}],"is_beta":false,"boss_relics":[],"items_purged_floors":[],"is_endless":false,"potions_floor_spawned":[4,7,12,14],"killed_by":"The Guardian","ascension_level":18}