{"gold_per_floor":[116,116,116,116,132,132,150,150,177,202,214,240,269,294,306,422,434,462,489,501,513,537,549,576,606,645,682,694,429,449,8,8,8],"floor_reached":33,"playtime":1347,"items_purged":["Defend_B","Defend_B"],"score":363,"play_id":"407da942-b9e0-49b8-9ffa-818663ae0e87","local_time":"20181220162452","is_ascension_mode":true,"campfire_choices":[{"floor":6,"key":"RECALL"},{"data":"Lockon","floor":8,"key":"SMITH"},{"floor":11,"key":"REST"},{"floor":15,"key":"REST"},{"data":"Electrodynamics","floor":23,"key":"SMITH"},{"floor":28,"key":"REST"},{"data":"Defragment","floor":32,"key":"SMITH"}],"neow_cost":"PERCENT_DAMAGE","seed_source_timestamp":181549449840745,"circlet_count":0,"master_deck":["Defend_B","Defend_B+1","Zap","Dualcast+1","Tempest+1","Lockon+1","Lockon","Lockon+1","Ball Lightning","Electrodynamics+1","Ball Lightning+1","Self Repair","Bite","Bite","Bite","Bite","Bite","Self Repair","Defragment+1"],"relics":["Cracked Core","FossilizedHelix","MawBank","Runic Dome","Calipers","Centennial Puzzle","Whetstone","MealTicket","Membership Card","Emotion Chip"],"potions_floor_usage":[27,33,33],"damage_taken":[{"damage":0,"enemies":"Small Slimes","floor":1,"turns":3},{"damage":0,"enemies":"Jaw Worm","floor":5,"turns":2},{"damage":0,"enemies":"Cultist","floor":7,"turns":3},{"damage":32,"enemies":"3 Sentries","floor":10,"turns":8},{"damage":0,"enemies":"3 Louse","floor":12,"turns":3},{"damage":0,"enemies":"2 Fungi Beasts","floor":13,"turns":2},{"damage":0,"enemies":"Blue Slaver","floor":14,"turns":2},{"damage":45,"enemies":"The Guardian","floor":16,"turns":7},{"damage":0,"enemies":"Chosen","floor":18,"turns":3},{"damage":0,"enemies":"3 Byrds","floor":19,"turns":2},{"damage":9,"enemies":"Centurion and Healer","floor":22,"turns":4},{"damage":40,"enemies":"Snake Plant","floor":24,"turns":3},{"damage":10,"enemies":"Snecko","floor":25,"turns":4},{"damage":0,"enemies":"Slavers","floor":27,"turns":2},{"damage":17,"enemies":"Centurion and Healer","floor":30,"turns":3},{"damage":74,"enemies":"Automaton","floor":33,"turns":6}],"seed_played":"-7897394874697393126","potions_obtained":[{"floor":7,"key":"SkillPotion"},{"floor":12,"key":"Energy Potion"},{"floor":14,"key":"PowerPotion"},{"floor":22,"key":"Weak Potion"},{"floor":30,"key":"PowerPotion"}],"is_trial":false,"path_per_floor":["M","?","?","?","M","R","M","R","T","E","R","M","M","M","R","B",null,"M","M","?","?","M","R","M","M","T","E","R","$","M","$","R","B"],"character_chosen":"DEFECT","items_purchased":["MealTicket","Membership Card","Emotion Chip","Defragment"],"campfire_rested":3,"item_purchase_floors":[29,31,31,31],"current_hp_per_floor":[54,39,39,39,39,39,39,39,39,7,29,29,29,29,51,6,75,75,75,75,52,50,50,19,17,17,19,34,34,35,45,45,0],"gold":8,"neow_bonus":"ONE_RARE_RELIC","is_prod":false,"is_daily":false,"chose_seed":false,"campfire_upgraded":3,"win_rate":0,"timestamp":1545341092,"path_taken":["M","?","?","?","M","R","M","R","T","E","R","M","?","M","R","BOSS","M","M","?","?","M","R","M","M","T","E","R","$","M","$","R","BOSS"],"build_version":"2018-12-13","purchased_purges":2,"victory":false,"max_hp_per_floor":[75,75,75,75,75,75,75,75,75,75,75,75,75,75,75,75,75,75,75,75,52,52,52,52,52,52,52,52,52,52,52,52,52],"card_choices":[{"not_picked":["Streamline","Double Energy"],"picked":"Tempest","floor":1},{"not_picked":["Force Field","Conserve Battery","Melter"],"picked":"SKIP","floor":5},{"not_picked":["Hologram","Sweeping Beam"],"picked":"Lockon","floor":7},{"not_picked":["Cold Snap","Sweeping Beam"],"picked":"Lockon","floor":10},{"not_picked":["Beam Cell","Coolheaded","Rebound"],"picked":"SKIP","floor":12},{"not_picked":["Sweeping Beam","Steam"],"picked":"Lockon","floor":13},{"not_picked":["Double Energy","Turbo"],"picked":"Ball Lightning","floor":14},{"not_picked":["Seek","Amplify"],"picked":"Electrodynamics","floor":16},{"not_picked":["Skim","Sunder"],"picked":"Ball Lightning","floor":18},{"not_picked":["Reinforced Body+1","Melter"],"picked":"Self Repair","floor":19},{"not_picked":["Go for the Eyes","Reinforced Body","Glacier"],"picked":"SKIP","floor":22},{"not_picked":["Redo","Go for the Eyes+1","Skim"],"picked":"SKIP","floor":24},{"not_picked":["FTL+1","Steam Power","Gash"],"picked":"SKIP","floor":25},{"not_picked":["Conserve Battery+1","Genetic Algorithm"],"picked":"Self Repair","floor":27},{"not_picked":["Redo","Compile Driver+1","Leap"],"picked":"SKIP","floor":30}],"player_experience":296264,"relics_obtained":[{"floor":10,"key":"MawBank"},{"floor":26,"key":"Centennial Puzzle"},{"floor":27,"key":"Whetstone"}],"event_choices":[{"damage_healed":0,"gold_gain":0,"player_choice":"Entered Light","damage_taken":15,"max_hp_gain":0,"max_hp_loss":0,"event_name":"Shining Light","floor":2,"gold_loss":0,"cards_upgraded":["Strike_B","Defend_B"]},{"damage_healed":0,"gold_gain":0,"player_choice":"Grow","damage_taken":0,"max_hp_gain":0,"max_hp_loss":0,"event_name":"Living Wall","floor":3,"gold_loss":0,"cards_upgraded":["Tempest"]},{"damage_healed":0,"gold_gain":0,"player_choice":"Upgraded","damage_taken":0,"max_hp_gain":0,"max_hp_loss":0,"event_name":"Upgrade Shrine","floor":4,"gold_loss":0,"cards_upgraded":["Dualcast"]},{"damage_healed":0,"gold_gain":0,"player_choice":"Opened","damage_taken":0,"relics_obtained":["Calipers"],"max_hp_gain":0,"max_hp_loss":0,"event_name":"The Mausoleum","floor":20,"gold_loss":0},{"damage_healed":0,"gold_gain":0,"player_choice":"Became a vampire","damage_taken":0,"max_hp_gain":0,"max_hp_loss":23,"event_name":"Vampires","floor":21,"gold_loss":0,"cards_obtained":["Bite","Bite","Bite","Bite","Bite"]}],"is_beta":false,"boss_relics":[{"not_picked":["Lizard Tail","Eternal Feather"],"picked":"Runic Dome"}],"items_purged_floors":[29,31],"is_endless":false,"potions_floor_spawned":[7,12,14,22,30],"killed_by":"Automaton","ascension_level":3}