{"gold_per_floor":[361,361,361,374,374,374,288,288,288,288,300,6,22,38,38,38],"floor_reached":16,"playtime":432,"items_purged":["Strike_R","Strike_R"],"score":158,"play_id":"9b823e07-dedd-4fdb-9e2f-8d64d7d1870f","local_time":"20190124154600","is_ascension_mode":true,"campfire_choices":[{"data":"Warcry","floor":6,"key":"SMITH"},{"data":"Bash","floor":10,"key":"SMITH"},{"floor":15,"key":"REST"}],"neow_cost":"PERCENT_DAMAGE","seed_source_timestamp":573789474878744,"circlet_count":0,"master_deck":["AscendersBane","Strike_R","Strike_R","Defend_R","Defend_R","Defend_R","Defend_R","Bash+1","Warcry+1","Whirlwind","Ghostly Armor"],"relics":["Burning Blood","Smiling Mask","Shovel","Paper Frog"],"potions_floor_usage":[],"damage_taken":[{"damage":2,"enemies":"2 Louse","floor":1,"turns":3},{"damage":25,"enemies":"Jaw Worm","floor":4,"turns":8},{"damage":16,"enemies":"Cultist","floor":11,"turns":4},{"damage":9,"enemies":"2 Fungi Beasts","floor":13,"turns":4},{"damage":29,"enemies":"Large Slime","floor":14,"turns":7},{"damage":49,"enemies":"Slime Boss","floor":16,"turns":8}],"seed_played":"1001764047040707745","potions_obtained":[{"floor":4,"key":"EssenceOfSteel"}],"is_trial":false,"path_per_floor":["M","?","?","M","?","R","$","?","T","R","M","$","M","M","R","B"],"character_chosen":"IRONCLAD","items_purchased":["Whirlwind","Paper Frog"],"campfire_rested":1,"item_purchase_floors":[7,12],"current_hp_per_floor":[54,43,43,24,49,49,49,54,54,54,44,44,41,18,40,0],"gold":38,"neow_bonus":"TWO_FIFTY_GOLD","is_prod":false,"is_daily":false,"chose_seed":false,"campfire_upgraded":2,"win_rate":0,"timestamp":1548362760,"path_taken":["M","?","?","?","?","R","$","?","T","R","M","$","M","M","R","BOSS"],"build_version":"2019-01-23","purchased_purges":2,"victory":false,"max_hp_per_floor":[75,75,75,75,75,75,75,75,75,75,75,75,75,75,75,75],"card_choices":[{"not_picked":["Sword Boomerang","Iron Wave"],"picked":"Warcry","floor":1},{"not_picked":["True Grit","Impervious"],"picked":"Warcry","floor":4},{"not_picked":["Infernal Blade","Blood for Blood","Shockwave"],"picked":"SKIP","floor":11},{"not_picked":["Clash","Reckless Charge","Armaments"],"picked":"SKIP","floor":13},{"not_picked":["Perfected Strike","Cleave"],"picked":"Ghostly Armor","floor":14}],"player_experience":420642,"relics_obtained":[{"floor":9,"key":"Shovel"}],"event_choices":[{"damage_healed":0,"gold_gain":0,"player_choice":"Success","damage_taken":11,"relics_obtained":["Smiling Mask"],"max_hp_gain":0,"max_hp_loss":0,"event_name":"Scrap Ooze","floor":2,"gold_loss":0},{"cards_removed":["Strike_R"],"damage_healed":0,"gold_gain":0,"player_choice":"Purged","damage_taken":0,"max_hp_gain":0,"max_hp_loss":0,"event_name":"Purifier","floor":3,"gold_loss":0},{"damage_healed":25,"gold_gain":0,"player_choice":"Banana","damage_taken":0,"max_hp_gain":0,"max_hp_loss":0,"event_name":"Big Fish","floor":5,"gold_loss":0},{"cards_removed":["Warcry"],"damage_healed":5,"gold_gain":0,"player_choice":"Offered Common","damage_taken":0,"max_hp_gain":0,"max_hp_loss":0,"event_name":"Bonfire Elementals","floor":8,"gold_loss":0},{"cards_removed":["Warcry"],"damage_healed":5,"gold_gain":0,"player_choice":"Offered Special","damage_taken":0,"max_hp_gain":0,"max_hp_loss":0,"event_name":"Bonfire Elementals","floor":8,"gold_loss":0}],"is_beta":false,"boss_relics":[],"items_purged_floors":[7,12],"is_endless":false,"potions_floor_spawned":[4],"killed_by":"Slime Boss","ascension_level":15}