{"gold_per_floor":[18,168,168,49,68,68,100,100,100,115,140,155,155,186,186,258,258,270,290,290,14,34,64,64,89,113,127,158,158,158,173,173,249,249,263,263,8,0,18,18,53,53,80,80,99,99,132,132],"floor_reached":48,"playtime":2783,"items_purged":["Doubt","Strike_R"],"score":1353,"play_id":"a5b1f18e-7d4c-4471-83c6-3b3a0ba9127a","local_time":"20190201161428","is_ascension_mode":true,"campfire_choices":[{"data":"Wild Strike","floor":6,"key":"SMITH"},{"data":"Corruption","floor":8,"key":"SMITH"},{"data":"Headbutt","floor":13,"key":"SMITH"},{"data":"Immolate","floor":15,"key":"SMITH"},{"data":"Combust","floor":24,"key":"SMITH"},{"data":"Demon Form","floor":30,"key":"SMITH"},{"floor":32,"key":"REST"},{"data":"Dark Embrace","floor":40,"key":"SMITH"},{"floor":46,"key":"REST"}],"neow_cost":"NO_GOLD","seed_source_timestamp":1264407670994212,"circlet_count":0,"master_deck":["AscendersBane","Defend_R","Defend_R","Defend_R","Defend_R","Bash","Anger","Pommel Strike","Corruption+1","Wild Strike+1","Clash","Second Wind","Shrug It Off+1","Headbutt+1","Immolate+1","Demon Form+1","Havoc+1","Iron Wave","Shrug It Off+1","Panacea+1","Combust+1","Burning Pact+1","Shockwave+1","Battle Trance+1","True Grit+1","Armaments+1","Shrug It Off+1","Dark Embrace+1","Flex+1","Clash","Berserk","Thinking Ahead+1","Rage+1","Warcry+1","Warcry+1"],"relics":["Burning Blood","Nunchaku","The Courier","Toxic Egg 2","PreservedInsect","Empty Cage","Anchor","Omamori","Centennial Puzzle","Red Skull","Eternal Feather","Bag of Preparation","Red Mask","Kunai","Potion Belt","Prayer Wheel","Ice Cream"],"potions_floor_usage":[7,11,19,19,23,23,25,28,41,45,48],"damage_taken":[{"damage":2,"enemies":"2 Louse","floor":1,"turns":4},{"damage":1,"enemies":"Cultist","floor":5,"turns":3},{"damage":21,"enemies":"Lagavulin","floor":7,"turns":5},{"damage":4,"enemies":"Jaw Worm","floor":10,"turns":3},{"damage":30,"enemies":"3 Sentries","floor":11,"turns":7},{"damage":6,"enemies":"2 Fungi Beasts","floor":12,"turns":4},{"damage":15,"enemies":"Lagavulin","floor":14,"turns":6},{"damage":0,"enemies":"Slime Boss","floor":16,"turns":6},{"damage":21,"enemies":"Shell Parasite","floor":18,"turns":2},{"damage":7,"enemies":"Chosen","floor":19,"turns":5},{"damage":2,"enemies":"3 Cultists","floor":22,"turns":3},{"damage":22,"enemies":"Book of Stabbing","floor":23,"turns":3},{"damage":28,"enemies":"Slavers","floor":25,"turns":4},{"damage":2,"enemies":"Chosen and Byrds","floor":27,"turns":4},{"damage":12,"enemies":"Book of Stabbing","floor":28,"turns":3},{"damage":7,"enemies":"Sentry and Sphere","floor":31,"turns":5},{"damage":30,"enemies":"Champ","floor":33,"turns":10},{"damage":36,"enemies":"3 Darklings","floor":35,"turns":5},{"damage":11,"enemies":"3 Shapes","floor":39,"turns":5},{"damage":19,"enemies":"Giant Head","floor":41,"turns":4},{"damage":18,"enemies":"Writhing Mass","floor":45,"turns":6},{"damage":1,"enemies":"Nemesis","floor":47,"turns":3},{"damage":75,"enemies":"Transient","floor":48,"turns":6}],"seed_played":"-1883160423431336159","potions_obtained":[{"floor":5,"key":"PowerPotion"},{"floor":7,"key":"SteroidPotion"},{"floor":11,"key":"Swift Potion"},{"floor":16,"key":"SpeedPotion"},{"floor":19,"key":"Poison Potion"},{"floor":22,"key":"Poison Potion"},{"floor":23,"key":"Weak Potion"},{"floor":27,"key":"Dexterity Potion"},{"floor":41,"key":"PowerPotion"}],"is_trial":false,"path_per_floor":["M","?","?","$","M","R","E","R","T","M","E","M","R","E","R","B",null,"M","M","?","$","M","E","R","E","T","M","E","?","R","M","R","B",null,"M","?","$","?","M","R","E","?","T","T","M","R","E","M"],"character_chosen":"IRONCLAD","items_purchased":["Corruption","Shrug It Off+1","Panacea+1","Combust","Swift Potion","Bag of Preparation","SkillPotion","Flex+1"],"campfire_rested":2,"item_purchase_floors":[4,21,21,21,37,37,37,37],"current_hp_per_floor":[72,72,72,72,75,75,60,60,60,62,38,38,38,29,29,35,65,50,49,64,64,68,52,52,30,30,34,28,28,28,27,49,25,63,33,48,48,48,43,61,48,48,48,48,36,75,75,0],"gold":132,"neow_bonus":"REMOVE_TWO","is_prod":false,"is_daily":false,"chose_seed":false,"campfire_upgraded":7,"win_rate":0,"timestamp":1549055668,"path_taken":["M","?","?","$","M","R","E","R","T","M","E","?","R","E","R","BOSS","M","M","?","$","M","E","R","E","T","M","E","?","R","M","R","BOSS","M","?","$","?","M","R","E","?","T","?","M","R","E","M"],"build_version":"2019-01-23","purchased_purges":2,"victory":false,"max_hp_per_floor":[75,75,75,75,75,75,75,75,75,75,75,75,75,75,75,75,75,75,75,75,75,75,75,75,75,75,75,75,75,75,75,75,75,75,75,75,75,75,75,75,75,75,75,75,75,75,75,75],"card_choices":[{"not_picked":["Wild Strike","Twin Strike"],"picked":"Anger","floor":1},{"not_picked":["Heavy Blade","Armaments"],"picked":"Wild Strike","floor":5},{"not_picked":["Entrench","Metallicize"],"picked":"Clash","floor":7},{"not_picked":["Searing Blow","Combust"],"picked":"Second Wind","floor":10},{"not_picked":["Twin Strike","Iron Wave"],"picked":"Shrug It Off","floor":11},{"not_picked":["Thunderclap","Clash"],"picked":"Headbutt","floor":12},{"not_picked":["Anger","Twin Strike"],"picked":"Immolate","floor":14},{"not_picked":["Berserk","Double Tap+1"],"picked":"Demon Form","floor":16},{"not_picked":["Burning Pact+1","Iron Wave"],"picked":"Havoc+1","floor":18},{"not_picked":["Corruption","Fire Breathing"],"picked":"Iron Wave","floor":19},{"not_picked":["Searing Blow","Heavy Blade"],"picked":"Burning Pact+1","floor":22},{"not_picked":["Fiend Fire","Body Slam"],"picked":"Shockwave+1","floor":23},{"not_picked":["Cleave","Perfected Strike"],"picked":"Battle Trance+1","floor":25},{"not_picked":["Twin Strike","Sword Boomerang"],"picked":"True Grit+1","floor":27},{"not_picked":["Thunderclap","Twin Strike"],"picked":"Armaments+1","floor":28},{"not_picked":["Pommel Strike","Wild Strike"],"picked":"Shrug It Off+1","floor":31},{"not_picked":["Demon Form","Berserk"],"picked":"Dark Embrace","floor":33},{"not_picked":["Searing Blow+1","Twin Strike","Heavy Blade"],"picked":"SKIP","floor":35},{"not_picked":["Sword Boomerang","Dropkick"],"picked":"Clash","floor":39},{"not_picked":["Dropkick","Burning Pact+1"],"picked":"Berserk","floor":41},{"not_picked":["Purity+1","Swift Strike"],"picked":"Thinking Ahead+1","floor":42},{"not_picked":["Clash","Twin Strike"],"picked":"Rage+1","floor":45},{"not_picked":["Wild Strike","Sword Boomerang"],"picked":"Warcry+1","floor":45},{"not_picked":["Clash","Iron Wave"],"picked":"Warcry+1","floor":47}],"player_experience":626714,"relics_obtained":[{"floor":7,"key":"Nunchaku"},{"floor":9,"key":"The Courier"},{"floor":11,"key":"Toxic Egg 2"},{"floor":14,"key":"PreservedInsect"},{"floor":23,"key":"Anchor"},{"floor":25,"key":"Omamori"},{"floor":26,"key":"Centennial Puzzle"},{"floor":28,"key":"Red Skull"},{"floor":41,"key":"Kunai"},{"floor":43,"key":"Potion Belt"},{"floor":44,"key":"Prayer Wheel"},{"floor":47,"key":"Ice Cream"}],"event_choices":[{"damage_healed":0,"gold_gain":150,"player_choice":"AGREE","damage_taken":0,"max_hp_gain":0,"max_hp_loss":0,"event_name":"Liars Game","floor":2,"gold_loss":0,"cards_obtained":["Doubt"]},{"damage_healed":0,"gold_gain":0,"player_choice":"1 cards matched","damage_taken":0,"max_hp_gain":0,"max_hp_loss":0,"event_name":"Match and Keep!","floor":3,"gold_loss":0,"cards_obtained":["Pommel Strike"]},{"damage_healed":15,"gold_gain":0,"player_choice":"Heal","damage_taken":0,"max_hp_gain":0,"max_hp_loss":0,"event_name":"The Library","floor":20,"gold_loss":0},{"damage_healed":0,"gold_gain":0,"player_choice":"Ignored","damage_taken":0,"max_hp_gain":0,"max_hp_loss":0,"event_name":"Vampires","floor":29,"gold_loss":0},{"damage_healed":15,"gold_gain":0,"player_choice":"Writhe","damage_taken":0,"max_hp_gain":0,"max_hp_loss":0,"event_name":"Winding Halls","floor":36,"gold_loss":0,"cards_obtained":["Writhe"]},{"damage_healed":0,"gold_gain":0,"player_choice":"Paid","damage_taken":0,"relics_obtained":["Red Mask"],"max_hp_gain":0,"max_hp_loss":0,"event_name":"Tomb of Lord Red Mask","floor":38,"gold_loss":8},{"damage_healed":0,"gold_gain":0,"player_choice":"Memory 1","damage_taken":0,"max_hp_gain":0,"max_hp_loss":0,"event_name":"SensoryStone","floor":42,"gold_loss":0}],"is_beta":false,"boss_relics":[{"not_picked":["Velvet Choker","Calling Bell"],"picked":"Empty Cage"},{"not_picked":["Snecko Eye","Pandora\u0027s Box"],"picked":"Eternal Feather"}],"items_purged_floors":[4,21],"is_endless":false,"potions_floor_spawned":[5,7,11,16,19,22,23,27,39,41],"killed_by":"Transient","ascension_level":20}