{"gold_per_floor":[110,125,145,158,233,233,244,244,244,169,169,169,186,204,204,306,306,325,325,344,344],"floor_reached":21,"playtime":584,"items_purged":["Strike_R"],"score":216,"play_id":"c6c86848-9265-4b0e-a8e1-1efb3274aee6","local_time":"20190112165849","is_ascension_mode":true,"campfire_choices":[{"data":"Whirlwind","floor":6.0,"key":"SMITH"},{"data":"Spot Weakness","floor":8.0,"key":"SMITH"},{"data":"Cleave","floor":11,"key":"SMITH"},{"data":"Metallicize","floor":15,"key":"SMITH"}],"neow_cost":"NONE","seed_source_timestamp":30184321101435,"circlet_count":0,"master_deck":["Strike_R","Strike_R","Strike_R","Defend_R","Defend_R","Defend_R","Defend_R","Bash","Cleave+1","Whirlwind+1","Spot Weakness+1","Metallicize+1","Burning Pact","Barricade","True Grit+1"],"special_seed":0,"relics":["Burning Blood"],"potions_floor_usage":[16],"damage_taken":[{"damage":5.0,"enemies":"2 Louse","floor":1.0,"turns":4.0},{"damage":0.0,"enemies":"Small Slimes","floor":2.0,"turns":3.0},{"damage":6.0,"enemies":"Cultist","floor":3.0,"turns":3.0},{"damage":10.0,"enemies":"Exordium Wildlife","floor":4.0,"turns":3.0},{"damage":12.0,"enemies":"Red Slaver","floor":7.0,"turns":4.0},{"damage":0,"enemies":"Large Slime","floor":13,"turns":4},{"damage":8,"enemies":"Blue Slaver","floor":14,"turns":3},{"damage":48,"enemies":"Slime Boss","floor":16,"turns":10},{"damage":34,"enemies":"Chosen","floor":18,"turns":6},{"damage":43,"enemies":"Spheric Guardian","floor":20,"turns":7},{"damage":8,"enemies":"Snake Plant","floor":21,"turns":1}],"seed_played":"7629307289874041596","potions_obtained":[{"floor":1.0,"key":"LiquidBronze"},{"floor":2.0,"key":"Energy Potion"},{"floor":14,"key":"Ancient Potion"},{"floor":20,"key":"Weak Potion"}],"is_trial":false,"path_per_floor":["M","M","M","M","?","R","M","R","T","$","R","?","M","M","R","B",null,"M","?","M","M"],"character_chosen":"IRONCLAD","items_purchased":[],"campfire_rested":0,"item_purchase_floors":[],"current_hp_per_floor":[88,88,88,84,73,73,67,67,67,67,67,60,66,64,64,22,72,44,44,7,0],"gold":344,"neow_bonus":"TEN_PERCENT_HP_BONUS","is_prod":false,"is_daily":false,"chose_seed":false,"campfire_upgraded":4,"win_rate":0,"timestamp":1547279929,"path_taken":["M","M","M","M","?","R","M","R","T","$","R","?","M","M","R","BOSS","M","?","M","M"],"build_version":"2019-01-10","purchased_purges":1,"victory":false,"max_hp_per_floor":[88,88,88,88,88,88,88,88,88,88,88,88,88,88,88,88,88,88,88,88,88],"card_choices":[{"not_picked":["Hemokinesis","Iron Wave","Combust"],"picked":"SKIP","floor":1.0},{"not_picked":["Pommel Strike","Blood for Blood","Iron Wave"],"picked":"SKIP","floor":2.0},{"not_picked":["Shrug It Off","Second Wind"],"picked":"Cleave","floor":3.0},{"not_picked":["Anger","Intimidate"],"picked":"Whirlwind","floor":4.0},{"not_picked":["Second Wind","Uppercut"],"picked":"Spot Weakness","floor":7.0},{"not_picked":["Dropkick","Blood for Blood"],"picked":"Metallicize","floor":13},{"not_picked":["Twin Strike","Seeing Red"],"picked":"Burning Pact","floor":14},{"not_picked":["Double Tap","Berserk"],"picked":"Barricade","floor":16},{"not_picked":["Wild Strike","Sword Boomerang","Clothesline+1"],"picked":"SKIP","floor":18},{"not_picked":["Hemokinesis","Perfected Strike"],"picked":"True Grit+1","floor":20}],"player_experience":218369,"relics_obtained":[],"event_choices":[{"damage_healed":0.0,"max_hp_gain":0.0,"max_hp_loss":0.0,"gold_gain":75.0,"event_name":"World of Goop","player_choice":"Gather Gold","floor":5.0,"gold_loss":0.0,"damage_taken":11.0},{"cards_removed":["Strike_R"],"damage_healed":0,"gold_gain":0,"player_choice":"Card Removal","damage_taken":7,"max_hp_gain":0,"max_hp_loss":0,"event_name":"Golden Wing","floor":12,"gold_loss":0}],"is_beta":false,"boss_relics":[{"not_picked":["Ectoplasm","Cursed Key","Black Blood"]}],"items_purged_floors":[10],"is_endless":false,"potions_floor_spawned":[1,2,14,20],"killed_by":"Snake Plant","ascension_level":5}