{"path_per_floor":["M","?","M","$","M","R","M","R","T","$","R","?","M","T","R","B",null,"M","M","?","?","?","E","R","M","T","M","M","E","$","?","R","B",null,"M","?","?","$","?","R","E","R","T","?","R","$","?","T","R","B"],"character_chosen":"IRONCLAD","items_purchased":["Molten Egg 2","Hemokinesis+1","Ornamental Fan","Pommel Strike+1","Shrug It Off+1"],"gold_per_floor":[215,290,301,54,71,71,83,83,163,90,90,40,54,54,54,157,157,172,187,187,187,187,213,213,223,223,236,254,289,6,6,6,106,106,121,0,0,0,0,0,30,30,56,56,56,6,52,52,52,52],"floor_reached":51,"campfire_rested":5,"playtime":2045,"item_purchase_floors":[],"current_hp_per_floor":[80,69,75,75,68,68,63,68,68,68,68,68,57,57,57,8,85,84,83,83,83,83,78,78,82,82,79,81,68,68,90,90,87,90,93,93,93,93,81,94,64,93,93,93,98,98,90,90,98,46],"items_purged":[],"gold":52,"score":936,"play_id":"71dc0750-95f5-4b7a-826e-5f5f1dba92f3","local_time":"20180525092024","is_prod":false,"is_daily":false,"chose_seed":false,"is_ascension_mode":true,"campfire_upgraded":5,"win_rate":0,"timestamp":1527265224,"campfire_choices":[{"data":"Flame Barrier","floor":6.0,"key":"SMITH"},{"data":"Bash","floor":8.0,"key":"SMITH"},{"data":"Cleave","floor":11.0,"key":"SMITH"},{"data":"Defend_R","floor":15.0,"key":"SMITH"},{"data":"Fire Breathing","floor":24,"key":"SMITH"},{"floor":32,"key":"REST"},{"floor":40,"key":"REST"},{"floor":42,"key":"REST"},{"floor":45,"key":"REST"},{"floor":49,"key":"REST"}],"path_taken":["M","?","M","$","M","R","?","R","T","$","R","?","M","?","R","BOSS","M","M","?","?","?","E","R","M","T","?","M","E","$","?","R","BOSS","M","?","?","?","?","R","E","R","T","?","R","?","?","?","R","BOSS"],"build_version":"2018-05-24","seed_source_timestamp":0,"purchased_purges":0,"victory":true,"master_deck":["Bash+1","Flame Barrier+1","Cleave+1","Heavy Blade+1","Hemokinesis+1","Whirlwind+1","Offering+1","Flex+1","Shockwave+1","Fire Breathing+1","Flex+1","Havoc+1","Shrug It Off+1","Bloodletting+1","Iron Wave+1","Seeing Red+1","Headbutt+1","Immolate+1","Dramatic Entrance+1","Limit Break+1","Feed+1","Pommel Strike+1","Body Slam+1","Trip+1","Madness+1","Madness+1","Intimidate+1","Heavy Blade+1","Shrug It Off+1"],"max_hp_per_floor":[80,80,80,80,80,80,80,85,85,85,85,85,85,85,85,85,85,85,85,85,85,85,85,85,85,85,85,85,90,90,90,90,90,90,94,94,94,94,94,94,98,98,98,98,98,98,98,98,98,102],"relics":["Burning Blood","Molten Egg 2","Toxic Egg 2","Pandora\u0027s Box","Vajra","Nloth\u0027s Gift","Potion Belt","Ancient Tea Set","Lantern","Ornamental Fan","Runic Dome","Red Mask","Dream Catcher","Juzu Bracelet","Bird Faced Urn","Smiling Mask"],"card_choices":[{"not_picked":["Armaments","Clothesline"],"picked":"Flame Barrier","floor":1.0},{"not_picked":["Uppercut","Clash"],"picked":"Cleave","floor":3.0},{"not_picked":["Iron Wave+1","Cleave+1"],"picked":"Heavy Blade+1","floor":5.0},{"not_picked":["Havoc","Warcry","Rupture"],"picked":"SKIP","floor":7.0},{"not_picked":["Perfected Strike+1","Sword Boomerang+1"],"picked":"Whirlwind+1","floor":13.0},{"not_picked":["Demon Form","Juggernaut"],"picked":"Offering+1","floor":16},{"not_picked":["Cleave+1","Clash+1"],"picked":"Seeing Red+1","floor":18},{"not_picked":["Pommel Strike+1","True Grit+1"],"picked":"Headbutt+1","floor":19},{"not_picked":["Sword Boomerang+1","Wild Strike+1","Perfected Strike+1"],"picked":"SKIP","floor":23},{"not_picked":["Inflame","Fiend Fire+1"],"picked":"Limit Break+1","floor":25},{"not_picked":["Whirlwind+1","Flex+1","Anger+1"],"picked":"SKIP","floor":27},{"not_picked":["Metallicize","Shrug It Off+1"],"picked":"Feed+1","floor":28},{"not_picked":["Clash+1","Sentinel+1","Dark Embrace"],"picked":"SKIP","floor":29},{"not_picked":["Feed+1","Twin Strike+1"],"picked":"Body Slam+1","floor":35},{"not_picked":["Madness","Deep Breath"],"picked":"Trip","floor":37},{"not_picked":["Twin Strike+1","Metallicize"],"picked":"Intimidate+1","floor":41},{"not_picked":["Cleave+1","Clash+1"],"picked":"Heavy Blade+1","floor":45}],"player_experience":178687,"potions_floor_usage":[16,29,29,50,50,50,50],"damage_taken":[{"damage":0.0,"enemies":"2 Louse","floor":1.0,"turns":2.0},{"damage":0.0,"enemies":"Small Slimes","floor":3.0,"turns":4.0},{"damage":13.0,"enemies":"Jaw Worm","floor":5.0,"turns":4.0},{"damage":11.0,"enemies":"Lots of Slimes","floor":7.0,"turns":3.0},{"damage":17.0,"enemies":"Exordium Wildlife","floor":13.0,"turns":5.0},{"damage":55,"enemies":"Hexaghost","floor":16,"turns":11},{"damage":7,"enemies":"3 Byrds","floor":18,"turns":2},{"damage":7,"enemies":"Chosen","floor":19,"turns":2},{"damage":11,"enemies":"Book of Stabbing","floor":23,"turns":3},{"damage":2,"enemies":"Centurion and Healer","floor":25,"turns":3},{"damage":9,"enemies":"Snecko","floor":27,"turns":3},{"damage":4,"enemies":"Snake Plant","floor":28,"turns":2},{"damage":24,"enemies":"Slavers","floor":29,"turns":2},{"damage":9,"enemies":"Collector","floor":33,"turns":4},{"damage":7,"enemies":"Orb Walker","floor":35,"turns":3},{"damage":40,"enemies":"2 Orb Walkers","floor":41,"turns":4},{"damage":14,"enemies":"Mysterious Sphere","floor":47,"turns":1},{"damage":74,"enemies":"Awakened One","floor":50,"turns":8}],"relics_obtained":[{"floor":9.0,"key":"Toxic Egg 2"},{"floor":14.0,"key":"Toolbox"},{"floor":23,"key":"Potion Belt"},{"floor":26,"key":"Ancient Tea Set"},{"floor":29,"key":"Lantern"},{"floor":41,"key":"Dream Catcher"},{"floor":43,"key":"Juzu Bracelet"},{"floor":47,"key":"Bird Faced Urn"},{"floor":48,"key":"Smiling Mask"}],"event_choices":[{"event_name":"World of Goop","player_choice":"Gather Gold","floor":2.0,"damage_taken":0.0},{"event_name":"The Cleric","player_choice":"Card Removal","floor":12.0,"damage_taken":0.0},{"event_name":"The Mausoleum","player_choice":"Yes","floor":20,"damage_taken":0},{"event_name":"Match and Keep!","player_choice":"2 cards matched","floor":21,"damage_taken":0},{"event_name":"N\u0027loth","player_choice":"Traded a Toolbox","floor":22,"damage_taken":0},{"event_name":"Wheel of Change","player_choice":"Full Heal","floor":31,"damage_taken":0},{"event_name":"Tomb of Lord Red Mask","player_choice":"Paid","floor":36,"damage_taken":0},{"event_name":"SensoryStone","player_choice":"Memory 1","floor":37,"damage_taken":0},{"event_name":"Winding Halls","player_choice":"Embrace Madness","floor":39,"damage_taken":0},{"event_name":"The Lab","player_choice":"Got Potions","floor":44,"damage_taken":0},{"event_name":"Mysterious Sphere","player_choice":"Fight","floor":47,"damage_taken":0}],"boss_relics":[{"not_picked":["Runic Cube","Orrery"],"picked":"Pandora\u0027s Box"},{"not_picked":["Runic Pyramid","Lizard Tail"],"picked":"Runic Dome"}],"items_purged_floors":[],"potions_floor_spawned":[1,7,23,25,28,33,35,47],"seed_played":"-2687124594728255394","ascension_level":4,"potions_obtained":[{"floor":1.0,"key":"Weak Potion"},{"floor":7.0,"key":"Fruit Juice"},{"floor":23,"key":"Fruit Juice"},{"floor":25,"key":"Fire Potion"},{"floor":28,"key":"Weak Potion"},{"floor":33,"key":"Ancient Potion"},{"floor":35,"key":"BloodPotion"},{"floor":44,"key":"GamblersBrew"},{"floor":44,"key":"SpeedPotion"},{"floor":44,"key":"EssenceOfSteel"}],"is_trial":false}