{"gold_per_floor":[110,110,122,139,158,158,183,201,201,230,230,243,259,279,279,383,383,398,398,66,85,98,98],"floor_reached":23,"playtime":1110,"items_purged":["Bite"],"score":336,"play_id":"cc0377cf-e991-4ce8-a470-80a032ab0e26","local_time":"20190126204226","is_ascension_mode":true,"campfire_choices":[{"data":"Sunder","floor":6,"key":"SMITH"},{"floor":11,"key":"REST"},{"data":"Chill","floor":15,"key":"SMITH"}],"neow_cost":"NONE","seed_source_timestamp":763712628907378,"circlet_count":0,"master_deck":["AscendersBane","Defend_B","Defend_B","Defend_B","Defend_B","Zap","Dualcast","Streamline","Ball Lightning","Sunder+1","Leap","Stack","Streamline","Echo Form","Cold Snap","Coolheaded","Chill+1","Melter","Reboot","Capacitor","Bite","Bite","Bite","Bite","Self Repair","Aggregate+1"],"relics":["Cracked Core","NeowsBlessing","Bag of Preparation","Pantograph","Question Card","Philosopher\u0027s Stone","Toxic Egg 2"],"potions_floor_usage":[7,10,16,23],"damage_taken":[{"damage":0,"enemies":"Jaw Worm","floor":1,"turns":1},{"damage":0,"enemies":"Cultist","floor":3,"turns":1},{"damage":0,"enemies":"2 Louse","floor":4,"turns":1},{"damage":24,"enemies":"Exordium Wildlife","floor":5,"turns":6},{"damage":25,"enemies":"Gremlin Nob","floor":7,"turns":4},{"damage":1,"enemies":"Looter","floor":8,"turns":4},{"damage":3,"enemies":"Lagavulin","floor":10,"turns":6},{"damage":11,"enemies":"Lots of Slimes","floor":12,"turns":3},{"damage":0,"enemies":"2 Fungi Beasts","floor":13,"turns":2},{"damage":0,"enemies":"Blue Slaver","floor":14,"turns":2},{"damage":15,"enemies":"Hexaghost","floor":16,"turns":8},{"damage":13,"enemies":"Shell Parasite","floor":18,"turns":4},{"damage":0,"enemies":"Spheric Guardian","floor":21,"turns":1},{"damage":19,"enemies":"Snecko","floor":22,"turns":6},{"damage":55,"enemies":"Book of Stabbing","floor":23,"turns":5}],"seed_played":"264885124786888892","potions_obtained":[{"floor":4,"key":"Ancient Potion"},{"floor":5,"key":"Strength Potion"},{"floor":7,"key":"FearPotion"},{"floor":8,"key":"Block Potion"},{"floor":14,"key":"Weak Potion"},{"floor":21,"key":"LiquidBronze"}],"is_trial":false,"path_per_floor":["M","?","M","M","M","R","E","M","T","E","R","M","M","M","R","B",null,"M","?","$","M","M","E"],"character_chosen":"DEFECT","items_purchased":["Toxic Egg 2"],"campfire_rested":1,"item_purchase_floors":[20],"current_hp_per_floor":[68,68,68,68,44,44,19,18,18,15,37,26,26,26,26,36,65,52,52,52,52,51,0],"gold":98,"neow_bonus":"THREE_ENEMY_KILL","is_prod":false,"is_daily":false,"chose_seed":false,"campfire_upgraded":2,"win_rate":0,"timestamp":1548553346,"path_taken":["M","?","M","M","M","R","E","?","T","E","R","M","M","M","R","BOSS","M","?","$","M","M","E"],"build_version":"2019-01-23","purchased_purges":1,"victory":false,"max_hp_per_floor":[75,75,75,75,75,75,75,75,75,75,75,75,75,75,75,75,75,75,52,52,52,52,52],"card_choices":[{"not_picked":["BootSequence","Force Field"],"picked":"Streamline","floor":1},{"not_picked":["Leap","Hologram"],"picked":"Sunder","floor":3},{"not_picked":["Ball Lightning","Hologram"],"picked":"Leap","floor":4},{"not_picked":["Ball Lightning","Beam Cell"],"picked":"Stack","floor":5},{"not_picked":["Tempest","Redo"],"picked":"Streamline","floor":7},{"not_picked":["Heatsinks","Defragment"],"picked":"Echo Form","floor":8},{"not_picked":["Static Discharge","Beam Cell"],"picked":"Cold Snap","floor":10},{"not_picked":["Redo","Barrage","Stack"],"picked":"Coolheaded","floor":12},{"not_picked":["Compile Driver","Turbo","Reinforced Body"],"picked":"Chill","floor":13},{"not_picked":["Compile Driver","Hologram","Doom and Gloom"],"picked":"Melter","floor":14},{"not_picked":["Biased Cognition","Machine Learning","Echo Form"],"picked":"Reboot","floor":16},{"not_picked":["Rebound","Leap","Coolheaded"],"picked":"Capacitor","floor":18},{"not_picked":["Melter","Gash","Aggregate+1"],"picked":"Self Repair","floor":21},{"not_picked":["Fusion+1","Coolheaded+1","Beam Cell+1"],"picked":"Aggregate+1","floor":22}],"player_experience":486683,"relics_obtained":[{"floor":7,"key":"Bag of Preparation"},{"floor":9,"key":"Pantograph"},{"floor":10,"key":"Question Card"}],"event_choices":[{"damage_healed":0,"gold_gain":0,"cards_transformed":["Strike_B"],"player_choice":"Transformed","damage_taken":0,"max_hp_gain":0,"max_hp_loss":0,"event_name":"Transmorgrifier","floor":2,"gold_loss":0,"cards_obtained":["Ball Lightning"]},{"damage_healed":0,"gold_gain":0,"player_choice":"Became a vampire","damage_taken":0,"max_hp_gain":0,"max_hp_loss":23,"event_name":"Vampires","floor":19,"gold_loss":0,"cards_obtained":["Bite","Bite","Bite","Bite","Bite"]}],"is_beta":false,"boss_relics":[{"not_picked":["Busted Crown","Nuclear Battery"],"picked":"Philosopher\u0027s Stone"}],"items_purged_floors":[20],"is_endless":false,"potions_floor_spawned":[4,5,7,8,14,21,22],"killed_by":"Book of Stabbing","ascension_level":10}