{"gold_per_floor":[111,111,128,140,152,152,172,172,172,172,189,189,189,207,207,284,284,295,295,88,101,114,114,114,126,149,149,199,199,227,10,10,84,84,100,100,116,127,142,142,168,168,168,168,168,168,168],"floor_reached":47,"playtime":2137,"items_purged":["Pain"],"score":860,"play_id":"a0fa7c75-cab4-40db-afea-9f22bfa780d4","local_time":"20190303090446","is_ascension_mode":true,"campfire_choices":[{"data":"Zap","floor":6.0,"key":"SMITH"},{"floor":8.0,"key":"REST"},{"data":"Dualcast","floor":10.0,"key":"SMITH"},{"floor":13.0,"key":"REST"},{"floor":15.0,"key":"REST"},{"data":"Apotheosis","floor":23.0,"key":"SMITH"},{"floor":27.0,"key":"REST"},{"data":"Chill","floor":29.0,"key":"SMITH"},{"floor":32.0,"key":"REST"},{"floor":40.0,"key":"REST"},{"floor":42,"key":"REST"},{"data":"Seek","floor":44,"key":"SMITH"}],"neow_cost":"NONE","seed_source_timestamp":0,"circlet_count":0,"master_deck":["AscendersBane","Strike_B+1","Strike_B","Strike_B","Defend_B","Defend_B","Defend_B","Defend_B","Zap+1","Dualcast+1","Conserve Battery+1","Cold Snap","Self Repair","Chill+1","Electrodynamics","Core Surge","Apotheosis+1","Defragment","Loop","Seek+1","Capacitor","Seek","Madness","Madness"],"special_seed":0,"relics":["Cracked Core","Orichalcum","WarpedTongs","The Courier","Black Star","FaceOfCleric","Omamori","Question Card","Bag of Marbles","DataDisk","Runic Pyramid","Dream Catcher","Potion Belt","Pocketwatch"],"potions_floor_usage":[],"damage_taken":[{"damage":6.0,"enemies":"Jaw Worm","floor":1.0,"turns":3.0},{"damage":2.0,"enemies":"Cultist","floor":3.0,"turns":3.0},{"damage":0.0,"enemies":"2 Louse","floor":4.0,"turns":3.0},{"damage":8.0,"enemies":"Exordium Wildlife","floor":5.0,"turns":7.0},{"damage":27.0,"enemies":"Exordium Thugs","floor":7.0,"turns":4.0},{"damage":4.0,"enemies":"Looter","floor":11.0,"turns":3.0},{"damage":7.0,"enemies":"Red Slaver","floor":14.0,"turns":4.0},{"damage":44.0,"enemies":"Hexaghost","floor":16.0,"turns":13.0},{"damage":18.0,"enemies":"Spheric Guardian","floor":18.0,"turns":5.0},{"damage":16.0,"enemies":"2 Thieves","floor":21.0,"turns":5.0},{"damage":8.0,"enemies":"3 Cultists","floor":22.0,"turns":6.0},{"damage":13.0,"enemies":"Chosen and Byrds","floor":25.0,"turns":5.0},{"damage":50.0,"enemies":"Slavers","floor":30.0,"turns":4.0},{"damage":30.0,"enemies":"Collector","floor":33.0,"turns":12.0},{"damage":31.0,"enemies":"3 Darklings","floor":35.0,"turns":6.0},{"damage":16.0,"enemies":"3 Shapes","floor":37.0,"turns":5.0},{"damage":30.0,"enemies":"3 Darklings","floor":38.0,"turns":5.0},{"damage":13.0,"enemies":"Writhing Mass","floor":39.0,"turns":7.0},{"damage":28,"enemies":"Reptomancer","floor":41,"turns":9},{"damage":43,"enemies":"Spire Growth","floor":47,"turns":3}],"seed_played":"6894374700721209586","potions_obtained":[{"floor":3.0,"key":"FocusPotion"},{"floor":4.0,"key":"Weak Potion"},{"floor":22.0,"key":"Energy Potion"},{"floor":33.0,"key":"PowerPotion"},{"floor":35.0,"key":"SpeedPotion"},{"floor":37.0,"key":"SteroidPotion"}],"is_trial":false,"path_per_floor":["M","?","M","M","M","R","M","R","T","R","M","?","R","M","R","B",null,"M","?","$","M","M","R","$","M","T","R","?","R","E","$","R","B",null,"M","?","M","M","M","R","E","R","T","R","?","?","M"],"character_chosen":"DEFECT","items_purchased":["Apotheosis","Defragment","DataDisk","Loop"],"campfire_rested":7,"item_purchase_floors":[20,31,31,31],"current_hp_per_floor":[58,58,56,56,48,48,21,42,42,42,45,24,45,45,66,32,61,50,50,50,45,48,48,48,46,46,68,68,68,29,29,51,32,65,42,42,47,28,26,50,33,57,57,57,57,42,0],"gold":168,"neow_bonus":"RANDOM_COMMON_RELIC","is_prod":false,"is_daily":false,"chose_seed":false,"campfire_upgraded":5,"win_rate":0,"timestamp":1551632686,"path_taken":["M","?","M","M","?","R","M","R","T","R","M","?","R","M","R","BOSS","M","?","$","M","M","R","?","M","T","R","?","R","E","$","R","BOSS","M","?","M","M","M","R","E","R","T","R","?","?","?"],"build_version":"2019-01-23","purchased_purges":1,"victory":false,"max_hp_per_floor":[71,71,71,71,71,71,71,71,71,71,71,71,71,71,71,71,71,71,71,71,72,73,73,73,74,74,74,74,74,75,75,75,76,76,77,77,78,79,80,80,81,81,81,81,81,81,81],"card_choices":[{"not_picked":["Streamline","Beam Cell","Rip and Tear"],"picked":"SKIP","floor":1.0},{"not_picked":["Hologram","Steam","Blizzard"],"picked":"SKIP","floor":3.0},{"not_picked":["Coolheaded","Ball Lightning"],"picked":"Conserve Battery","floor":4.0},{"not_picked":["Sweeping Beam","Ball Lightning"],"picked":"Cold Snap","floor":5.0},{"not_picked":["Sweeping Beam","Leap"],"picked":"Self Repair","floor":7.0},{"not_picked":["Double Energy","Rebound"],"picked":"Chill","floor":11.0},{"not_picked":["Static Discharge","Conserve Battery"],"picked":"Electrodynamics","floor":14.0},{"not_picked":["Thunder Strike","Creative AI"],"picked":"Core Surge","floor":16.0},{"not_picked":["Turbo","Steam","Static Discharge"],"picked":"SKIP","floor":18.0},{"not_picked":["Cold Snap","Force Field","Barrage"],"picked":"SKIP","floor":21.0},{"not_picked":["Force Field+1","Hologram","Heatsinks"],"picked":"SKIP","floor":22.0},{"not_picked":["Turbo","Ball Lightning","Steam"],"picked":"SKIP","floor":25.0},{"not_picked":["Gash","Chaos","Steam"],"picked":"SKIP","floor":30.0},{"not_picked":["Amplify","Creative AI","All For One"],"picked":"Seek","floor":33.0},{"not_picked":["Blizzard","Stack","Beam Cell","Redo"],"picked":"SKIP","floor":35.0},{"not_picked":["Sweeping Beam","BootSequence","Storm"],"picked":"Capacitor","floor":37.0},{"not_picked":["Fusion","Cold Snap","Turbo","Lockon"],"picked":"SKIP","floor":38.0},{"not_picked":["Coolheaded","Redo","Skim","Melter"],"picked":"SKIP","floor":39.0},{"not_picked":["Lockon","Compile Driver+1","Scrape"],"picked":"Seek","floor":41}],"player_experience":591087,"relics_obtained":[{"floor":9.0,"key":"The Courier"},{"floor":26.0,"key":"Omamori"},{"floor":30.0,"key":"Question Card"},{"floor":30.0,"key":"Bag of Marbles"},{"floor":41,"key":"Dream Catcher"},{"floor":41,"key":"Potion Belt"},{"floor":43,"key":"Pocketwatch"}],"event_choices":[{"damage_healed":0.0,"max_hp_gain":0.0,"max_hp_loss":0.0,"gold_gain":0.0,"event_name":"Accursed Blacksmith","player_choice":"Rummage","floor":2.0,"gold_loss":0.0,"damage_taken":0.0,"relics_obtained":["WarpedTongs"],"cards_obtained":["Pain"]},{"damage_healed":0.0,"max_hp_gain":0.0,"max_hp_loss":0.0,"gold_gain":0.0,"event_name":"Shining Light","player_choice":"Entered Light","floor":12.0,"gold_loss":0.0,"damage_taken":21.0,"cards_upgraded":["Conserve Battery","Strike_B"]},{"damage_healed":0.0,"max_hp_gain":0.0,"max_hp_loss":0.0,"gold_gain":0.0,"event_name":"FaceTrader","player_choice":"Trade","floor":19.0,"gold_loss":0.0,"damage_taken":0.0,"relics_obtained":["FaceOfCleric"]},{"damage_healed":0.0,"max_hp_gain":0.0,"max_hp_loss":0.0,"gold_gain":100.0,"event_name":"The Joust","player_choice":"Bet on Murderer","floor":28.0,"gold_loss":50.0,"damage_taken":0.0},{"cards_removed":["Strike_B"],"damage_healed":0.0,"max_hp_gain":0.0,"max_hp_loss":0.0,"gold_gain":0.0,"event_name":"Falling","player_choice":"Removed Attack","floor":36.0,"gold_loss":0.0,"damage_taken":0.0},{"damage_healed":0,"gold_gain":0,"player_choice":"Ignored","damage_taken":0,"max_hp_gain":0,"max_hp_loss":0,"event_name":"Tomb of Lord Red Mask","floor":45,"gold_loss":0},{"damage_healed":0,"gold_gain":0,"player_choice":"Embrace Madness","damage_taken":15,"max_hp_gain":0,"max_hp_loss":0,"event_name":"Winding Halls","floor":46,"gold_loss":0,"cards_obtained":["Madness","Madness"]}],"is_beta":false,"boss_relics":[{"not_picked":["Pandora\u0027s Box","Orrery"],"picked":"Black Star"},{"not_picked":["Nuclear Battery","Calling Bell"],"picked":"Runic Pyramid"}],"items_purged_floors":[20],"is_endless":false,"potions_floor_spawned":[3,4,5,22,33,35,37],"killed_by":"Spire Growth","ascension_level":17}