{"gold_per_floor":[117,117,117,61,79,109,109,139,139,35,35,0,18,37,37,109,109,126,126,126,50,66,66,266,277,277,297,297,26,44,59,59,137,137,150,202,302,315,315,315,332,332,332,347,347,376,1,19,19,19],"floor_reached":51,"playtime":3097,"items_purged":["Strike_G"],"score":1263,"play_id":"2d274d75-8c9f-473e-b2a2-2c74896f8475","local_time":"20190301012853","is_ascension_mode":true,"campfire_choices":[{"floor":7.0,"key":"REST"},{"data":"Neutralize","floor":11.0,"key":"SMITH"},{"data":"Crippling Poison","floor":15.0,"key":"SMITH"},{"data":"Footwork","floor":23.0,"key":"SMITH"},{"data":"Cloak And Dagger","floor":28.0,"key":"SMITH"},{"floor":32.0,"key":"REST"},{"data":"Writhe","floor":40.0,"key":"PURGE"},{"data":"Burst","floor":42.0,"key":"SMITH"},{"data":"Blade Dance","floor":45.0,"key":"SMITH"},{"data":"1","floor":49.0,"key":"LIFT"}],"neow_cost":"NONE","seed_source_timestamp":0,"circlet_count":0,"master_deck":["AscendersBane","Defend_G+1","Defend_G","Defend_G","Defend_G","Defend_G","Strike_G","Strike_G","Strike_G","Survivor+1","Neutralize+1","Bane","Cloak And Dagger+1","Dash","Backflip","Corpse Explosion","Crippling Poison+1","Burst+1","Noxious Fumes+1","Footwork+1","Blade Dance+1","Cloak And Dagger+1","Well Laid Plans+1","Envenom+1"],"special_seed":0,"relics":["Ring of the Snake","NeowsBlessing","Gambling Chip","Singing Bowl","Meat on the Bone","Sozu","Bronze Scales","Frozen Egg 2","Paper Crane","Busted Crown","Peace Pipe","Ginger","Dream Catcher","Ornamental Fan","Girya","Snake Skull","Lee\u0027s Waffle"],"potions_floor_usage":[50],"damage_taken":[{"damage":0.0,"enemies":"Jaw Worm","floor":1.0,"turns":1.0},{"damage":0.0,"enemies":"Small Slimes","floor":5.0,"turns":1.0},{"damage":0.0,"enemies":"3 Sentries","floor":6.0,"turns":1.0},{"damage":48.0,"enemies":"Gremlin Nob","floor":8.0,"turns":7.0},{"damage":0.0,"enemies":"2 Louse","floor":13.0,"turns":2.0},{"damage":0.0,"enemies":"Exordium Wildlife","floor":14.0,"turns":4.0},{"damage":6.0,"enemies":"The Guardian","floor":16.0,"turns":9.0},{"damage":0.0,"enemies":"3 Byrds","floor":18.0,"turns":2.0},{"damage":6.0,"enemies":"Spheric Guardian","floor":22.0,"turns":5.0},{"damage":4.0,"enemies":"Centurion and Healer","floor":25.0,"turns":5.0},{"damage":1.0,"enemies":"3 Cultists","floor":27.0,"turns":3.0},{"damage":2.0,"enemies":"Snecko","floor":30.0,"turns":7.0},{"damage":0.0,"enemies":"Cultist and Chosen","floor":31.0,"turns":3.0},{"damage":25.0,"enemies":"Automaton","floor":33.0,"turns":12.0},{"damage":0.0,"enemies":"Orb Walker","floor":35.0,"turns":3.0},{"damage":39.0,"enemies":"2 Orb Walkers","floor":36.0,"turns":4.0},{"damage":12.0,"enemies":"Mind Bloom Boss Battle","floor":37.0,"turns":10.0},{"damage":0.0,"enemies":"3 Shapes","floor":38.0,"turns":4.0},{"damage":0.0,"enemies":"Writhing Mass","floor":41.0,"turns":7.0},{"damage":0.0,"enemies":"4 Shapes","floor":44.0,"turns":2.0},{"damage":33.0,"enemies":"Giant Head","floor":46.0,"turns":9.0},{"damage":3.0,"enemies":"Spire Growth","floor":48.0,"turns":5.0},{"damage":21,"enemies":"Time Eater","floor":50,"turns":11}],"seed_played":"-6138190431208379327","potions_obtained":[{"floor":5.0,"key":"Regen Potion"},{"floor":13.0,"key":"AttackPotion"},{"floor":16.0,"key":"EssenceOfSteel"}],"is_trial":false,"path_per_floor":["M","?","?","$","M","E","R","E","T","$","R","?","M","M","R","B",null,"M","?","?","$","M","R","?","M","T","M","R","$","M","M","R","B",null,"M","?","?","M","?","R","M","R","T","M","R","E","$","M","R","B",null],"character_chosen":"THE_SILENT","items_purchased":["Cloak And Dagger","Backflip","Footwork","Paper Crane","Snake Skull","Lee\u0027s Waffle"],"campfire_rested":2,"item_purchase_floors":[4,10,21,29,47,47],"current_hp_per_floor":[59,39,39,39,39,39,58,12,12,12,12,29,41,41,41,35,60,60,41,41,41,49,49,49,47,47,46,46,46,44,44,67,42,68,70,45,47,49,49,49,51,51,51,53,53,34,98,97,97,76],"gold":19,"neow_bonus":"THREE_ENEMY_KILL","is_prod":false,"is_daily":false,"chose_seed":false,"campfire_upgraded":6,"win_rate":0,"timestamp":1551432533,"path_taken":["M","?","?","?","M","E","R","E","T","$","R","?","M","M","R","BOSS","M","?","?","$","M","R","?","M","T","?","R","$","?","M","R","BOSS","M","?","?","M","?","R","M","R","T","M","R","E","$","?","R","BOSS"],"build_version":"2019-01-23","purchased_purges":1,"victory":true,"max_hp_per_floor":[66,66,66,66,66,66,66,68,68,68,68,68,68,68,68,68,68,68,73,73,73,75,75,75,77,77,77,77,77,77,77,77,77,77,79,81,83,85,85,85,87,87,87,89,89,91,98,100,100,100],"card_choices":[{"not_picked":["Dodge and Roll","Flying Knee","Accuracy"],"picked":"SKIP","floor":1.0},{"not_picked":["Acrobatics","Dodge and Roll","Eviscerate"],"picked":"SKIP","floor":5.0},{"not_picked":["Escape Plan","All Out Attack"],"picked":"Dash","floor":6.0},{"not_picked":["Calculated Gamble","Bane","Poisoned Stab"],"picked":"Singing Bowl","floor":8.0},{"not_picked":["Outmaneuver","Dash"],"picked":"Corpse Explosion","floor":13.0},{"not_picked":["PiercingWail","Bane"],"picked":"Crippling Poison","floor":14.0},{"not_picked":["Unload","Doppelganger"],"picked":"Burst","floor":16.0},{"not_picked":["Slice","Deflect"],"picked":"Noxious Fumes+1","floor":18.0},{"not_picked":["Skewer+1","Acrobatics+1","Slice"],"picked":"Singing Bowl","floor":22.0},{"not_picked":["Reflex","Tactician","Caltrops"],"picked":"Singing Bowl","floor":25.0},{"not_picked":["Predator","Calculated Gamble"],"picked":"Blade Dance","floor":27.0},{"not_picked":["Slice","Acrobatics"],"picked":"Cloak And Dagger+1","floor":30.0},{"not_picked":["Acrobatics","Masterful Stab"],"picked":"Well Laid Plans+1","floor":31.0},{"not_picked":["Grand Finale","Phantasmal Killer"],"picked":"Envenom+1","floor":33.0},{"not_picked":["Accuracy+1"],"picked":"Singing Bowl","floor":35.0},{"not_picked":["Reflex"],"picked":"Singing Bowl","floor":36.0},{"not_picked":["Flying Knee"],"picked":"Singing Bowl","floor":37.0},{"not_picked":["Expertise+1"],"picked":"Singing Bowl","floor":38.0},{"not_picked":["Sucker Punch+1"],"picked":"Singing Bowl","floor":41.0},{"not_picked":["Slice+1"],"picked":"Singing Bowl","floor":44.0},{"not_picked":["Prepared+1"],"picked":"Singing Bowl","floor":46.0},{"not_picked":["Flying Knee+1"],"picked":"Singing Bowl","floor":48.0}],"player_experience":558631,"relics_obtained":[{"floor":6.0,"key":"Gambling Chip"},{"floor":8.0,"key":"Singing Bowl"},{"floor":9.0,"key":"Meat on the Bone"},{"floor":26.0,"key":"Frozen Egg 2"},{"floor":36.0,"key":"Peace Pipe"},{"floor":37.0,"key":"Ginger"},{"floor":43.0,"key":"Ornamental Fan"},{"floor":46.0,"key":"Girya"}],"event_choices":[{"damage_healed":0.0,"max_hp_gain":0.0,"max_hp_loss":0.0,"gold_gain":0.0,"event_name":"Shining Light","player_choice":"Entered Light","floor":2.0,"gold_loss":0.0,"damage_taken":20.0,"cards_upgraded":["Survivor","Defend_G"]},{"damage_healed":0.0,"max_hp_gain":0.0,"max_hp_loss":0.0,"gold_gain":0.0,"cards_transformed":["Strike_G"],"event_name":"Living Wall","player_choice":"Change","floor":3.0,"gold_loss":0.0,"damage_taken":0.0,"cards_obtained":["Bane"]},{"damage_healed":17.0,"max_hp_gain":0.0,"max_hp_loss":0.0,"gold_gain":0.0,"event_name":"The Cleric","player_choice":"Healed","floor":12.0,"gold_loss":35.0,"damage_taken":0.0},{"damage_healed":0.0,"max_hp_gain":5.0,"max_hp_loss":0.0,"gold_gain":0.0,"event_name":"Forgotten Altar","player_choice":"Shed Blood","floor":19.0,"gold_loss":0.0,"damage_taken":24.0},{"damage_healed":0.0,"max_hp_gain":0.0,"max_hp_loss":0.0,"gold_gain":0.0,"event_name":"The Mausoleum","player_choice":"Opened","floor":20.0,"gold_loss":0.0,"damage_taken":0.0,"relics_obtained":["Bronze Scales"],"cards_obtained":["Writhe"]},{"damage_healed":0.0,"max_hp_gain":0.0,"max_hp_loss":0.0,"gold_gain":250.0,"event_name":"The Joust","player_choice":"Bet on Owner","floor":24.0,"gold_loss":50.0,"damage_taken":0.0},{"damage_healed":0.0,"max_hp_gain":0.0,"max_hp_loss":0.0,"gold_gain":0.0,"event_name":"Mysterious Sphere","player_choice":"Fight","floor":36.0,"gold_loss":0.0,"damage_taken":0.0},{"damage_healed":0.0,"max_hp_gain":0.0,"max_hp_loss":0.0,"gold_gain":0.0,"event_name":"MindBloom","player_choice":"Fight","floor":37.0,"gold_loss":0.0,"damage_taken":0.0},{"damage_healed":0.0,"max_hp_gain":0.0,"max_hp_loss":0.0,"gold_gain":0.0,"event_name":"WeMeetAgain","player_choice":"Gave Potion","floor":39.0,"gold_loss":0.0,"damage_taken":0.0,"relics_obtained":["Dream Catcher"]}],"is_beta":false,"boss_relics":[{"not_picked":["Ring of the Serpent","Ectoplasm"],"picked":"Sozu"},{"not_picked":["Snecko Eye","Black Star"],"picked":"Busted Crown"}],"items_purged_floors":[10],"is_endless":false,"potions_floor_spawned":[5,13,16,27,30,31,33,35,36,48],"ascension_level":16}