{"gold_per_floor":[112,112,387,405,355,388,388,406,406,437,437,454,454,474,474,474],"floor_reached":16,"playtime":550,"items_purged":[],"score":230,"play_id":"f64e43b7-66ce-4757-8530-cee5400e7795","local_time":"20190225083413","is_ascension_mode":true,"campfire_choices":[{"data":"Zap","floor":7,"key":"SMITH"},{"data":"Dualcast","floor":11,"key":"SMITH"},{"floor":15,"key":"REST"}],"neow_cost":"NONE","seed_source_timestamp":434248345138548,"circlet_count":0,"master_deck":["AscendersBane","Strike_B","Strike_B","Strike_B","Defend_B","Defend_B","Defend_B","Zap+1","Dualcast+1","Coolheaded","Conserve Battery","Machine Learning","Double Energy"],"relics":["Cracked Core","NeowsBlessing","Shovel","Mummified Hand","Shuriken"],"potions_floor_usage":[10,10,12],"damage_taken":[{"damage":0,"enemies":"Jaw Worm","floor":1,"turns":1},{"damage":2,"enemies":"2 Louse","floor":4,"turns":2},{"damage":0,"enemies":"Gremlin Nob","floor":6,"turns":1},{"damage":0,"enemies":"Cultist","floor":8,"turns":3},{"damage":17,"enemies":"Lagavulin","floor":10,"turns":8},{"damage":0,"enemies":"Large Slime","floor":12,"turns":6},{"damage":0,"enemies":"3 Louse","floor":14,"turns":4},{"damage":68,"enemies":"Slime Boss","floor":16,"turns":13}],"seed_played":"-6080434359845558414","potions_obtained":[{"floor":1,"key":"Poison Potion"},{"floor":6,"key":"EntropicBrew"},{"floor":10,"key":"AttackPotion"}],"is_trial":false,"path_per_floor":["M","?","?","M","?","E","R","M","T","E","R","M","?","M","R","B"],"character_chosen":"DEFECT","items_purchased":[],"campfire_rested":1,"item_purchase_floors":[],"current_hp_per_floor":[64,57,57,55,55,55,55,55,55,38,38,38,38,38,59,0],"gold":474,"neow_bonus":"THREE_ENEMY_KILL","is_prod":false,"is_daily":false,"chose_seed":false,"campfire_upgraded":2,"win_rate":0,"timestamp":1551112453,"path_taken":["M","?","?","?","?","E","R","M","T","E","R","M","?","?","R","BOSS"],"build_version":"2019-01-23","purchased_purges":0,"victory":false,"max_hp_per_floor":[71,71,71,71,71,71,71,71,71,71,71,71,71,71,71,71],"card_choices":[{"not_picked":["Reprogram","Hologram","Scrape"],"picked":"SKIP","floor":1},{"not_picked":["Sweeping Beam","Hologram"],"picked":"Coolheaded","floor":4},{"not_picked":["Turbo","Steam","Skim"],"picked":"SKIP","floor":6},{"not_picked":["Redo","Beam Cell"],"picked":"Conserve Battery","floor":8},{"not_picked":["Leap","Lockon"],"picked":"Machine Learning","floor":10},{"not_picked":["Hologram","Barrage","Turbo"],"picked":"SKIP","floor":12},{"not_picked":["Coolheaded","Chaos"],"picked":"Double Energy","floor":14}],"player_experience":517584,"relics_obtained":[{"floor":6,"key":"Shovel"},{"floor":9,"key":"Mummified Hand"},{"floor":10,"key":"Shuriken"}],"event_choices":[{"cards_removed":["Strike_B"],"damage_healed":0,"gold_gain":0,"player_choice":"Card Removal","damage_taken":7,"max_hp_gain":0,"max_hp_loss":0,"event_name":"Golden Wing","floor":2,"gold_loss":0},{"damage_healed":0,"gold_gain":275,"player_choice":"Desecrate","damage_taken":0,"max_hp_gain":0,"max_hp_loss":0,"event_name":"Golden Shrine","floor":3,"gold_loss":0,"cards_obtained":["Regret"]},{"cards_removed":["Regret"],"damage_healed":0,"gold_gain":0,"player_choice":"Card Removal","damage_taken":0,"max_hp_gain":0,"max_hp_loss":0,"event_name":"The Cleric","floor":5,"gold_loss":50},{"cards_removed":["Defend_B"],"damage_healed":0,"gold_gain":0,"player_choice":"Offered Basic","damage_taken":0,"max_hp_gain":0,"max_hp_loss":0,"event_name":"Bonfire Elementals","floor":13,"gold_loss":0}],"is_beta":false,"boss_relics":[],"items_purged_floors":[],"is_endless":false,"potions_floor_spawned":[1,6,10],"killed_by":"Slime Boss","ascension_level":14}