{"gold_per_floor":[19,19,35,46,64,89,89,89,89,6,6,32,32,59,59,156,156,175,275,286,301,315,315,315],"floor_reached":24,"playtime":1498,"items_purged":[],"score":313,"play_id":"5ba28929-ec1f-4e6b-95e4-b6e0e87da2f1","local_time":"20190131111647","is_ascension_mode":true,"campfire_choices":[{"data":"Backstab","floor":7,"key":"SMITH"},{"floor":11,"key":"REST"},{"floor":13,"key":"REST"},{"floor":15,"key":"REST"},{"data":"After Image","floor":23,"key":"SMITH"}],"neow_cost":"NO_GOLD","seed_source_timestamp":1161442721986435,"circlet_count":0,"master_deck":["Defend_G","Defend_G","Defend_G","Defend_G","Survivor","Neutralize","Caltrops","Well Laid Plans","Backstab+1","Blur","Finisher","Slice+1","Caltrops","Predator+1","Quick Slash+1","After Image+1","Riddle With Holes+1","Blur+1","Terror+1","Deflect+1","Backflip+1","All Out Attack+1","Distraction+1"],"relics":["Ring of the Snake","Blue Candle","Molten Egg 2","Toxic Egg 2","Shovel","Astrolabe"],"potions_floor_usage":[3,6,14,16,21,22],"damage_taken":[{"damage":0,"enemies":"2 Louse","floor":1,"turns":3},{"damage":1,"enemies":"Small Slimes","floor":3,"turns":4},{"damage":2,"enemies":"Jaw Worm","floor":4,"turns":6},{"damage":6,"enemies":"Looter","floor":5,"turns":3},{"damage":35,"enemies":"Lagavulin","floor":6,"turns":19},{"damage":10,"enemies":"3 Sentries","floor":12,"turns":7},{"damage":21,"enemies":"Gremlin Nob","floor":14,"turns":4},{"damage":23,"enemies":"Slime Boss","floor":16,"turns":8},{"damage":2,"enemies":"Chosen","floor":18,"turns":3},{"damage":15,"enemies":"Spheric Guardian","floor":20,"turns":6},{"damage":3,"enemies":"Chosen and Byrds","floor":21,"turns":3},{"damage":0,"enemies":"Centurion and Healer","floor":22,"turns":7},{"damage":45,"enemies":"Gremlin Leader","floor":24,"turns":4}],"seed_played":"6682379946884389229","potions_obtained":[{"floor":1,"key":"Block Potion"},{"floor":3,"key":"Dexterity Potion"},{"floor":12,"key":"Energy Potion"},{"floor":14,"key":"Strength Potion"},{"floor":16,"key":"Swift Potion"},{"floor":18,"key":"SkillPotion"},{"floor":20,"key":"Block Potion"}],"is_trial":false,"path_per_floor":["M","?","M","M","M","E","R","?","T","$","R","E","R","E","R","B",null,"M","?","M","M","M","R","E"],"character_chosen":"THE_SILENT","items_purchased":["Slice+1","Caltrops"],"campfire_rested":3,"item_purchase_floors":[10,10],"current_hp_per_floor":[63,56,55,53,47,12,12,12,12,12,33,23,44,23,44,21,58,56,56,41,38,38,38,0],"gold":315,"neow_bonus":"REMOVE_TWO","is_prod":false,"is_daily":false,"chose_seed":false,"campfire_upgraded":2,"win_rate":0,"timestamp":1548951407,"path_taken":["M","?","M","M","M","E","R","?","T","?","R","E","R","E","R","BOSS","M","?","?","M","M","R","E"],"build_version":"2019-01-23","purchased_purges":0,"victory":false,"max_hp_per_floor":[70,70,70,70,70,70,70,70,70,70,70,70,70,70,70,70,70,70,70,70,70,70,70,70],"card_choices":[{"not_picked":["Blade Dance","Calculated Gamble"],"picked":"Caltrops","floor":1},{"not_picked":["Poisoned Stab","Flying Knee"],"picked":"Well Laid Plans","floor":3},{"not_picked":["Endless Agony","Crippling Poison"],"picked":"Backstab","floor":4},{"not_picked":["Blade Dance","Outmaneuver"],"picked":"Blur","floor":5},{"not_picked":["Deadly Poison","Heel Hook"],"picked":"Finisher","floor":6},{"not_picked":["Flying Knee+1","Distraction"],"picked":"Predator+1","floor":12},{"not_picked":["Masterful Stab+1","Unload+1"],"picked":"Quick Slash+1","floor":14},{"not_picked":["Venomology+1","Corpse Explosion+1"],"picked":"After Image","floor":16},{"not_picked":["Poisoned Stab+1","Blade Dance+1"],"picked":"Deflect+1","floor":18},{"not_picked":["Prepared+1","Dagger Spray+1"],"picked":"Backflip+1","floor":20},{"not_picked":["Infinite Blades","Skewer+1"],"picked":"All Out Attack+1","floor":21},{"not_picked":["Choke+1","Riddle With Holes+1"],"picked":"Distraction+1","floor":22}],"player_experience":597222,"relics_obtained":[{"floor":6,"key":"Blue Candle"},{"floor":9,"key":"Molten Egg 2"},{"floor":12,"key":"Toxic Egg 2"},{"floor":14,"key":"Shovel"}],"event_choices":[{"cards_removed":["Strike_G"],"damage_healed":0,"gold_gain":0,"player_choice":"Card Removal","damage_taken":7,"max_hp_gain":0,"max_hp_loss":0,"event_name":"Golden Wing","floor":2,"gold_loss":0},{"damage_healed":0,"gold_gain":0,"player_choice":"Fled","damage_taken":0,"max_hp_gain":0,"max_hp_loss":0,"event_name":"Scrap Ooze","floor":8,"gold_loss":0},{"damage_healed":0,"gold_gain":100,"player_choice":"Pray","damage_taken":0,"max_hp_gain":0,"max_hp_loss":0,"event_name":"Golden Shrine","floor":19,"gold_loss":0}],"is_beta":false,"boss_relics":[{"not_picked":["Velvet Choker","Orrery"],"picked":"Astrolabe"}],"items_purged_floors":[],"is_endless":false,"potions_floor_spawned":[1,3,12,14,16,18,20],"killed_by":"Gremlin Leader","ascension_level":9}