{"gold_per_floor":[112,287,90,90,90,90,122,138,138,168,168,179,179,210,210,305,305,305,15,15,15,15,15,15,15,15,15,15,15,15,15,15,15,15,15,0,0,0,0,0,0,0,0,0,0,0,0,0,0,0],"floor_reached":51,"playtime":2454,"items_purged":["Doubt"],"score":1209,"play_id":"b3f610c7-dd11-4c8e-afc3-ccc8440a9e1f","local_time":"20190221000119","is_ascension_mode":true,"campfire_choices":[{"data":"Armaments","floor":6.0,"key":"SMITH"},{"data":"Body Slam","floor":11.0,"key":"SMITH"},{"data":"Body Slam","floor":13.0,"key":"SMITH"},{"floor":15.0,"key":"REST"},{"data":"Flame Barrier","floor":23.0,"key":"SMITH"},{"floor":25.0,"key":"DIG"},{"floor":30.0,"key":"DIG"},{"floor":32.0,"key":"DIG"},{"floor":41.0,"key":"DIG"},{"data":"1","floor":45.0,"key":"LIFT"},{"floor":49,"key":"REST"}],"neow_cost":"NONE","seed_source_timestamp":55896704740746,"circlet_count":0,"master_deck":["AscendersBane","Defend_R","Defend_R","Defend_R","Bash+1","Flame Barrier+1","Armaments+1","Body Slam+1","Body Slam+1","Shrug It Off","Shockwave+1","Flame Barrier+1","Bite","Bite","Bite","Bite+1","Bite","Spot Weakness+1","Offering+1","Iron Wave+1","Limit Break+1","Rage+1"],"special_seed":0,"relics":["Burning Blood","NeowsBlessing","Pear","Toxic Egg 2","Juzu Bracelet","Letter Opener","Ectoplasm","Shovel","The Courier","Incense Burner","Molten Egg 2","Question Card","Bronze Scales","Runic Cube","Red Mask","Red Skull","Thread and Needle","Whetstone","Girya","Strawberry","Mercury Hourglass","Smiling Mask"],"potions_floor_usage":[48,50],"damage_taken":[{"damage":0.0,"enemies":"Cultist","floor":1.0,"turns":1.0},{"damage":5.0,"enemies":"3 Sentries","floor":7.0,"turns":2.0},{"damage":0.0,"enemies":"Small Slimes","floor":8.0,"turns":1.0},{"damage":49.0,"enemies":"Lagavulin","floor":10.0,"turns":12.0},{"damage":4.0,"enemies":"Jaw Worm","floor":12.0,"turns":4.0},{"damage":21.0,"enemies":"Gremlin Nob","floor":14.0,"turns":6.0},{"damage":63.0,"enemies":"Slime Boss","floor":16.0,"turns":20.0},{"damage":17.0,"enemies":"Spheric Guardian","floor":18.0,"turns":6.0},{"damage":16.0,"enemies":"Gremlin Leader","floor":24.0,"turns":9.0},{"damage":0.0,"enemies":"3 Byrds","floor":28.0,"turns":4.0},{"damage":47.0,"enemies":"Automaton","floor":33.0,"turns":12.0},{"damage":8.0,"enemies":"3 Darklings","floor":35.0,"turns":4.0},{"damage":13.0,"enemies":"2 Orb Walkers","floor":38.0,"turns":5.0},{"damage":0.0,"enemies":"Orb Walker","floor":39.0,"turns":3.0},{"damage":28.0,"enemies":"Reptomancer","floor":40.0,"turns":7.0},{"damage":42.0,"enemies":"Giant Head","floor":42.0,"turns":9.0},{"damage":38,"enemies":"Nemesis","floor":48,"turns":7},{"damage":42,"enemies":"Donu and Deca","floor":50,"turns":10}],"seed_played":"1819934764250259535","potions_obtained":[{"floor":10.0,"key":"SpeedPotion"},{"floor":12.0,"key":"Weak Potion"},{"floor":24.0,"key":"Explosive Potion"},{"floor":28.0,"key":"EssenceOfSteel"},{"floor":33.0,"key":"Swift Potion"},{"floor":39.0,"key":"SpeedPotion"},{"floor":40.0,"key":"Strength Potion"},{"floor":42.0,"key":"Fruit Juice"}],"is_trial":false,"path_per_floor":["M","?","$","?","?","R","E","M","T","E","R","M","R","E","R","B",null,"M","$","?","?","?","R","E","R","T","$","M","?","R","$","R","B",null,"M","?","T","?","M","E","R","E","T","?","R","?","?","E","R","B",null],"character_chosen":"IRONCLAD","items_purchased":["Flame Barrier","Armaments","Shovel"],"campfire_rested":2,"item_purchase_floors":[3,3,19],"current_hp_per_floor":[78,78,78,83,83,83,94,95,95,52,52,54,54,39,67,10,74,63,63,44,44,44,44,62,62,62,62,70,70,70,70,70,54,66,70,70,70,70,70,60,60,58,58,58,58,58,58,53,77,68],"gold":0,"neow_bonus":"THREE_ENEMY_KILL","is_prod":false,"is_daily":false,"chose_seed":false,"campfire_upgraded":4,"win_rate":0,"timestamp":1550736079,"path_taken":["M","?","$","?","?","R","E","M","T","E","R","M","R","E","R","BOSS","M","$","?","?","?","R","E","R","T","?","M","?","R","$","R","BOSS","M","?","?","?","M","E","R","E","T","?","R","?","?","E","R","BOSS"],"build_version":"2019-01-23","purchased_purges":1,"victory":true,"max_hp_per_floor":[80,80,80,85,85,85,95,95,95,95,95,95,95,95,95,95,95,95,95,100,70,70,70,70,70,70,70,70,70,70,70,70,70,70,70,70,70,70,70,70,70,77,77,77,77,77,77,82,82,82],"card_choices":[{"not_picked":["Perfected Strike","Anger","Warcry"],"picked":"SKIP","floor":1.0},{"not_picked":["Heavy Blade","Clash"],"picked":"Body Slam","floor":7.0},{"not_picked":["Infernal Blade","Anger"],"picked":"Shrug It Off","floor":8.0},{"not_picked":["Rupture","Twin Strike"],"picked":"Shockwave+1","floor":10.0},{"not_picked":["Clothesline","Twin Strike","Rupture"],"picked":"SKIP","floor":12.0},{"not_picked":["Body Slam","Dark Embrace","Headbutt"],"picked":"SKIP","floor":14.0},{"not_picked":["Disarm+1","Flex+1"],"picked":"Flame Barrier+1","floor":18.0},{"not_picked":["Havoc+1","Berserk","Armaments+1"],"picked":"SKIP","floor":24.0},{"not_picked":["Flex+1","Anger+1","Thunderclap+1"],"picked":"SKIP","floor":28.0},{"not_picked":["Limit Break+1","Reaper+1","Impervious+1"],"picked":"Offering+1","floor":33.0},{"not_picked":["Intimidate+1","Evolve","Sword Boomerang+1"],"picked":"Iron Wave+1","floor":35.0},{"not_picked":["Headbutt+1","Twin Strike+1","Fire Breathing","Flex+1"],"picked":"SKIP","floor":39.0},{"not_picked":["Entrench+1","Flex+1","Hemokinesis+1","Bloodletting+1"],"picked":"SKIP","floor":40.0},{"not_picked":["Fire Breathing","Infernal Blade+1","Clothesline+1","Iron Wave+1"],"picked":"SKIP","floor":42.0},{"not_picked":["Spot Weakness+1","Ghostly Armor+1","Second Wind+1"],"picked":"Rage+1","floor":48}],"player_experience":450576,"relics_obtained":[{"floor":7.0,"key":"Pear"},{"floor":9.0,"key":"Toxic Egg 2"},{"floor":10.0,"key":"Juzu Bracelet"},{"floor":14.0,"key":"Letter Opener"},{"floor":24.0,"key":"The Courier"},{"floor":25.0,"key":"Incense Burner"},{"floor":26.0,"key":"Molten Egg 2"},{"floor":30.0,"key":"Question Card"},{"floor":32.0,"key":"Bronze Scales"},{"floor":37.0,"key":"Red Skull"},{"floor":38.0,"key":"Thread and Needle"},{"floor":40.0,"key":"Whetstone"},{"floor":41.0,"key":"Girya"},{"floor":42.0,"key":"Strawberry"},{"floor":43.0,"key":"Mercury Hourglass"},{"floor":48,"key":"Smiling Mask"}],"event_choices":[{"damage_healed":0.0,"max_hp_gain":0.0,"max_hp_loss":0.0,"gold_gain":175.0,"event_name":"Liars Game","player_choice":"AGREE","floor":2.0,"gold_loss":0.0,"damage_taken":0.0,"cards_obtained":["Doubt"]},{"damage_healed":0.0,"max_hp_gain":5.0,"max_hp_loss":0.0,"gold_gain":0.0,"event_name":"Big Fish","player_choice":"Donut","floor":4.0,"gold_loss":0.0,"damage_taken":0.0},{"damage_healed":0.0,"max_hp_gain":0.0,"max_hp_loss":0.0,"gold_gain":0.0,"cards_transformed":["Strike_R"],"event_name":"Transmorgrifier","player_choice":"Transformed","floor":5.0,"gold_loss":0.0,"damage_taken":0.0,"cards_obtained":["Body Slam"]},{"damage_healed":0.0,"max_hp_gain":5.0,"max_hp_loss":0.0,"gold_gain":0.0,"event_name":"Forgotten Altar","player_choice":"Shed Blood","floor":20.0,"gold_loss":0.0,"damage_taken":24.0},{"damage_healed":0.0,"max_hp_gain":0.0,"max_hp_loss":30.0,"gold_gain":0.0,"event_name":"Vampires","player_choice":"Became a vampire","floor":21.0,"gold_loss":0.0,"damage_taken":0.0,"cards_obtained":["Bite","Bite","Bite","Bite","Bite"]},{"damage_healed":0.0,"max_hp_gain":0.0,"max_hp_loss":0.0,"gold_gain":0.0,"event_name":"Ghosts","player_choice":"Ignored","floor":22.0,"gold_loss":0.0,"damage_taken":0.0},{"damage_healed":0.0,"max_hp_gain":0.0,"max_hp_loss":0.0,"gold_gain":0.0,"event_name":"The Library","player_choice":"Read","floor":29.0,"gold_loss":0.0,"damage_taken":0.0,"cards_obtained":["Spot Weakness"]},{"damage_healed":0.0,"max_hp_gain":0.0,"max_hp_loss":0.0,"gold_gain":0.0,"event_name":"Tomb of Lord Red Mask","player_choice":"Paid","floor":36.0,"gold_loss":15.0,"damage_taken":0.0,"relics_obtained":["Red Mask"]},{"damage_healed":0.0,"max_hp_gain":0.0,"max_hp_loss":0.0,"gold_gain":0.0,"event_name":"Mysterious Sphere","player_choice":"Fight","floor":38.0,"gold_loss":0.0,"damage_taken":0.0},{"damage_healed":0.0,"max_hp_gain":0.0,"max_hp_loss":0.0,"gold_gain":100.0,"event_name":"Golden Shrine","player_choice":"Pray","floor":44.0,"gold_loss":0.0,"damage_taken":0.0},{"damage_healed":0,"gold_gain":0,"cards_transformed":["Defend_R"],"player_choice":"Transformed","damage_taken":0,"max_hp_gain":0,"max_hp_loss":0,"event_name":"Transmorgrifier","floor":46,"gold_loss":0,"cards_obtained":["Limit Break"]},{"damage_healed":0,"gold_gain":0,"player_choice":"Memory 1","damage_taken":0,"max_hp_gain":0,"max_hp_loss":0,"event_name":"SensoryStone","floor":47,"gold_loss":0}],"is_beta":false,"boss_relics":[{"not_picked":["Eternal Feather","Black Blood"],"picked":"Ectoplasm"},{"not_picked":["Runic Dome","Orrery"],"picked":"Runic Cube"}],"items_purged_floors":[3],"is_endless":false,"potions_floor_spawned":[10,12,24,28,33,39,40,42],"ascension_level":12}