{"path_per_floor":["M","?","M","$","M","R","M","E","T","?","M","?","$","E","R","B",null,"M","?","M","M","?","E","R","M","T","M","E","?","$","?","R","B",null,"M","M","M","M","$","R"],"character_chosen":"DEFECT","items_purchased":["Sunder","Coolheaded","Singing Bowl","Shovel","Conserve Battery","Coolheaded","Dark Shackles","Sunder","Hologram"],"gold_per_floor":[114,114,128,39,57,57,70,106,179,179,193,193,37,73,73,202,202,227,227,250,271,304,337,337,355,409,424,459,382,18,18,18,118,118,130,150,163,182,13,13,13],"floor_reached":41,"campfire_rested":1,"playtime":3538,"item_purchase_floors":[],"current_hp_per_floor":[72,52,45,45,45,45,23,15,25,7,5,5,5,7,35,20,76,75,47,45,45,51,43,43,50,50,50,51,51,51,51,51,32,46,46,14,19,17,17,17,0],"items_purged":[],"gold":13,"score":716,"play_id":"73b4582b-8e75-48fb-8bbc-bf486b373688","local_time":"20180604160350","is_prod":false,"is_daily":false,"chose_seed":false,"is_ascension_mode":true,"campfire_upgraded":2,"win_rate":0,"timestamp":1528121030,"campfire_choices":[{"data":"Sunder","floor":6.0,"key":"SMITH"},{"floor":15.0,"key":"REST"},{"data":"Zap","floor":24.0,"key":"SMITH"},{"floor":32.0,"key":"DIG"},{"floor":40.0,"key":"DIG"}],"path_taken":["M","?","M","$","M","R","M","E","T","?","?","?","$","E","R","BOSS","M","?","M","?","?","E","R","M","T","M","E","?","$","?","R","BOSS","M","M","M","M","$","R","E"],"build_version":"2018-05-31","seed_source_timestamp":1637387067444961,"purchased_purges":0,"victory":false,"master_deck":["Strike_B","Strike_B","Defend_B","Defend_B","Defend_B","Zap+1","Dualcast+1","Tempest","Beam Cell","Sunder+1","Coolheaded","Ball Lightning","Go for the Eyes+1","Stack","Steam","Leap","Turbo","Seek","Blizzard","Core Surge","Skim+1","Rebound+1","Auto Shields+1","Sweeping Beam+1","Self Repair","Ghostly","Ghostly","Ghostly","Ghostly","Ghostly","Gash+1","Cold Snap","Meteor Strike","Tempest+1","Capacitor","Reinforced Body","Chaos","Fusion+1","BootSequence","J.A.X.","Conserve Battery","Coolheaded","Multi-Cast","Clumsy","Clumsy","Injury","Capacitor","Redo+1","Electrodynamics","Gash","Coolheaded+1","Seek","Dark Shackles","Sunder","Hologram"],"max_hp_per_floor":[82,82,82,82,82,82,82,82,92,92,92,92,92,94,94,94,94,94,47,49,49,51,51,51,51,51,51,51,51,51,51,51,51,51,51,53,55,55,55,55,55],"relics":["Cracked Core","Strawberry","Bloody Idol","Prayer Wheel","Pear","Singing Bowl","Orichalcum","Astrolabe","Red Mask","Smiling Mask","Pen Nib","Juzu Bracelet","Shovel","Kunai","Calling Bell","Oddly Smooth Stone","Dodecahedron","Emotion Chip","Blue Candle"],"card_choices":[{"not_picked":["Redo","Loop"],"picked":"Tempest","floor":1.0},{"not_picked":["Compile Driver","Conserve Battery"],"picked":"Beam Cell","floor":3.0},{"not_picked":["Compile Driver","Genetic Algorithm"],"picked":"Ball Lightning","floor":5.0},{"not_picked":["Stack","Hologram"],"picked":"Go for the Eyes","floor":7.0},{"not_picked":["Redo","Multi-Cast"],"picked":"Stack","floor":8.0},{"not_picked":["Coolheaded","Lockon"],"picked":"Steam","floor":11.0},{"not_picked":["Hello World","Darkness"],"picked":"Leap","floor":11.0},{"not_picked":["Barrage","Chaos","Hologram"],"picked":"Singing Bowl","floor":14.0},{"not_picked":["Amplify","Hyperbeam"],"picked":"Core Surge","floor":16.0},{"not_picked":["Auto Shields","Gash+1"],"picked":"Sweeping Beam+1","floor":18.0},{"not_picked":["Steam+1","Glacier"],"picked":"Self Repair","floor":18.0},{"not_picked":["Go for the Eyes","Storm","Barrage+1"],"picked":"Singing Bowl","floor":20.0},{"not_picked":["Sweeping Beam+1","Undo"],"picked":"Gash+1","floor":20.0},{"not_picked":["Coolheaded","Stack"],"picked":"Cold Snap","floor":21.0},{"not_picked":["Blizzard+1","Hologram"],"picked":"Meteor Strike","floor":21.0},{"not_picked":["Rebound","Streamline","Stack"],"picked":"Singing Bowl","floor":22.0},{"not_picked":["Streamline","Coolheaded"],"picked":"Tempest+1","floor":23.0},{"not_picked":["Tempest","Conserve Battery"],"picked":"Capacitor","floor":25.0},{"not_picked":["Compile Driver","Coolheaded"],"picked":"Reinforced Body","floor":25.0},{"not_picked":["Redo","Undo"],"picked":"Chaos","floor":27.0},{"not_picked":["Rebound","Barrage"],"picked":"Fusion+1","floor":27.0},{"not_picked":["Leap","Reprogram"],"picked":"BootSequence","floor":28.0},{"not_picked":["Hyperbeam","Amplify"],"picked":"Multi-Cast","floor":33.0},{"not_picked":["Cold Snap+1","Gash"],"picked":"Capacitor","floor":35.0},{"not_picked":["Rebound","Redo+1","BootSequence+1"],"picked":"SKIP","floor":35.0},{"not_picked":["Rebound","BootSequence+1"],"picked":"Redo+1","floor":35.0},{"not_picked":["Gash","Leap","Blizzard"],"picked":"Singing Bowl","floor":36.0},{"not_picked":["Glacier","Beam Cell"],"picked":"Electrodynamics","floor":36.0},{"not_picked":["Beam Cell+1","Redo+1","Rebound"],"picked":"Singing Bowl","floor":37.0},{"not_picked":["Coolheaded","Genetic Algorithm+1"],"picked":"Gash","floor":37.0},{"not_picked":["Gash+1","Cold Snap"],"picked":"Coolheaded+1","floor":38.0},{"not_picked":["Steam+1","Go for the Eyes"],"picked":"Seek","floor":38.0}],"player_experience":462736,"potions_floor_usage":[41],"damage_taken":[{"damage":3.0,"enemies":"Small Slimes","floor":1.0,"turns":4.0},{"damage":7.0,"enemies":"Jaw Worm","floor":3.0,"turns":4.0},{"damage":0.0,"enemies":"2 Louse","floor":5.0,"turns":2.0},{"damage":22.0,"enemies":"Exordium Thugs","floor":7.0,"turns":4.0},{"damage":8.0,"enemies":"Lagavulin","floor":8.0,"turns":6.0},{"damage":2.0,"enemies":"Blue Slaver","floor":11.0,"turns":3.0},{"damage":0.0,"enemies":"Gremlin Nob","floor":14.0,"turns":3.0},{"damage":15.0,"enemies":"The Guardian","floor":16.0,"turns":11.0},{"damage":1.0,"enemies":"Spheric Guardian","floor":18.0,"turns":3.0},{"damage":4.0,"enemies":"Shell Parasite","floor":20.0,"turns":5.0},{"damage":0.0,"enemies":"Cultist and Chosen","floor":21.0,"turns":6.0},{"damage":0.0,"enemies":"Masked Bandits","floor":22.0,"turns":2.0},{"damage":15.0,"enemies":"Slavers","floor":23.0,"turns":9.0},{"damage":0.0,"enemies":"Snecko","floor":25.0,"turns":8.0},{"damage":0.0,"enemies":"3 Cultists","floor":27.0,"turns":5.0},{"damage":0.0,"enemies":"Gremlin Leader","floor":28.0,"turns":8.0},{"damage":31.0,"enemies":"Collector","floor":33.0,"turns":15.0},{"damage":5.0,"enemies":"Orb Walker","floor":35.0,"turns":3.0},{"damage":39.0,"enemies":"3 Darklings","floor":36.0,"turns":8.0},{"damage":2.0,"enemies":"4 Shapes","floor":37.0,"turns":9.0},{"damage":14.0,"enemies":"Maw","floor":38.0,"turns":9.0},{"damage":43,"enemies":"Giant Head","floor":41,"turns":9}],"relics_obtained":[{"floor":8.0,"key":"Prayer Wheel"},{"floor":9.0,"key":"Pear"},{"floor":14.0,"key":"Orichalcum"},{"floor":22.0,"key":"Red Mask"},{"floor":23.0,"key":"Smiling Mask"},{"floor":26.0,"key":"Pen Nib"},{"floor":28.0,"key":"Juzu Bracelet"},{"floor":32.0,"key":"Kunai"},{"floor":34.0,"key":"Oddly Smooth Stone"},{"floor":34.0,"key":"Dodecahedron"},{"floor":34.0,"key":"Emotion Chip"},{"floor":40.0,"key":"Blue Candle"}],"event_choices":[{"event_name":"Golden Idol","player_choice":"Take Damage","floor":2.0,"damage_taken":0.0},{"event_name":"Shining Light","player_choice":"Entered Light","floor":10.0,"damage_taken":0.0},{"event_name":"Match and Keep!","player_choice":"3 cards matched","floor":12.0,"damage_taken":0.0},{"event_name":"Ghosts","player_choice":"Became a Ghost","floor":19.0,"damage_taken":0.0},{"event_name":"Masked Bandits","player_choice":"Fought over 271 gold","floor":22.0,"damage_taken":0.0},{"event_name":"Drug Dealer","player_choice":"Got JAXXED","floor":29.0,"damage_taken":0.0},{"event_name":"Forgotten Altar","player_choice":"Gave Idol","floor":31.0,"damage_taken":0.0}],"boss_relics":[],"items_purged_floors":[],"potions_floor_spawned":[1,3,8,11,14,21,28,33,37],"seed_played":"-1736029002256393765","killed_by":"Giant Head","ascension_level":6,"potions_obtained":[{"floor":1.0,"key":"Weak Potion"},{"floor":3.0,"key":"Dexterity Potion"},{"floor":8.0,"key":"SpeedPotion"},{"floor":11.0,"key":"Fire Potion"},{"floor":14.0,"key":"Fire Potion"},{"floor":21.0,"key":"AttackPotion"},{"floor":28.0,"key":"Weak Potion"},{"floor":33.0,"key":"Fire Potion"},{"floor":37.0,"key":"Weak Potion"}],"is_trial":false}