{"gold_per_floor":[110,110,124,141,152,152,183,194,194,194,194],"floor_reached":11,"playtime":336,"items_purged":[],"score":83,"play_id":"836dc70f-75ea-4e2b-b1b2-63fc94463c47","local_time":"20190108102249","is_ascension_mode":true,"campfire_choices":[{"data":"Armaments","floor":6,"key":"SMITH"},{"floor":10,"key":"REST"}],"neow_cost":"NONE","seed_source_timestamp":4322366872319,"circlet_count":0,"master_deck":["Strike_R","Strike_R","Strike_R","Strike_R","Defend_R","Defend_R","Defend_R","Defend_R","Bash","Entrench","Cleave","Body Slam","Armaments+1","Seeing Red","Rage","Battle Trance"],"relics":["Burning Blood","Shuriken","Torii"],"potions_floor_usage":[7],"damage_taken":[{"damage":7,"enemies":"Small Slimes","floor":1,"turns":3},{"damage":3,"enemies":"2 Louse","floor":3,"turns":2},{"damage":18,"enemies":"Jaw Worm","floor":4,"turns":4},{"damage":15,"enemies":"Lots of Slimes","floor":5,"turns":3},{"damage":55,"enemies":"Lagavulin","floor":7,"turns":9},{"damage":7,"enemies":"3 Louse","floor":8,"turns":3},{"damage":55,"enemies":"Gremlin Nob","floor":11,"turns":5}],"seed_played":"-1907700077572664804","potions_obtained":[{"floor":4,"key":"Regen Potion"},{"floor":7,"key":"Ancient Potion"}],"is_trial":false,"path_per_floor":["M","?","M","M","M","R","E","M","T","R","E"],"character_chosen":"IRONCLAD","items_purchased":[],"campfire_rested":1,"item_purchase_floors":[],"current_hp_per_floor":[79,72,75,63,54,54,20,19,19,43,0],"gold":194,"neow_bonus":"THREE_CARDS","is_prod":false,"is_daily":false,"chose_seed":false,"campfire_upgraded":1,"win_rate":0,"timestamp":1546910569,"path_taken":["M","?","M","M","M","R","E","M","T","R","E"],"build_version":"2019-01-03v4","purchased_purges":0,"victory":false,"max_hp_per_floor":[80,80,80,80,80,80,80,80,80,80,80],"card_choices":[{"not_picked":["Pommel Strike","Thunderclap"],"picked":"Entrench","floor":0},{"not_picked":["Pommel Strike","Hemokinesis"],"picked":"Cleave","floor":1},{"not_picked":["Thunderclap","Heavy Blade"],"picked":"Body Slam","floor":3},{"not_picked":["Perfected Strike","Havoc"],"picked":"Armaments","floor":4},{"not_picked":["Infernal Blade","Warcry"],"picked":"Seeing Red","floor":5},{"not_picked":["Fire Breathing","Bludgeon"],"picked":"Rage","floor":7},{"not_picked":["Thunderclap","Shrug It Off"],"picked":"Battle Trance","floor":8}],"player_experience":168182,"relics_obtained":[{"floor":7,"key":"Shuriken"},{"floor":9,"key":"Torii"}],"event_choices":[{"cards_removed":["Strike_R"],"damage_healed":0,"gold_gain":0,"player_choice":"Card Removal","damage_taken":7,"max_hp_gain":0,"max_hp_loss":0,"event_name":"Golden Wing","floor":2,"gold_loss":0}],"is_beta":false,"boss_relics":[],"items_purged_floors":[],"is_endless":false,"potions_floor_spawned":[4,7],"killed_by":"Gremlin Nob","ascension_level":2}