{"gold_per_floor":[111,12,12,12,12,44,44,77,103,120,120,149,149,166,166,265,265,279,111,121,21,33,33,33,33,33,33,43,43,43,63,63,63],"floor_reached":33,"playtime":954,"items_purged":["Strike_B","Gash"],"score":451,"play_id":"f769797b-3351-4b6e-b747-af3f4753cbbe","local_time":"20190207220037","is_ascension_mode":true,"campfire_choices":[{"data":"Lockon","floor":7,"key":"SMITH"},{"data":"Seek","floor":13,"key":"SMITH"},{"floor":15,"key":"REST"},{"floor":23,"key":"REST"},{"data":"Thunder Strike","floor":27,"key":"SMITH"},{"floor":30,"key":"REST"},{"data":"Hologram","floor":32,"key":"SMITH"}],"neow_cost":"NONE","seed_source_timestamp":44136329193281,"circlet_count":0,"master_deck":["Defend_B","Defend_B","Defend_B","Defend_B+1","Zap+1","Dualcast","Ball Lightning","Lockon+1","Ball Lightning","Leap","Seek+1","Thunder Strike+1","Leap","Conserve Battery","Turbo+1","Hologram+1","Hologram+1","Hello World+1"],"relics":["Cracked Core","NeowsBlessing","WingedGreaves","Matryoshka","Happy Flower","Bag of Marbles","Boot","Empty Cage","Orichalcum","Ancient Tea Set","Symbiotic Virus"],"potions_floor_usage":[33,33],"damage_taken":[{"damage":0,"enemies":"Jaw Worm","floor":1,"turns":1},{"damage":0,"enemies":"3 Sentries","floor":6,"turns":1},{"damage":0,"enemies":"Gremlin Nob","floor":8,"turns":1},{"damage":0,"enemies":"Small Slimes","floor":10,"turns":2},{"damage":7,"enemies":"3 Sentries","floor":12,"turns":6},{"damage":0,"enemies":"2 Louse","floor":14,"turns":1},{"damage":29,"enemies":"Slime Boss","floor":16,"turns":9},{"damage":14,"enemies":"Shell Parasite","floor":18,"turns":4},{"damage":0,"enemies":"Spheric Guardian","floor":20,"turns":3},{"damage":20,"enemies":"Cultist and Chosen","floor":22,"turns":6},{"damage":20,"enemies":"Shelled Parasite and Fungi","floor":28,"turns":4},{"damage":0,"enemies":"Snake Plant","floor":31,"turns":2},{"damage":80,"enemies":"Collector","floor":33,"turns":9}],"seed_played":"6232083013817653686","potions_obtained":[{"floor":1,"key":"Swift Potion"},{"floor":6,"key":"Energy Potion"},{"floor":10,"key":"Ancient Potion"}],"is_trial":false,"path_per_floor":["M","$","?","?","$","E","R","E","T","M","?","E","R","M","R","B",null,"M","$","M","$","M","R","?","$","T","R","M","?","R","M","R","B"],"character_chosen":"DEFECT","items_purchased":["Gash","Orichalcum","Conserve Battery"],"campfire_rested":3,"item_purchase_floors":[2,19,19],"current_hp_per_floor":[68,68,61,46,46,46,46,46,46,46,46,39,39,39,61,32,64,50,50,50,50,30,52,52,52,52,52,32,32,54,54,54,0],"gold":63,"neow_bonus":"THREE_ENEMY_KILL","is_prod":false,"is_daily":false,"chose_seed":false,"campfire_upgraded":4,"win_rate":0,"timestamp":1549544437,"path_taken":["M","$","?","?","$","E","R","E","T","M","?","E","R","M","R","BOSS","M","$","M","$","M","R","?","?","T","R","M","?","R","?","R","BOSS"],"build_version":"2019-01-23","purchased_purges":2,"victory":false,"max_hp_per_floor":[75,75,75,75,75,75,75,75,75,75,75,75,75,75,75,75,75,75,75,75,75,75,75,75,75,75,75,75,75,75,75,75,75],"card_choices":[{"not_picked":["Stack","Loop"],"picked":"Ball Lightning","floor":1},{"not_picked":["Chill","Barrage"],"picked":"Lockon","floor":6},{"not_picked":["Lockon","Compile Driver"],"picked":"Ball Lightning","floor":8},{"not_picked":["Ball Lightning","Beam Cell"],"picked":"Leap","floor":10},{"not_picked":["Leap","Buffer"],"picked":"Seek","floor":12},{"not_picked":["Storm","Stack","Redo"],"picked":"SKIP","floor":14},{"not_picked":["Fission","Amplify"],"picked":"Thunder Strike","floor":16},{"not_picked":["Double Energy","Steam"],"picked":"Leap","floor":18},{"not_picked":["Steam","Hologram"],"picked":"Turbo+1","floor":20},{"not_picked":["Lockon","Loop"],"picked":"Hologram","floor":22},{"not_picked":["Reprogram","Coolheaded+1"],"picked":"Hologram+1","floor":28},{"not_picked":["Machine Learning","Redo"],"picked":"Hello World+1","floor":31}],"player_experience":288469,"relics_obtained":[{"floor":6,"key":"WingedGreaves"},{"floor":8,"key":"Matryoshka"},{"floor":9,"key":"Happy Flower"},{"floor":9,"key":"Bag of Marbles"},{"floor":12,"key":"Boot"},{"floor":26,"key":"Ancient Tea Set"},{"floor":26,"key":"Symbiotic Virus"}],"event_choices":[{"cards_removed":["Strike_B"],"damage_healed":0,"gold_gain":0,"player_choice":"Card Removal","damage_taken":7,"max_hp_gain":0,"max_hp_loss":0,"event_name":"Golden Wing","floor":3,"gold_loss":0},{"damage_healed":0,"gold_gain":0,"player_choice":"Entered Light","damage_taken":15,"max_hp_gain":0,"max_hp_loss":0,"event_name":"Shining Light","floor":4,"gold_loss":0,"cards_upgraded":["Zap","Defend_B"]},{"damage_healed":0,"gold_gain":0,"player_choice":"Searched \u00270\u0027 times","damage_taken":0,"max_hp_gain":0,"max_hp_loss":0,"event_name":"Dead Adventurer","floor":11,"gold_loss":0},{"damage_healed":0,"gold_gain":0,"player_choice":"Ignored","damage_taken":0,"max_hp_gain":0,"max_hp_loss":0,"event_name":"Beggar","floor":24,"gold_loss":0},{"damage_healed":0,"gold_gain":0,"player_choice":"Ignored","damage_taken":0,"max_hp_gain":0,"max_hp_loss":0,"event_name":"Vampires","floor":29,"gold_loss":0}],"is_beta":false,"boss_relics":[{"not_picked":["Velvet Choker","Eternal Feather"],"picked":"Empty Cage"}],"items_purged_floors":[2,21],"is_endless":false,"potions_floor_spawned":[1,6,10,14,20,22,31],"killed_by":"Collector","ascension_level":9}