{"path_per_floor":["M","T","$","?","M","E","R","T","T","R","?","M","R","M","R","B",null,"M","$","?","?","M","R","E","M","T","M","E","M","M","M","R","B",null,"M","$","M","M","M","E","?","R","T","M","?","$","M","M","R","B"],"character_chosen":"THE_SILENT","items_purchased":["Apotheosis","Pen Nib","Backflip","Terror","Caltrops","Bottled Lightning","Noxious Fumes"],"gold_per_floor":[212,212,8,183,201,231,231,255,278,278,278,296,296,313,313,410,410,425,39,39,39,55,55,80,97,97,107,134,146,157,169,169,270,300,318,32,50,65,85,119,119,119,119,131,131,31,48,68,68,68],"floor_reached":51,"campfire_rested":5,"playtime":4929,"current_hp_per_floor":[70,70,70,70,70,32,32,39,39,62,47,46,46,46,69,9,77,71,71,71,71,65,65,56,53,67,30,28,26,20,11,38,5,96,81,81,81,79,49,35,35,63,63,15,96,96,96,85,96,73],"items_purged":["Doubt","Pain"],"gold":68,"score":721,"play_id":"27f0aa53-e9f4-457b-bfd2-20762550b309","local_time":"20180416002958","is_prod":false,"is_daily":false,"chose_seed":false,"is_ascension_mode":false,"campfire_upgraded":3,"timestamp":1523863798,"path_taken":["M","?","$","?","M","E","R","?","T","R","?","M","R","M","R","BOSS","M","$","?","?","?","R","E","M","T","M","E","?","?","M","R","BOSS","M","$","M","M","M","E","?","R","T","M","?","$","M","M","R","BOSS"],"build_version":"2018-04-12","seed_source_timestamp":430165136246848,"purchased_purges":2,"victory":true,"master_deck":["Defend_G","Defend_G","Defend_G+1","Defend_G","Defend_G+1","Strike_G","Strike_G+1","Strike_G+1","Strike_G","Strike_G","Survivor+1","Neutralize","Apotheosis+1","Distraction+1","Escape Plan","Dagger Throw","Venomology+1","Backstab+1","Backflip","Terror+1","Caltrops","Prepared","Malaise+1","Backstab","Infinite Blades+1","Well Laid Plans","Noxious Fumes","Malaise+1","Decay","Backstab+1","Backstab+1"],"max_hp_per_floor":[70,70,70,70,70,70,70,77,77,77,77,77,77,77,77,77,77,77,77,77,77,77,77,77,77,91,91,91,91,91,91,91,91,96,96,96,96,96,96,96,96,96,96,96,96,96,96,96,96,96],"relics":["Ring of the Snake","Dream Catcher","War Paint","Strawberry","Lantern","Cursed Key","Pen Nib","Shuriken","Mango","Thread and Needle","Tiny House","Bottled Lightning","Mummified Hand","Torii"],"card_choices":[{"not_picked":["Crippling Poison","Predator"],"picked":"Distraction","floor":6},{"not_picked":["Distraction","Backflip"],"picked":"Escape Plan","floor":10},{"not_picked":["Dodge and Roll","Bane"],"picked":"Dagger Throw","floor":15},{"not_picked":["Phantasmal Killer","Corpse Explosion"],"picked":"Venomology","floor":16},{"not_picked":["Underhanded Strike","Sucker Punch"],"picked":"Backstab","floor":18},{"not_picked":["Outmaneuver","PiercingWail"],"picked":"Malaise","floor":22},{"not_picked":["Sucker Punch","Bane"],"picked":"Backstab","floor":27},{"not_picked":["Dagger Spray","Outmaneuver"],"picked":"Infinite Blades","floor":30},{"not_picked":["Dodge and Roll","Finisher"],"picked":"Well Laid Plans","floor":34},{"not_picked":["Bane","Dagger Spray"],"picked":"Malaise","floor":39},{"not_picked":["Flechettes","Well Laid Plans"],"picked":"Backstab","floor":44},{"not_picked":["Dagger Throw","Quick Slash"],"picked":"Backstab","floor":47}],"player_experience":26292,"potions_floor_usage":[18,22,24,25,25,25,25,25,28,28,28,29,30,30,33,33,33,35,38,39,40,44,44,47,48,50,50,50],"damage_taken":[{"damage":0,"enemies":"Cultist","floor":1,"turns":4},{"damage":0,"enemies":"Jaw Worm","floor":5,"turns":5},{"damage":38,"enemies":"Gremlin Nob","floor":6,"turns":7},{"damage":1,"enemies":"2 Louse","floor":12,"turns":4},{"damage":0,"enemies":"Blue Slaver","floor":14,"turns":4},{"damage":60,"enemies":"The Guardian","floor":16,"turns":17},{"damage":6,"enemies":"3 Byrds","floor":18,"turns":11},{"damage":6,"enemies":"2 Thieves","floor":22,"turns":4},{"damage":9,"enemies":"Slavers","floor":24,"turns":6},{"damage":3,"enemies":"Centurion and Healer","floor":25,"turns":4},{"damage":37,"enemies":"Cultist and Chosen","floor":27,"turns":7},{"damage":8,"enemies":"Gremlin Leader","floor":28,"turns":3},{"damage":2,"enemies":"Snake Plant","floor":29,"turns":3},{"damage":6,"enemies":"Centurion and Healer","floor":30,"turns":4},{"damage":9,"enemies":"Snecko","floor":31,"turns":4},{"damage":33,"enemies":"Champ","floor":33,"turns":9},{"damage":15,"enemies":"3 Shapes","floor":35,"turns":5},{"damage":0,"enemies":"Orb Walker","floor":37,"turns":3},{"damage":2,"enemies":"Maw","floor":38,"turns":6},{"damage":30,"enemies":"Sphere and 2 Shapes","floor":39,"turns":6},{"damage":14,"enemies":"Giant Head","floor":40,"turns":9},{"damage":48,"enemies":"4 Shapes","floor":44,"turns":8},{"damage":0,"enemies":"3 Darklings","floor":47,"turns":3},{"damage":11,"enemies":"Maw","floor":48,"turns":6},{"damage":23,"enemies":"Time Eater","floor":50,"turns":14}],"event_choices":[{"event_name":"Liars Game","player_choice":"agreed","floor":4,"damage_taken":0},{"event_name":"Shining Light","player_choice":"Entered Light","floor":11,"damage_taken":0},{"event_name":"Upgrade Shrine","player_choice":"Upgraded","floor":20,"damage_taken":0},{"event_name":"The Library","player_choice":"Read","floor":21,"damage_taken":0},{"event_name":"The Woman in Blue","player_choice":"Bought 0 Potions","floor":41,"damage_taken":0},{"event_name":"Wheel of Change","player_choice":"Full Heal","floor":45,"damage_taken":0}],"boss_relics":[{"not_picked":["Philosopher\u0027s Stone","Ectoplasm"],"picked":"Cursed Key"},{"not_picked":["White Beast Statue","Snecko Eye"],"picked":"Tiny House"}],"potions_floor_spawned":[1,14,16,18,24,28,30,33,39,40,44,47],"seed_played":"-9066844438906051899","ascension_level":0,"is_trial":false}