{"gold_per_floor":[117,36,36,1,12,12,46,46,46,46,11,37,37,50,50,123,123,136,155,15,33,48,48,75,75,101,101,5,25,25,39,39,39],"floor_reached":33,"playtime":1557,"items_purged":["Strike_G"],"score":522,"play_id":"085bcc2f-3329-4f29-8bd8-1f6da60ace64","local_time":"20190305190432","is_ascension_mode":true,"campfire_choices":[{"data":"Skewer","floor":6.0,"key":"SMITH"},{"data":"Glass Knife","floor":15.0,"key":"SMITH"},{"floor":23,"key":"REST"},{"data":"Footwork","floor":25,"key":"SMITH"},{"data":"After Image","floor":27,"key":"SMITH"},{"data":"Neutralize","floor":32,"key":"SMITH"}],"neow_cost":"NONE","seed_source_timestamp":0,"circlet_count":0,"master_deck":["AscendersBane","Defend_G","Defend_G","Defend_G","Defend_G","Defend_G","Strike_G","Strike_G","Survivor","Neutralize+1","Skewer+1","Noxious Fumes","Backstab","Sucker Punch","Glass Knife+1","Cloak And Dagger","Glass Knife","Footwork+1","After Image+1","Deflect","PiercingWail","Cloak And Dagger","Dodge and Roll","Dodge and Roll","Deflect"],"special_seed":0,"relics":["Ring of the Serpent","NeowsBlessing","Mummified Hand","Bag of Marbles","Smiling Mask","Pantograph","Question Card","Bronze Scales","Art of War"],"potions_floor_usage":[29,31,33],"damage_taken":[{"damage":0.0,"enemies":"Cultist","floor":1.0,"turns":1.0},{"damage":0.0,"enemies":"Small Slimes","floor":5.0,"turns":1.0},{"damage":0.0,"enemies":"Lagavulin","floor":7.0,"turns":1.0},{"damage":16.0,"enemies":"3 Sentries","floor":12.0,"turns":6.0},{"damage":0.0,"enemies":"2 Louse","floor":14.0,"turns":1.0},{"damage":12.0,"enemies":"Slime Boss","floor":16.0,"turns":6.0},{"damage":12.0,"enemies":"2 Thieves","floor":18.0,"turns":5.0},{"damage":3.0,"enemies":"Chosen","floor":19.0,"turns":3.0},{"damage":6.0,"enemies":"3 Cultists","floor":21.0,"turns":5.0},{"damage":4.0,"enemies":"Shelled Parasite and Fungi","floor":22.0,"turns":9.0},{"damage":25,"enemies":"Gremlin Leader","floor":24,"turns":8},{"damage":0,"enemies":"Snecko","floor":29,"turns":4},{"damage":0,"enemies":"Cultist and Chosen","floor":31,"turns":8},{"damage":81,"enemies":"Champ","floor":33,"turns":15}],"seed_played":"3985303154491651697","potions_obtained":[{"floor":5.0,"key":"SkillPotion"},{"floor":12.0,"key":"Explosive Potion"},{"floor":19.0,"key":"PowerPotion"},{"floor":29,"key":"Explosive Potion"},{"floor":31,"key":"SkillPotion"}],"is_trial":false,"path_per_floor":["M","$","T","$","M","R","E","$","T","?","?","E","?","M","R","B",null,"M","M","$","M","M","R","E","R","T","R","$","M","?","M","R","B"],"character_chosen":"THE_SILENT","items_purchased":["Noxious Fumes","Backstab","After Image","Dodge and Roll"],"campfire_rested":1,"item_purchase_floors":[2,4,20,28],"current_hp_per_floor":[59,59,59,59,59,59,59,59,59,48,64,48,48,48,48,54,63,51,48,48,42,38,57,32,32,32,32,32,32,32,32,32,0],"gold":39,"neow_bonus":"THREE_ENEMY_KILL","is_prod":false,"is_daily":false,"chose_seed":false,"campfire_upgraded":5,"win_rate":0,"timestamp":1551830672,"path_taken":["M","?","?","$","M","R","E","$","T","?","?","E","?","M","R","BOSS","M","M","$","?","M","R","E","R","T","R","$","M","?","?","R","BOSS"],"build_version":"2019-01-23","purchased_purges":1,"victory":false,"max_hp_per_floor":[66,66,66,66,66,66,66,66,66,66,66,66,66,66,66,66,66,66,66,66,66,66,66,66,66,66,66,66,66,66,66,66,66],"card_choices":[{"not_picked":["Acrobatics","Sucker Punch"],"picked":"Skewer","floor":1.0},{"not_picked":["Quick Slash","Deadly Poison"],"picked":"Sucker Punch","floor":5.0},{"not_picked":["Bouncing Flask","Skewer","Blade Dance"],"picked":"SKIP","floor":7.0},{"not_picked":["Cloak And Dagger","Blur"],"picked":"Glass Knife","floor":12.0},{"not_picked":["Tactician","Dagger Throw","Dash"],"picked":"Cloak And Dagger","floor":14.0},{"not_picked":["Venomology","Tools of the Trade","Corpse Explosion"],"picked":"Glass Knife","floor":16.0},{"not_picked":["Flying Knee","Concentrate","Acrobatics","Reflex"],"picked":"SKIP","floor":18.0},{"not_picked":["Expertise","Sucker Punch+1","Cloak And Dagger"],"picked":"Footwork","floor":19.0},{"not_picked":["Bane","Outmaneuver","Choke"],"picked":"Deflect","floor":21.0},{"not_picked":["Dagger Spray","Blur","Catalyst"],"picked":"PiercingWail","floor":22.0},{"not_picked":["Reflex+1","Prepared","Doppelganger"],"picked":"Cloak And Dagger","floor":24},{"not_picked":["Flying Knee","Endless Agony","Escape Plan"],"picked":"Dodge and Roll","floor":29},{"not_picked":["Finisher+1","PiercingWail","Poisoned Stab"],"picked":"Deflect","floor":31}],"player_experience":482042,"relics_obtained":[{"floor":3.0,"key":"Mummified Hand"},{"floor":7.0,"key":"Bag of Marbles"},{"floor":9.0,"key":"Smiling Mask"},{"floor":12.0,"key":"Question Card"},{"floor":24,"key":"Bronze Scales"},{"floor":26,"key":"Art of War"}],"event_choices":[{"damage_healed":0.0,"max_hp_gain":0.0,"max_hp_loss":0.0,"gold_gain":0.0,"event_name":"Scrap Ooze","player_choice":"Success","floor":10.0,"gold_loss":0.0,"damage_taken":11.0,"relics_obtained":["Pantograph"]},{"damage_healed":16.0,"max_hp_gain":0.0,"max_hp_loss":0.0,"gold_gain":0.0,"event_name":"The Cleric","player_choice":"Healed","floor":11.0,"gold_loss":35.0,"damage_taken":0.0},{"cards_removed":["Strike_G"],"damage_healed":0.0,"max_hp_gain":0.0,"max_hp_loss":0.0,"gold_gain":0.0,"event_name":"Purifier","player_choice":"Purged","floor":13.0,"gold_loss":0.0,"damage_taken":0.0},{"cards_removed":["Strike_G"],"damage_healed":0,"gold_gain":0,"player_choice":"Offered Basic","damage_taken":0,"max_hp_gain":0,"max_hp_loss":0,"event_name":"Bonfire Elementals","floor":30,"gold_loss":0}],"is_beta":false,"boss_relics":[{"not_picked":["Snecko Eye","WristBlade"],"picked":"Ring of the Serpent"}],"items_purged_floors":[28],"is_endless":false,"potions_floor_spawned":[5,12,19,29,31],"killed_by":"Champ","ascension_level":15}