{"gold_per_floor":[118,133,133,152,171,200,217,217,217,392,392,417,451,468,468,468],"floor_reached":16,"playtime":834,"items_purged":[],"score":112,"play_id":"79c8a21e-bba3-4eb8-ad1b-f3798881afb6","local_time":"20190102180334","is_ascension_mode":false,"campfire_choices":[{"floor":11,"key":"REST"},{"floor":15,"key":"REST"}],"neow_cost":"NONE","seed_source_timestamp":9551655554522,"circlet_count":0,"master_deck":["Defend_G","Defend_G","Defend_G","Defend_G","Defend_G","Strike_G","Strike_G","Strike_G","Strike_G","Survivor","Neutralize","Blade Dance","Blade Dance","Accuracy","Dodge and Roll","Acrobatics","Doubt","Dodge and Roll","PiercingWail"],"relics":["Ring of the Snake","Happy Flower","Pantograph","Lantern","Paper Crane"],"potions_floor_usage":[7,13,16],"damage_taken":[{"damage":1,"enemies":"2 Louse","floor":1,"turns":5},{"damage":0,"enemies":"Cultist","floor":2,"turns":4},{"damage":3,"enemies":"Small Slimes","floor":4,"turns":4},{"damage":0,"enemies":"Looter","floor":5,"turns":3},{"damage":56,"enemies":"Gremlin Nob","floor":6,"turns":5},{"damage":0,"enemies":"Blue Slaver","floor":7,"turns":4},{"damage":20,"enemies":"Lagavulin","floor":13,"turns":7},{"damage":3,"enemies":"Lots of Slimes","floor":14,"turns":6},{"damage":48,"enemies":"The Guardian","floor":16,"turns":16}],"seed_played":"7254683868792536366","potions_obtained":[{"floor":1,"key":"SteroidPotion"},{"floor":4,"key":"GamblersBrew"},{"floor":5,"key":"Strength Potion"}],"is_trial":false,"path_per_floor":["M","M","?","M","M","E","M","?","T","?","R","T","E","M","R","B"],"character_chosen":"THE_SILENT","items_purchased":[],"campfire_rested":2,"item_purchase_floors":[],"current_hp_per_floor":[69,69,69,66,66,10,10,3,3,3,24,24,4,1,22,0],"gold":468,"neow_bonus":"RANDOM_COLORLESS","is_prod":false,"is_daily":false,"chose_seed":false,"campfire_upgraded":0,"win_rate":0.0,"timestamp":1546419814,"path_taken":["M","M","?","M","?","E","M","?","T","?","R","?","E","M","R","BOSS"],"build_version":"2018-12-20","purchased_purges":0,"victory":false,"max_hp_per_floor":[70,70,70,70,70,70,70,70,70,70,70,70,70,70,70,70],"card_choices":[{"not_picked":["Dagger Spray","All Out Attack"],"picked":"Blade Dance","floor":1},{"not_picked":["Sucker Punch","Dodge and Roll"],"picked":"Blade Dance","floor":2},{"not_picked":["Cloak And Dagger","All Out Attack"],"picked":"Accuracy","floor":4},{"not_picked":["Distraction","Flechettes","Expertise"],"picked":"SKIP","floor":5},{"not_picked":["Masterful Stab","Caltrops"],"picked":"Dodge and Roll","floor":6},{"not_picked":["Distraction","Sucker Punch"],"picked":"Acrobatics","floor":7},{"not_picked":["Calculated Gamble","Poisoned Stab"],"picked":"Dodge and Roll","floor":13},{"not_picked":["Reflex","Outmaneuver"],"picked":"PiercingWail","floor":14}],"player_experience":45488,"relics_obtained":[{"floor":6,"key":"Happy Flower"},{"floor":9,"key":"Pantograph"},{"floor":12,"key":"Lantern"},{"floor":13,"key":"Paper Crane"}],"event_choices":[{"cards_removed":["Strike_G"],"damage_healed":0,"gold_gain":0,"player_choice":"Offered Basic","damage_taken":0,"max_hp_gain":0,"max_hp_loss":0,"event_name":"Bonfire Elementals","floor":3,"gold_loss":0},{"cards_removed":["Purity"],"damage_healed":0,"gold_gain":0,"player_choice":"Card Removal","damage_taken":7,"max_hp_gain":0,"max_hp_loss":0,"event_name":"Golden Wing","floor":8,"gold_loss":0},{"damage_healed":0,"gold_gain":175,"player_choice":"AGREE","damage_taken":0,"max_hp_gain":0,"max_hp_loss":0,"event_name":"Liars Game","floor":10,"gold_loss":0,"cards_obtained":["Doubt"]}],"is_beta":false,"boss_relics":[],"items_purged_floors":[],"is_endless":false,"potions_floor_spawned":[1,4,5],"killed_by":"The Guardian","ascension_level":0}