{"gold_per_floor":[116,116,116,12,26,26,59,72,72,100,69,69,99,109,109,109],"floor_reached":16,"playtime":655,"items_purged":[],"score":229,"play_id":"bb3f0144-d52b-41cd-ba0a-4676266f8506","local_time":"20190209233057","is_ascension_mode":true,"campfire_choices":[{"data":"Redo","floor":6.0,"key":"SMITH"},{"floor":12.0,"key":"REST"},{"data":"White Noise","floor":15,"key":"SMITH"}],"neow_cost":"NONE","seed_source_timestamp":45217237432504,"circlet_count":0,"master_deck":["AscendersBane","Strike_B","Strike_B","Strike_B","Strike_B","Defend_B","Defend_B","Defend_B","Defend_B","Zap+1","Dualcast","Redo+1","Melter","Coolheaded","Streamline","White Noise+1","Doom and Gloom","Steam","Loop"],"special_seed":0,"relics":["Cracked Core","NeowsBlessing","Art of War","Matryoshka","Bag of Marbles","Bottled Flame"],"potions_floor_usage":[13,16],"damage_taken":[{"damage":0.0,"enemies":"Small Slimes","floor":1.0,"turns":1.0},{"damage":0.0,"enemies":"Jaw Worm","floor":5.0,"turns":1.0},{"damage":0.0,"enemies":"Gremlin Nob","floor":7.0,"turns":1.0},{"damage":0.0,"enemies":"2 Louse","floor":8.0,"turns":2.0},{"damage":31.0,"enemies":"3 Sentries","floor":10.0,"turns":5.0},{"damage":24,"enemies":"Lagavulin","floor":13,"turns":5},{"damage":1,"enemies":"Large Slime","floor":14,"turns":4},{"damage":38,"enemies":"Slime Boss","floor":16,"turns":5}],"seed_played":"4111775758214568854","potions_obtained":[{"floor":8.0,"key":"Dexterity Potion"},{"floor":10.0,"key":"FocusPotion"}],"is_trial":false,"path_per_floor":["M","?","?","$","M","R","E","M","T","E","?","R","E","M","R","B"],"character_chosen":"DEFECT","items_purchased":["Melter","Coolheaded"],"campfire_rested":1,"item_purchase_floors":[4,4],"current_hp_per_floor":[68,68,68,68,68,68,68,68,68,37,37,59,35,34,34,0],"gold":109,"neow_bonus":"THREE_ENEMY_KILL","is_prod":false,"is_daily":false,"chose_seed":false,"campfire_upgraded":2,"win_rate":0,"timestamp":1549722657,"path_taken":["M","?","?","$","M","R","E","M","T","E","?","R","E","M","R","BOSS"],"build_version":"2019-01-23","purchased_purges":0,"victory":false,"max_hp_per_floor":[75,75,75,75,75,75,75,75,75,75,75,75,75,75,75,75],"card_choices":[{"not_picked":["Stack","Compile Driver"],"picked":"Redo","floor":1.0},{"not_picked":["Stack","Turbo"],"picked":"Streamline","floor":5.0},{"not_picked":["Hyperbeam","Compile Driver"],"picked":"White Noise","floor":7.0},{"not_picked":["Chill","Coolheaded"],"picked":"Doom and Gloom","floor":8.0},{"not_picked":["Rip and Tear","Loop"],"picked":"Steam","floor":10.0},{"not_picked":["Streamline","Compile Driver","Hyperbeam"],"picked":"SKIP","floor":13},{"not_picked":["Gash","Turbo"],"picked":"Loop","floor":14}],"player_experience":316745,"relics_obtained":[{"floor":7.0,"key":"Art of War"},{"floor":9.0,"key":"Matryoshka"},{"floor":10.0,"key":"Bag of Marbles"},{"floor":13,"key":"Bottled Flame"}],"event_choices":[{"damage_healed":0.0,"max_hp_gain":0.0,"max_hp_loss":0.0,"gold_gain":0.0,"event_name":"Shining Light","player_choice":"Ignored","floor":2.0,"gold_loss":0.0,"damage_taken":0.0},{"damage_healed":0.0,"max_hp_gain":0.0,"max_hp_loss":0.0,"gold_gain":0.0,"event_name":"Living Wall","player_choice":"Grow","floor":3.0,"gold_loss":0.0,"damage_taken":0.0,"cards_upgraded":["Zap"]},{"damage_healed":0.0,"max_hp_gain":0.0,"max_hp_loss":0.0,"gold_gain":0.0,"event_name":"World of Goop","player_choice":"Left Gold","floor":11.0,"gold_loss":31.0,"damage_taken":0.0}],"is_beta":false,"boss_relics":[],"items_purged_floors":[],"is_endless":false,"potions_floor_spawned":[8,10],"killed_by":"Slime Boss","ascension_level":12}