{"gold_per_floor":[113,113,113,133,158,158,171,205,205,221,221,221,29,64,64,187,187,205,205,223,6,24,24],"floor_reached":23,"playtime":765,"items_purged":["Strike_B"],"score":312,"play_id":"67a524ed-61c6-40f6-ad15-6115a673704f","local_time":"20190129144037","is_ascension_mode":true,"campfire_choices":[{"data":"Dualcast","floor":6,"key":"SMITH"},{"floor":12,"key":"REST"},{"floor":15,"key":"REST"}],"neow_cost":"NONE","seed_source_timestamp":1001573627224473,"circlet_count":0,"master_deck":["AscendersBane","Strike_B","Strike_B","Defend_B","Defend_B","Defend_B","Defend_B","Zap","Dualcast+1","Ball Lightning","Streamline","Biased Cognition","Redo","BootSequence","Conserve Battery","Turbo","Electrodynamics","Chill","Sweeping Beam","Scrape","Dark Shackles","Redo"],"relics":["Cracked Core","NeowsBlessing","Golden Idol","Strawberry","Darkstone Periapt","OrangePellets","Emotion Chip","Snecko Eye"],"potions_floor_usage":[14,20,22,23],"damage_taken":[{"damage":0,"enemies":"Small Slimes","floor":1,"turns":1},{"damage":0,"enemies":"Jaw Worm","floor":4,"turns":1},{"damage":0,"enemies":"Cultist","floor":5,"turns":1},{"damage":11,"enemies":"3 Louse","floor":7,"turns":3},{"damage":40,"enemies":"Lagavulin","floor":8,"turns":4},{"damage":3,"enemies":"Exordium Wildlife","floor":10,"turns":3},{"damage":18,"enemies":"3 Sentries","floor":14,"turns":5},{"damage":41,"enemies":"Slime Boss","floor":16,"turns":9},{"damage":11,"enemies":"Shell Parasite","floor":18,"turns":4},{"damage":7,"enemies":"Chosen","floor":20,"turns":3},{"damage":29,"enemies":"Centurion and Healer","floor":22,"turns":7},{"damage":12,"enemies":"Book of Stabbing","floor":23,"turns":1}],"seed_played":"-772926944522157313","potions_obtained":[{"floor":5,"key":"SteroidPotion"},{"floor":8,"key":"LiquidBronze"},{"floor":18,"key":"GamblersBrew"}],"is_trial":false,"path_per_floor":["M","?","T","M","M","R","M","E","T","M","?","R","$","E","R","B",null,"M","?","M","$","M","E"],"character_chosen":"DEFECT","items_purchased":["OrangePellets","Dark Shackles","PowerPotion"],"campfire_rested":2,"item_purchase_floors":[13,21,21],"current_hp_per_floor":[68,68,68,68,68,68,57,24,24,21,21,43,43,25,47,6,59,48,48,41,41,12,0],"gold":24,"neow_bonus":"THREE_ENEMY_KILL","is_prod":false,"is_daily":false,"chose_seed":false,"campfire_upgraded":1,"win_rate":0,"timestamp":1548790837,"path_taken":["M","?","?","?","M","R","M","E","T","M","?","R","$","E","R","BOSS","M","?","M","$","M","E"],"build_version":"2019-01-23","purchased_purges":1,"victory":false,"max_hp_per_floor":[75,69,69,69,69,69,69,76,76,76,76,76,76,76,76,76,76,76,76,76,76,76,76],"card_choices":[{"not_picked":["Stack","Turbo"],"picked":"Ball Lightning","floor":1},{"not_picked":["Turbo","Barrage"],"picked":"Streamline","floor":4},{"not_picked":["Steam","Streamline"],"picked":"Biased Cognition","floor":5},{"not_picked":["Barrage","Stack"],"picked":"Redo","floor":7},{"not_picked":["Sweeping Beam","Ball Lightning"],"picked":"BootSequence","floor":8},{"not_picked":["Gash","Aggregate"],"picked":"Conserve Battery","floor":10},{"not_picked":["Blizzard","Leap"],"picked":"Turbo","floor":14},{"not_picked":["Meteor Strike","Multi-Cast"],"picked":"Electrodynamics","floor":16},{"not_picked":["Go for the Eyes+1","Compile Driver+1"],"picked":"Chill","floor":18},{"not_picked":["Compile Driver","White Noise"],"picked":"Scrape","floor":20},{"not_picked":["Ball Lightning","Go for the Eyes"],"picked":"Redo","floor":22}],"player_experience":537773,"relics_obtained":[{"floor":8,"key":"Strawberry"},{"floor":9,"key":"Darkstone Periapt"},{"floor":14,"key":"Emotion Chip"}],"event_choices":[{"damage_healed":0,"gold_gain":0,"player_choice":"Lose Max HP","damage_taken":0,"relics_obtained":["Golden Idol"],"max_hp_gain":0,"max_hp_loss":6,"event_name":"Golden Idol","floor":2,"gold_loss":0},{"damage_healed":0,"gold_gain":0,"player_choice":"Searched \u00270\u0027 times","damage_taken":0,"max_hp_gain":0,"max_hp_loss":0,"event_name":"Dead Adventurer","floor":11,"gold_loss":0},{"damage_healed":0,"gold_gain":0,"cards_transformed":["Strike_B"],"player_choice":"Transformed","damage_taken":0,"max_hp_gain":0,"max_hp_loss":0,"event_name":"Transmorgrifier","floor":19,"gold_loss":0,"cards_obtained":["Sweeping Beam"]}],"is_beta":false,"boss_relics":[{"not_picked":["Ectoplasm","Coffee Dripper"],"picked":"Snecko Eye"}],"items_purged_floors":[21],"is_endless":false,"potions_floor_spawned":[5,8,18],"killed_by":"Book of Stabbing","ascension_level":11}