{"gold_per_floor":[115,115,40,40,54,85,85,118,118,118,142,165,165,185,185,185],"floor_reached":16,"playtime":471,"items_purged":["Shame"],"score":171,"play_id":"e8c2b19a-efb7-4cf2-87db-a7a6409e7bc5","local_time":"20190129155523","is_ascension_mode":true,"campfire_choices":[{"floor":7,"key":"REST"},{"data":"Hyperbeam","floor":13,"key":"SMITH"},{"data":"Hologram","floor":15,"key":"SMITH"}],"neow_cost":"CURSE","seed_source_timestamp":1006360698159024,"circlet_count":0,"master_deck":["AscendersBane","Strike_B","Defend_B","Defend_B","Defend_B","Defend_B","Zap","Dualcast","Scrape","Hyperbeam+1","FTL","Hologram+1","FTL","Sweeping Beam","Chill","Sweeping Beam"],"relics":["Cracked Core","Symbiotic Virus","Golden Idol","PreservedInsect","Pen Nib"],"potions_floor_usage":[8,14,16],"damage_taken":[{"damage":8,"enemies":"Small Slimes","floor":1,"turns":2},{"damage":3,"enemies":"2 Louse","floor":5,"turns":2},{"damage":37,"enemies":"Lagavulin","floor":6,"turns":5},{"damage":7,"enemies":"3 Sentries","floor":8,"turns":3},{"damage":0,"enemies":"Jaw Worm","floor":11,"turns":3},{"damage":0,"enemies":"Looter","floor":12,"turns":3},{"damage":0,"enemies":"Exordium Wildlife","floor":14,"turns":1},{"damage":24,"enemies":"Hexaghost","floor":16,"turns":9}],"seed_played":"2939264362922959666","potions_obtained":[{"floor":5,"key":"Fire Potion"},{"floor":6,"key":"FearPotion"},{"floor":12,"key":"Strength Potion"}],"is_trial":false,"path_per_floor":["M","?","$","?","M","E","R","E","T","?","M","M","R","M","R","B"],"character_chosen":"DEFECT","items_purchased":[],"campfire_rested":1,"item_purchase_floors":[],"current_hp_per_floor":[60,57,57,57,54,17,37,30,30,23,23,23,23,23,23,0],"gold":185,"neow_bonus":"TRANSFORM_TWO_CARDS","is_prod":false,"is_daily":false,"chose_seed":false,"campfire_upgraded":2,"win_rate":0,"timestamp":1548795323,"path_taken":["M","?","$","?","M","E","R","E","T","?","M","M","R","M","R","BOSS"],"build_version":"2019-01-23","purchased_purges":1,"victory":false,"max_hp_per_floor":[75,75,75,69,69,69,69,69,69,69,69,69,69,69,69,69],"card_choices":[{"not_picked":["Defragment","Cold Snap"],"picked":"FTL","floor":1},{"not_picked":["Double Energy","Beam Cell"],"picked":"Hologram","floor":5},{"not_picked":["Sweeping Beam","Rip and Tear"],"picked":"FTL","floor":6},{"not_picked":["Heatsinks","Ball Lightning"],"picked":"Sweeping Beam","floor":8},{"not_picked":["Ball Lightning","Heatsinks"],"picked":"Chill","floor":11},{"not_picked":["Double Energy","Coolheaded","Stack"],"picked":"SKIP","floor":12},{"not_picked":["Loop","Compile Driver"],"picked":"Sweeping Beam","floor":14}],"player_experience":542431,"relics_obtained":[{"floor":6,"key":"PreservedInsect"},{"floor":8,"key":"Pen Nib"}],"event_choices":[{"damage_healed":0,"gold_gain":0,"player_choice":"Success","damage_taken":3,"relics_obtained":["Symbiotic Virus"],"max_hp_gain":0,"max_hp_loss":0,"event_name":"Scrap Ooze","floor":2,"gold_loss":0},{"damage_healed":0,"gold_gain":0,"player_choice":"Lose Max HP","damage_taken":0,"relics_obtained":["Golden Idol"],"max_hp_gain":0,"max_hp_loss":6,"event_name":"Golden Idol","floor":4,"gold_loss":0},{"cards_removed":["Strike_B"],"damage_healed":0,"gold_gain":0,"player_choice":"Card Removal","damage_taken":7,"max_hp_gain":0,"max_hp_loss":0,"event_name":"Golden Wing","floor":10,"gold_loss":0}],"is_beta":false,"boss_relics":[],"items_purged_floors":[3],"is_endless":false,"potions_floor_spawned":[5,6,12],"killed_by":"Hexaghost","ascension_level":11}