{"gold_per_floor":[110,35,52,71,71,71,91,148,175,175,203,203,220,251,251,349,349,369,369,369,19,33,33,59,59,59,69,69,69,69,82,82,183,183,198,420,420,434,444,444,479,479,479,479,496,510,522,40,40,40],"floor_reached":50,"playtime":3097,"items_purged":["Defend_G","Strike_G","Defend_G"],"score":619,"play_id":"8e2c875d-90f3-42f0-ada8-229ec78d0e69","local_time":"20190115230119","is_ascension_mode":true,"campfire_choices":[{"data":"Tools of the Trade","floor":6,"key":"SMITH"},{"data":"Backflip","floor":10,"key":"SMITH"},{"data":"Dash","floor":12,"key":"SMITH"},{"data":"Skewer","floor":15,"key":"SMITH"},{"data":"Burst","floor":23,"key":"SMITH"},{"data":"Venomology","floor":25,"key":"SMITH"},{"data":"J.A.X.","floor":28,"key":"SMITH"},{"floor":32,"key":"REST"},{"data":"Bouncing Flask","floor":40,"key":"SMITH"},{"data":"Backflip","floor":42,"key":"SMITH"},{"floor":49,"key":"REST"}],"neow_cost":"TEN_PERCENT_HP_LOSS","seed_source_timestamp":534158264844973,"circlet_count":0,"master_deck":["Defend_G+1","Strike_G","Strike_G","Survivor","Neutralize+1","Tools of the Trade+1","Dash+1","Blur","PiercingWail","Backflip+1","Venomology+1","Skewer+1","Burst+1","Backflip+1","J.A.X.+1","Underhanded Strike","Slice+1","Die Die Die","Bouncing Flask+1","Backflip+1","Concentrate+1","Poisoned Stab+1","Flechettes","Metamorphosis","PiercingWail"],"relics":["Ring of the Snake","Art of War","Lantern","Odd Mushroom","Snake Skull","Busted Crown","Meat on the Bone","Red Mask","Incense Burner","WristBlade","Pear","Gremlin Horn","Pantograph"],"potions_floor_usage":[14,16,16,16,22,24,24,31,33,39,41,41,45,46,50,50],"damage_taken":[{"damage":0,"enemies":"Cultist","floor":1,"turns":4},{"damage":2,"enemies":"Jaw Worm","floor":3,"turns":5},{"damage":0,"enemies":"Small Slimes","floor":4,"turns":4},{"damage":0,"enemies":"Looter","floor":7,"turns":4},{"damage":2,"enemies":"3 Sentries","floor":8,"turns":13},{"damage":0,"enemies":"The Mushroom Lair","floor":11,"turns":7},{"damage":0,"enemies":"Blue Slaver","floor":13,"turns":4},{"damage":0,"enemies":"3 Sentries","floor":14,"turns":10},{"damage":12,"enemies":"Slime Boss","floor":16,"turns":10},{"damage":0,"enemies":"Shell Parasite","floor":18,"turns":8},{"damage":9,"enemies":"2 Thieves","floor":22,"turns":4},{"damage":2,"enemies":"Masked Bandits","floor":24,"turns":6},{"damage":6,"enemies":"Chosen and Byrds","floor":27,"turns":6},{"damage":3,"enemies":"Snecko","floor":31,"turns":3},{"damage":22,"enemies":"Champ","floor":33,"turns":10},{"damage":14,"enemies":"3 Shapes","floor":35,"turns":4},{"damage":0,"enemies":"Orb Walker","floor":38,"turns":3},{"damage":6,"enemies":"Jaw Worm Horde","floor":39,"turns":3},{"damage":27,"enemies":"Nemesis","floor":41,"turns":7},{"damage":3,"enemies":"3 Darklings","floor":45,"turns":3},{"damage":13,"enemies":"4 Shapes","floor":46,"turns":3},{"damage":26,"enemies":"Writhing Mass","floor":47,"turns":5},{"damage":114,"enemies":"Time Eater","floor":50,"turns":10}],"seed_played":"7000306469482275981","potions_obtained":[{"floor":1,"key":"SteroidPotion"},{"floor":11,"key":"Fire Potion"},{"floor":13,"key":"Energy Potion"},{"floor":14,"key":"GhostInAJar"},{"floor":18,"key":"LiquidBronze"},{"floor":41,"key":"Energy Potion"},{"floor":45,"key":"Fire Potion"}],"is_trial":false,"path_per_floor":["M","$","M","M","?","R","M","?","T","R","?","R","M","E","R","B",null,"M","?","?","$","M","R","?","R","T","M","R","$","?","M","R","B",null,"M","?","?","M","M","R","E","R","T","T","M","M","M","$","R","B"],"character_chosen":"THE_SILENT","items_purchased":["Meat on the Bone","Flechettes","Metamorphosis","Fire Potion","PiercingWail"],"campfire_rested":2,"item_purchase_floors":[21,48,48,48,48],"current_hp_per_floor":[63,63,61,61,48,48,48,46,46,46,46,46,46,46,46,34,56,56,45,45,45,36,36,46,46,46,40,40,40,40,37,57,35,60,46,46,46,46,40,40,35,35,35,35,44,43,29,29,52,0],"gold":40,"neow_bonus":"TRANSFORM_TWO_CARDS","is_prod":false,"is_daily":false,"chose_seed":false,"campfire_upgraded":9,"win_rate":0,"timestamp":1547611279,"path_taken":["M","$","M","?","?","R","M","?","T","R","?","R","M","E","R","BOSS","M","?","?","$","M","R","?","R","T","M","R","?","?","?","R","BOSS","M","?","?","M","M","R","E","R","T","?","M","M","M","$","R","BOSS"],"build_version":"2019-01-10","purchased_purges":3,"victory":false,"max_hp_per_floor":[63,63,63,63,63,63,63,63,63,63,63,63,63,63,63,63,63,63,68,68,68,68,68,68,68,68,68,68,68,68,68,68,68,68,68,68,68,68,68,68,78,78,78,78,78,78,78,78,78,78],"card_choices":[{"not_picked":["Deflect","Terror"],"picked":"Blur","floor":1},{"not_picked":["Underhanded Strike","Bane","Blade Dance"],"picked":"SKIP","floor":3},{"not_picked":["Flying Knee","Concentrate"],"picked":"PiercingWail","floor":4},{"not_picked":["Quick Slash","Predator","Dagger Spray"],"picked":"SKIP","floor":7},{"not_picked":["Accuracy","Blade Dance"],"picked":"Backflip","floor":8},{"not_picked":["Underhanded Strike","Dagger Throw"],"picked":"Venomology","floor":13},{"not_picked":["Cloak And Dagger","Sucker Punch"],"picked":"Skewer","floor":14},{"not_picked":["Night Terror","Adrenaline"],"picked":"Burst","floor":16},{"not_picked":[],"picked":"Backflip","floor":18},{"not_picked":["Distraction+1"],"picked":"SKIP","floor":22},{"not_picked":[],"picked":"Underhanded Strike","floor":24},{"not_picked":["Quick Slash"],"picked":"SKIP","floor":27},{"not_picked":[],"picked":"Slice+1","floor":31},{"not_picked":[],"picked":"Die Die Die","floor":33},{"not_picked":[],"picked":"Bouncing Flask","floor":35},{"not_picked":["Acrobatics"],"picked":"SKIP","floor":38},{"not_picked":[],"picked":"Backflip+1","floor":39},{"not_picked":[],"picked":"Concentrate+1","floor":41},{"not_picked":[],"picked":"Poisoned Stab+1","floor":45},{"not_picked":["Poisoned Stab"],"picked":"SKIP","floor":46},{"not_picked":["Endless Agony"],"picked":"SKIP","floor":47}],"player_experience":382835,"relics_obtained":[{"floor":8,"key":"Art of War"},{"floor":9,"key":"Lantern"},{"floor":11,"key":"Odd Mushroom"},{"floor":14,"key":"Snake Skull"},{"floor":24,"key":"Red Mask"},{"floor":26,"key":"Incense Burner"},{"floor":41,"key":"Pear"},{"floor":43,"key":"Gremlin Horn"},{"floor":44,"key":"Pantograph"}],"event_choices":[{"damage_healed":0,"gold_gain":0,"player_choice":"Entered Light","damage_taken":13,"max_hp_gain":0,"max_hp_loss":0,"event_name":"Shining Light","floor":5,"gold_loss":0,"cards_upgraded":["Neutralize","Defend_G"]},{"damage_healed":0,"gold_gain":0,"player_choice":"Searched \u00271\u0027 times","damage_taken":0,"max_hp_gain":0,"max_hp_loss":0,"event_name":"Dead Adventurer","floor":8,"gold_loss":0},{"damage_healed":0,"gold_gain":0,"player_choice":"Fought Mushrooms","damage_taken":0,"max_hp_gain":0,"max_hp_loss":0,"event_name":"Mushrooms","floor":11,"gold_loss":0},{"damage_healed":0,"gold_gain":0,"player_choice":"Shed Blood","damage_taken":16,"max_hp_gain":5,"max_hp_loss":0,"event_name":"Forgotten Altar","floor":19,"gold_loss":0},{"damage_healed":0,"gold_gain":0,"player_choice":"Obtain J.A.X.","damage_taken":0,"max_hp_gain":0,"max_hp_loss":0,"event_name":"Drug Dealer","floor":20,"gold_loss":0,"cards_obtained":["J.A.X."]},{"damage_healed":0,"gold_gain":0,"player_choice":"Fought Bandits","damage_taken":0,"max_hp_gain":0,"max_hp_loss":0,"event_name":"Masked Bandits","floor":24,"gold_loss":0},{"cards_removed":["Defend_G"],"damage_healed":0,"gold_gain":0,"player_choice":"Purged","damage_taken":0,"max_hp_gain":0,"max_hp_loss":0,"event_name":"Purifier","floor":30,"gold_loss":0},{"damage_healed":0,"gold_gain":222,"player_choice":"Wore Mask","damage_taken":0,"max_hp_gain":0,"max_hp_loss":0,"event_name":"Tomb of Lord Red Mask","floor":36,"gold_loss":0},{"cards_removed":["Defend_G"],"damage_healed":0,"gold_gain":0,"player_choice":"Removed Skill","damage_taken":0,"max_hp_gain":0,"max_hp_loss":0,"event_name":"Falling","floor":37,"gold_loss":0}],"is_beta":false,"boss_relics":[{"not_picked":["Pandora\u0027s Box","Astrolabe"],"picked":"Busted Crown"},{"not_picked":["Philosopher\u0027s Stone","Tiny House"],"picked":"WristBlade"}],"items_purged_floors":[2,21,48],"is_endless":false,"potions_floor_spawned":[1,11,13,14,18,24,38,41,45],"killed_by":"Time Eater","ascension_level":5}