{"gold_per_floor":[110,110,110,110,35,35,54,54,54,70,88,121,142,185,185,305,305,326,326,340,148,161,182,197,197,248,248,248,347,193,207,207,333,333,357,357,370,57,70,70,70,70,70,91,115,134,134,159,159,159],"floor_reached":50,"playtime":2766,"items_purged":["Decay"],"score":578,"play_id":"8ea54676-0b5a-45ca-ae59-ac6e61bfc1e1","local_time":"20190304042311","is_ascension_mode":true,"campfire_choices":[{"data":"Bash","floor":6,"key":"SMITH"},{"data":"Defend_R","floor":8,"key":"SMITH"},{"data":"Rampage","floor":15,"key":"SMITH"},{"data":"Reaper","floor":25,"key":"SMITH"},{"data":"Heavy Blade","floor":28,"key":"SMITH"},{"data":"Sword Boomerang","floor":32,"key":"SMITH"},{"data":"Limit Break","floor":40,"key":"SMITH"},{"data":"Rage","floor":49,"key":"SMITH"}],"neow_cost":"NONE","seed_source_timestamp":1250359017095279,"circlet_count":0,"master_deck":["Defend_R","Defend_R","Defend_R","Defend_R+1","Bash+1","Ghostly Armor+1","Spot Weakness","Ghostly Armor","Rampage+1","Shockwave","Reaper+1","Bite","Bite","Bite","Bite","Bite","Heavy Blade+1","Inflame+1","Sword Boomerang+1","Limit Break+1","Flex","Sword Boomerang+1","Rage+1","Sword Boomerang+1","Whirlwind+1","Mind Blast"],"relics":["Coffee Dripper","Golden Idol","Frozen Egg 2","Bottled Flame","Kunai","Lizard Tail","MealTicket","Bag of Preparation","Anchor","Orrery","Paper Frog","The Courier"],"potions_floor_usage":[14,33,33,44,45,46,50,50,50],"damage_taken":[{"damage":2,"enemies":"Jaw Worm","floor":1,"turns":3},{"damage":0,"enemies":"2 Louse","floor":7,"turns":3},{"damage":1,"enemies":"Small Slimes","floor":10,"turns":3},{"damage":12,"enemies":"Gremlin Gang","floor":11,"turns":4},{"damage":10,"enemies":"Gremlin Nob","floor":12,"turns":4},{"damage":0,"enemies":"Exordium Thugs","floor":13,"turns":4},{"damage":20,"enemies":"3 Sentries","floor":14,"turns":8},{"damage":1,"enemies":"The Guardian","floor":16,"turns":10},{"damage":19,"enemies":"Spheric Guardian","floor":18,"turns":6},{"damage":12,"enemies":"Chosen","floor":20,"turns":5},{"damage":21,"enemies":"Centurion and Healer","floor":22,"turns":8},{"damage":22,"enemies":"Snake Plant","floor":23,"turns":5},{"damage":44,"enemies":"3 Cultists","floor":24,"turns":7},{"damage":9,"enemies":"Shelled Parasite and Fungi","floor":31,"turns":5},{"damage":103,"enemies":"Collector","floor":33,"turns":11},{"damage":40,"enemies":"3 Darklings","floor":35,"turns":5},{"damage":28,"enemies":"3 Shapes","floor":37,"turns":5},{"damage":26,"enemies":"Sphere and 2 Shapes","floor":39,"turns":5},{"damage":21,"enemies":"Jaw Worm Horde","floor":44,"turns":3},{"damage":44,"enemies":"Writhing Mass","floor":45,"turns":6},{"damage":3,"enemies":"Transient","floor":46,"turns":5},{"damage":33,"enemies":"Maw","floor":48,"turns":6},{"damage":80,"enemies":"Awakened One","floor":50,"turns":6}],"seed_played":"6968204765787246151","potions_obtained":[{"floor":7,"key":"Swift Potion"},{"floor":12,"key":"Swift Potion"},{"floor":13,"key":"Ancient Potion"},{"floor":14,"key":"BloodPotion"},{"floor":24,"key":"SteroidPotion"},{"floor":37,"key":"Regen Potion"},{"floor":44,"key":"AttackPotion"},{"floor":45,"key":"Energy Potion"},{"floor":48,"key":"SteroidPotion"}],"is_trial":false,"path_per_floor":["M","?","?","?","$","R","M","R","T","M","M","E","M","E","R","B",null,"M","?","M","$","M","M","M","R","T","?","R","?","$","M","R","B",null,"M","?","M","$","M","R","?","$","T","M","M","M","?","M","R","B"],"character_chosen":"IRONCLAD","items_purchased":["MealTicket","Anchor","Paper Frog","Regen Potion"],"campfire_rested":0,"item_purchase_floors":[21,30,38,38],"current_hp_per_floor":[78,74,74,74,74,74,74,74,74,73,61,51,51,31,31,30,74,64,51,43,43,51,47,21,21,21,21,21,21,21,24,24,19,51,32,32,29,44,24,24,24,39,39,47,15,50,50,26,26,0],"gold":159,"neow_bonus":"BOSS_RELIC","is_prod":false,"is_daily":false,"chose_seed":false,"campfire_upgraded":8,"win_rate":0,"timestamp":1551691391,"path_taken":["M","?","?","?","$","R","M","R","T","?","M","E","M","E","R","BOSS","M","?","M","$","M","M","M","R","T","?","R","?","?","M","R","BOSS","M","?","M","$","M","R","?","$","T","M","M","?","?","M","R","BOSS"],"build_version":"2019-01-23","purchased_purges":1,"victory":false,"max_hp_per_floor":[80,74,74,74,74,74,74,74,74,74,74,74,74,74,74,74,74,74,51,51,51,51,51,51,51,51,51,51,51,51,51,51,51,51,51,51,51,51,51,51,51,51,51,51,51,51,51,51,51,51],"card_choices":[{"not_picked":["Twin Strike","Havoc"],"picked":"Ghostly Armor","floor":1},{"not_picked":["Thunderclap","Combust","Flex"],"picked":"SKIP","floor":7},{"not_picked":["True Grit","Twin Strike"],"picked":"Spot Weakness","floor":10},{"not_picked":["Searing Blow","Warcry"],"picked":"Ghostly Armor","floor":11},{"not_picked":["Clash","Carnage"],"picked":"Rampage","floor":12},{"not_picked":["Bloodletting","Fire Breathing+1"],"picked":"Shockwave","floor":13},{"not_picked":["Uppercut","Pommel Strike","Body Slam"],"picked":"SKIP","floor":14},{"not_picked":["Bludgeon","Immolate"],"picked":"Reaper","floor":16},{"not_picked":["Hemokinesis","Evolve+1","Rupture+1"],"picked":"SKIP","floor":18},{"not_picked":["Cleave+1","Battle Trance","Iron Wave"],"picked":"SKIP","floor":20},{"not_picked":["Anger","Perfected Strike","Sever Soul"],"picked":"SKIP","floor":22},{"not_picked":["Twin Strike","Clash"],"picked":"Heavy Blade","floor":23},{"not_picked":["Twin Strike+1","Warcry+1"],"picked":"Inflame+1","floor":24},{"not_picked":["Perfected Strike","Feel No Pain+1"],"picked":"Sword Boomerang","floor":31},{"not_picked":["Immolate","Reaper"],"picked":"Limit Break","floor":33},{"not_picked":["Anger","Sword Boomerang"],"picked":"Flex","floor":34},{"not_picked":["Intimidate","Cleave+1"],"picked":"Sword Boomerang+1","floor":34},{"not_picked":["Body Slam+1","Perfected Strike"],"picked":"Rage","floor":34},{"not_picked":["Body Slam","Headbutt"],"picked":"Sword Boomerang+1","floor":35},{"not_picked":["Purity","Trip"],"picked":"Blind","floor":36},{"not_picked":["Carnage+1","Armaments+1"],"picked":"Whirlwind+1","floor":37},{"not_picked":["Reckless Charge","Iron Wave","Sever Soul"],"picked":"SKIP","floor":39},{"not_picked":["Havoc","True Grit","Perfected Strike"],"picked":"SKIP","floor":44},{"not_picked":["Second Wind+1","Warcry","Searing Blow+1"],"picked":"SKIP","floor":45},{"not_picked":["Combust+1","Havoc+1","Anger"],"picked":"SKIP","floor":46},{"not_picked":["Dropkick+1","Anger","Entrench+1"],"picked":"SKIP","floor":48}],"player_experience":226670,"relics_obtained":[{"floor":9,"key":"Frozen Egg 2"},{"floor":12,"key":"Bottled Flame"},{"floor":14,"key":"Kunai"},{"floor":26,"key":"Bag of Preparation"},{"floor":43,"key":"The Courier"}],"event_choices":[{"damage_healed":0,"gold_gain":0,"player_choice":"Lose Max HP","damage_taken":0,"relics_obtained":["Golden Idol"],"max_hp_gain":0,"max_hp_loss":6,"event_name":"Golden Idol","floor":2,"gold_loss":0},{"damage_healed":0,"gold_gain":0,"player_choice":"Grow","damage_taken":0,"max_hp_gain":0,"max_hp_loss":0,"event_name":"Living Wall","floor":3,"gold_loss":0,"cards_upgraded":["Ghostly Armor"]},{"damage_healed":0,"gold_gain":0,"player_choice":"Cursed","damage_taken":0,"max_hp_gain":0,"max_hp_loss":0,"event_name":"Wheel of Change","floor":4,"gold_loss":0,"cards_obtained":["Decay"]},{"damage_healed":0,"gold_gain":0,"player_choice":"Became a vampire","damage_taken":0,"max_hp_gain":0,"max_hp_loss":23,"event_name":"Vampires","floor":19,"gold_loss":0,"cards_obtained":["Bite","Bite","Bite","Bite","Bite"]},{"damage_healed":0,"gold_gain":0,"player_choice":"Ignored","damage_taken":0,"max_hp_gain":0,"max_hp_loss":0,"event_name":"The Mausoleum","floor":27,"gold_loss":0},{"damage_healed":0,"gold_gain":99,"player_choice":"Stole From Cult","damage_taken":0,"max_hp_gain":0,"max_hp_loss":0,"event_name":"Nest","floor":29,"gold_loss":0},{"damage_healed":0,"gold_gain":0,"player_choice":"Memory 1","damage_taken":0,"max_hp_gain":0,"max_hp_loss":0,"event_name":"SensoryStone","floor":36,"gold_loss":0},{"damage_healed":0,"gold_gain":0,"cards_transformed":["Blind"],"player_choice":"Transformed","damage_taken":0,"max_hp_gain":0,"max_hp_loss":0,"event_name":"Transmorgrifier","floor":41,"gold_loss":0,"cards_obtained":["Mind Blast"]},{"damage_healed":0,"gold_gain":0,"player_choice":"Ignored","damage_taken":0,"max_hp_gain":0,"max_hp_loss":0,"event_name":"Mysterious Sphere","floor":47,"gold_loss":0}],"is_beta":false,"boss_relics":[{"not_picked":["Fusion Hammer","Cursed Key"],"picked":"Lizard Tail"},{"not_picked":["Calling Bell","Astrolabe"],"picked":"Orrery"}],"items_purged_floors":[5],"is_endless":false,"potions_floor_spawned":[7,12,13,14,16,18,20,24,31,37,44,45,48],"killed_by":"Awakened One","ascension_level":3}