{"gold_per_floor":[118,118,134,209,61,61,61,61,139,154,154,170,183,183,183,183],"floor_reached":16,"playtime":475,"items_purged":[],"score":158,"play_id":"babbad3a-b8eb-4ab8-a54c-04b7a9c86035","local_time":"20190226094443","is_ascension_mode":true,"campfire_choices":[{"data":"Bash","floor":6,"key":"SMITH"},{"floor":8,"key":"REST"},{"data":"Shrug It Off","floor":11,"key":"SMITH"},{"data":"Body Slam","floor":15,"key":"SMITH"}],"neow_cost":"TEN_PERCENT_HP_LOSS","seed_source_timestamp":524963859658006,"circlet_count":0,"master_deck":["AscendersBane","Strike_R","Strike_R","Strike_R","Strike_R","Defend_R","Defend_R","Defend_R","Defend_R","Bash+1","Battle Trance","Shrug It Off+1","Whirlwind","Body Slam+1"],"relics":["Burning Blood","Champion Belt","Golden Idol","Blood Vial","The Courier","Blue Candle"],"potions_floor_usage":[16],"damage_taken":[{"damage":7,"enemies":"2 Louse","floor":1,"turns":3},{"damage":0,"enemies":"Small Slimes","floor":3,"turns":3},{"damage":2,"enemies":"Jaw Worm","floor":10,"turns":5},{"damage":1,"enemies":"Looter","floor":12,"turns":4},{"damage":32,"enemies":"Large Slime","floor":13,"turns":9},{"damage":45,"enemies":"The Guardian","floor":16,"turns":13}],"seed_played":"7879301546667850143","potions_obtained":[{"floor":1,"key":"FearPotion"},{"floor":10,"key":"EssenceOfSteel"},{"floor":13,"key":"SkillPotion"}],"is_trial":false,"path_per_floor":["M","?","M","?","$","R","?","R","T","M","R","M","M","?","R","B"],"character_chosen":"IRONCLAD","items_purchased":["Blood Vial"],"campfire_rested":1,"item_purchase_floors":[5],"current_hp_per_floor":[67,44,50,39,39,39,28,48,48,54,54,61,37,37,37,0],"gold":183,"neow_bonus":"ONE_RARE_RELIC","is_prod":false,"is_daily":false,"chose_seed":false,"campfire_upgraded":3,"win_rate":0,"timestamp":1551203083,"path_taken":["M","?","M","?","?","R","?","R","T","M","R","M","M","?","R","BOSS"],"build_version":"2019-01-23","purchased_purges":0,"victory":false,"max_hp_per_floor":[68,68,68,68,68,68,68,68,68,68,68,68,68,68,68,68],"card_choices":[{"not_picked":["Intimidate","Flex","Wild Strike"],"picked":"SKIP","floor":1},{"not_picked":["Searing Blow","Warcry"],"picked":"Battle Trance","floor":3},{"not_picked":["Anger","Sentinel"],"picked":"Shrug It Off","floor":10},{"not_picked":["Anger","Rupture"],"picked":"Whirlwind","floor":12},{"not_picked":["Heavy Blade","Thunderclap"],"picked":"Body Slam","floor":13}],"player_experience":530383,"relics_obtained":[{"floor":9,"key":"Blue Candle"}],"event_choices":[{"damage_healed":0,"gold_gain":0,"player_choice":"Take Damage","damage_taken":23,"relics_obtained":["Golden Idol"],"max_hp_gain":0,"max_hp_loss":0,"event_name":"Golden Idol","floor":2,"gold_loss":0},{"damage_healed":0,"gold_gain":75,"player_choice":"Gather Gold","damage_taken":11,"max_hp_gain":0,"max_hp_loss":0,"event_name":"World of Goop","floor":4,"gold_loss":0},{"damage_healed":0,"gold_gain":0,"player_choice":"Success","damage_taken":11,"relics_obtained":["The Courier"],"max_hp_gain":0,"max_hp_loss":0,"event_name":"Scrap Ooze","floor":7,"gold_loss":0},{"cards_removed":["Strike_R"],"damage_healed":0,"gold_gain":0,"player_choice":"Purged","damage_taken":0,"max_hp_gain":0,"max_hp_loss":0,"event_name":"Purifier","floor":14,"gold_loss":0}],"is_beta":false,"boss_relics":[],"items_purged_floors":[],"is_endless":false,"potions_floor_spawned":[1,10,13],"killed_by":"The Guardian","ascension_level":15}