{"gold_per_floor":[366,386,311,40,40,40,52,52,52,7,39,0,27,89,89,168,168,187,237,250,263,81,81,94,94,94,112,131,131,131],"floor_reached":30,"playtime":1254,"items_purged":["Strike_R","Strike_R"],"score":500,"play_id":"6df31169-8580-42b8-8d71-946889c3d509","local_time":"20190130102153","is_ascension_mode":true,"campfire_choices":[{"data":"Uppercut","floor":6,"key":"SMITH"},{"data":"Sadistic Nature","floor":15,"key":"SMITH"},{"data":"Cleave","floor":23,"key":"SMITH"},{"floor":25,"key":"REST"}],"neow_cost":"TEN_PERCENT_HP_LOSS","seed_source_timestamp":1071981965044501,"circlet_count":0,"master_deck":["AscendersBane","Strike_R","Strike_R","Defend_R","Defend_R","Defend_R","Defend_R","Bash","Uppercut+1","Sadistic Nature+1","Ghostly Armor+1","Inflame","Warcry+1","Offering+1","Cleave+1","Thunderclap","Inflame","Disarm+1","Inflame","Power Through+1"],"relics":["Burning Blood","The Courier","Charon\u0027s Ashes","Toxic Egg 2","Champion Belt","Self Forming Clay","Velvet Choker","Letter Opener"],"potions_floor_usage":[13,13,16,21,24],"damage_taken":[{"damage":4,"enemies":"2 Louse","floor":1,"turns":4},{"damage":6,"enemies":"Jaw Worm","floor":2,"turns":5},{"damage":7,"enemies":"Small Slimes","floor":7,"turns":4},{"damage":24,"enemies":"Gremlin Nob","floor":11,"turns":4},{"damage":0,"enemies":"3 Sentries","floor":13,"turns":5},{"damage":24,"enemies":"Gremlin Nob","floor":14,"turns":4},{"damage":13,"enemies":"The Guardian","floor":16,"turns":13},{"damage":6,"enemies":"3 Byrds","floor":18,"turns":4},{"damage":11,"enemies":"Shell Parasite","floor":20,"turns":5},{"damage":9,"enemies":"Snecko","floor":21,"turns":4},{"damage":21,"enemies":"Cultist and Chosen","floor":24,"turns":5},{"damage":28,"enemies":"Shelled Parasite and Fungi","floor":27,"turns":3},{"damage":16,"enemies":"Sentry and Sphere","floor":28,"turns":6},{"damage":19,"enemies":"Book of Stabbing","floor":30,"turns":6}],"seed_played":"-5774789832854149566","potions_obtained":[{"floor":1,"key":"Explosive Potion"},{"floor":14,"key":"Swift Potion"},{"floor":16,"key":"PowerPotion"},{"floor":18,"key":"Swift Potion"},{"floor":20,"key":"Ancient Potion"}],"is_trial":false,"path_per_floor":["M","M","?","$","?","R","M","T","T","$","E","?","E","?","R","B",null,"M","?","M","M","$","R","M","R","T","M","M","?","E"],"character_chosen":"IRONCLAD","items_purchased":["Sadistic Nature","Explosive Potion","Thunderclap","Inflame"],"campfire_rested":1,"item_purchase_floors":[4,10,22,22],"current_hp_per_floor":[68,68,68,68,68,68,67,67,67,67,49,49,55,37,37,30,59,59,53,48,45,45,45,30,50,50,28,18,18,0],"gold":131,"neow_bonus":"TWO_FIFTY_GOLD","is_prod":false,"is_daily":false,"chose_seed":false,"campfire_upgraded":3,"win_rate":0,"timestamp":1548861713,"path_taken":["M","M","?","$","?","R","M","?","T","?","E","?","E","?","R","BOSS","M","?","M","?","?","R","M","R","T","M","M","?","E"],"build_version":"2019-01-23","purchased_purges":2,"victory":false,"max_hp_per_floor":[68,68,68,68,68,68,68,68,68,68,68,68,68,68,68,68,68,68,68,68,68,68,68,68,68,68,68,68,68,68],"card_choices":[{"not_picked":["Clothesline","Heavy Blade"],"picked":"Uppercut","floor":1},{"not_picked":["Wild Strike","Havoc","Warcry"],"picked":"SKIP","floor":2},{"not_picked":["Entrench","Perfected Strike","Heavy Blade"],"picked":"SKIP","floor":7},{"not_picked":["Sword Boomerang","Headbutt"],"picked":"Ghostly Armor","floor":11},{"not_picked":["Sword Boomerang","Heavy Blade"],"picked":"Inflame","floor":13},{"not_picked":["Spot Weakness+1","Clash"],"picked":"Warcry+1","floor":14},{"not_picked":["Immolate","Bludgeon"],"picked":"Offering+1","floor":16},{"not_picked":["Anger","Clash","Fire Breathing"],"picked":"SKIP","floor":18},{"not_picked":["Pommel Strike","Havoc+1"],"picked":"Cleave","floor":20},{"not_picked":["Rampage","Corruption","Clash"],"picked":"SKIP","floor":21},{"not_picked":["True Grit+1","Flex+1"],"picked":"Disarm+1","floor":24},{"not_picked":["Burning Pact+1","Iron Wave"],"picked":"Inflame","floor":27},{"not_picked":["Burning Pact+1","Inflame"],"picked":"Power Through+1","floor":28}],"player_experience":564098,"relics_obtained":[{"floor":8,"key":"The Courier"},{"floor":9,"key":"Charon\u0027s Ashes"},{"floor":11,"key":"Toxic Egg 2"},{"floor":13,"key":"Champion Belt"},{"floor":14,"key":"Self Forming Clay"},{"floor":26,"key":"Letter Opener"}],"event_choices":[{"cards_removed":["Strike_R"],"damage_healed":0,"gold_gain":0,"player_choice":"Card Removal","damage_taken":0,"max_hp_gain":0,"max_hp_loss":0,"event_name":"The Cleric","floor":3,"gold_loss":75},{"damage_healed":0,"gold_gain":0,"player_choice":"Ignored","damage_taken":0,"max_hp_gain":0,"max_hp_loss":0,"event_name":"Liars Game","floor":5,"gold_loss":0},{"damage_healed":0,"gold_gain":0,"player_choice":"Left Gold","damage_taken":0,"max_hp_gain":0,"max_hp_loss":0,"event_name":"World of Goop","floor":12,"gold_loss":39},{"damage_healed":0,"gold_gain":0,"player_choice":"Searched \u00271\u0027 times","damage_taken":0,"max_hp_gain":0,"max_hp_loss":0,"event_name":"Dead Adventurer","floor":14,"gold_loss":0},{"damage_healed":0,"gold_gain":50,"player_choice":"Touch","damage_taken":6,"max_hp_gain":0,"max_hp_loss":0,"event_name":"FaceTrader","floor":19,"gold_loss":0},{"damage_healed":0,"gold_gain":0,"player_choice":"Ignored","damage_taken":0,"max_hp_gain":0,"max_hp_loss":0,"event_name":"The Mausoleum","floor":29,"gold_loss":0}],"is_beta":false,"boss_relics":[{"not_picked":["Lizard Tail","Mark of Pain"],"picked":"Velvet Choker"}],"items_purged_floors":[4,22],"is_endless":false,"potions_floor_spawned":[1,14,16,18,20],"killed_by":"Book of Stabbing","ascension_level":18}