{"gold_per_floor":[10,29,43,218,233,233,233,233,233,243,243,260,260,276,276,276],"floor_reached":16,"playtime":478,"items_purged":[],"score":141,"play_id":"3cf81a6e-92a8-4d3f-a9ba-ec17312445d4","local_time":"20190216160430","is_ascension_mode":true,"campfire_choices":[{"data":"Zap","floor":7,"key":"SMITH"},{"data":"Dualcast","floor":11,"key":"SMITH"},{"data":"Defragment","floor":13,"key":"SMITH"},{"floor":15,"key":"REST"}],"neow_cost":"NO_GOLD","seed_source_timestamp":202748087101906,"circlet_count":0,"master_deck":["AscendersBane","Strike_B","Strike_B","Strike_B","Strike_B","Defend_B","Defend_B","Defend_B","Defend_B","Zap+1","Dualcast+1","Core Surge","White Noise","Go for the Eyes","Doubt","Conserve Battery","Defragment+1","Echo Form","FTL"],"relics":["Cracked Core","Happy Flower","Torii"],"potions_floor_usage":[],"damage_taken":[{"damage":0,"enemies":"Cultist","floor":1,"turns":3},{"damage":12,"enemies":"Small Slimes","floor":2,"turns":2},{"damage":2,"enemies":"Jaw Worm","floor":3,"turns":3},{"damage":10,"enemies":"Blue Slaver","floor":5,"turns":4},{"damage":4,"enemies":"Gremlin Gang","floor":10,"turns":3},{"damage":1,"enemies":"Large Slime","floor":12,"turns":4},{"damage":6,"enemies":"Looter","floor":14,"turns":4},{"damage":64,"enemies":"Slime Boss","floor":16,"turns":10}],"seed_played":"-707322418477978926","potions_obtained":[{"floor":1,"key":"Energy Potion"},{"floor":3,"key":"FearPotion"}],"is_trial":false,"path_per_floor":["M","M","M","?","M","?","R","T","T","M","R","M","R","M","R","B"],"character_chosen":"DEFECT","items_purchased":[],"campfire_rested":1,"item_purchase_floors":[],"current_hp_per_floor":[68,56,54,54,44,49,49,49,49,45,45,44,44,38,62,0],"gold":276,"neow_bonus":"THREE_RARE_CARDS","is_prod":false,"is_daily":false,"chose_seed":false,"campfire_upgraded":3,"win_rate":0,"timestamp":1550361870,"path_taken":["M","?","M","?","M","?","R","?","T","?","R","M","R","M","R","BOSS"],"build_version":"2019-01-23","purchased_purges":0,"victory":false,"max_hp_per_floor":[75,75,75,75,75,80,80,80,80,80,80,80,80,80,80,80],"card_choices":[{"not_picked":["Amplify","Reboot"],"picked":"Core Surge","floor":0},{"not_picked":["Barrage","Beam Cell"],"picked":"White Noise","floor":1},{"not_picked":["Steam","Coolheaded"],"picked":"Go for the Eyes","floor":2},{"not_picked":["Rebound","Hologram","Steam"],"picked":"SKIP","floor":3},{"not_picked":["Gash","Coolheaded"],"picked":"Conserve Battery","floor":5},{"not_picked":["Auto Shields","Redo"],"picked":"Defragment","floor":10},{"not_picked":["Steam Power","Cold Snap"],"picked":"Echo Form","floor":12},{"not_picked":["Gash","Beam Cell"],"picked":"FTL","floor":14}],"player_experience":397223,"relics_obtained":[{"floor":8,"key":"Happy Flower"},{"floor":9,"key":"Torii"}],"event_choices":[{"damage_healed":0,"gold_gain":175,"player_choice":"AGREE","damage_taken":0,"max_hp_gain":0,"max_hp_loss":0,"event_name":"Liars Game","floor":4,"gold_loss":0,"cards_obtained":["Doubt"]},{"damage_healed":0,"gold_gain":0,"player_choice":"Donut","damage_taken":0,"max_hp_gain":5,"max_hp_loss":0,"event_name":"Big Fish","floor":6,"gold_loss":0}],"is_beta":false,"boss_relics":[],"items_purged_floors":[],"is_endless":false,"potions_floor_spawned":[1,3],"killed_by":"Slime Boss","ascension_level":10}