{"gold_per_floor":[359,509,292,306,324,342,342,355,437,452,483,483,513,531,531,608,608,608,196,196,196,196,196,196,196,196,71,71,71,71,71,71,71,71,71,71,0,0,0],"floor_reached":40,"playtime":2380,"items_purged":["Doubt","Strike_R","Strike_R"],"score":1212,"play_id":"1cc576c7-d242-4250-8410-5888216a4622","local_time":"20190131165652","is_ascension_mode":true,"campfire_choices":[{"data":"Perfected Strike","floor":7,"key":"SMITH"},{"floor":12,"key":"REST"},{"data":"Offering","floor":15,"key":"SMITH"},{"data":"Panacea","floor":23,"key":"SMITH"},{"data":"Combust","floor":25,"key":"SMITH"},{"floor":32,"key":"REST"}],"neow_cost":"TEN_PERCENT_HP_LOSS","seed_source_timestamp":1180939395560050,"circlet_count":0,"master_deck":["AscendersBane","Strike_R","Strike_R","Strike_R","Defend_R","Defend_R","Defend_R","Defend_R","Bash","Clothesline","Perfected Strike+1","Clothesline","Shrug It Off","Shrug It Off","Metallicize","Feed","Cleave+1","Offering+1","Shrug It Off","Metallicize","Bludgeon+1","Inflame","Panacea+1","Shrug It Off+1","Necronomicurse","Combust+1","Juggernaut","Intimidate+1","Disarm+1","Berserk","Dual Wield"],"relics":["Burning Blood","Molten Egg 2","Bird Faced Urn","Anchor","Ectoplasm","OrangePellets","Necronomicon","Strawberry","Bottled Flame","MutagenicStrength","Velvet Choker","Red Mask"],"potions_floor_usage":[11,13,16,16,33,33,39],"damage_taken":[{"damage":5,"enemies":"Small Slimes","floor":1,"turns":4},{"damage":4,"enemies":"Jaw Worm","floor":4,"turns":3},{"damage":4,"enemies":"Cultist","floor":5,"turns":4},{"damage":18,"enemies":"Large Slime","floor":6,"turns":4},{"damage":9,"enemies":"2 Fungi Beasts","floor":8,"turns":4},{"damage":18,"enemies":"Lots of Slimes","floor":10,"turns":7},{"damage":24,"enemies":"3 Sentries","floor":11,"turns":13},{"damage":15,"enemies":"Gremlin Nob","floor":13,"turns":3},{"damage":2,"enemies":"3 Louse","floor":14,"turns":5},{"damage":53,"enemies":"Hexaghost","floor":16,"turns":13},{"damage":8,"enemies":"Chosen","floor":18,"turns":5},{"damage":7,"enemies":"Shell Parasite","floor":20,"turns":6},{"damage":21,"enemies":"Centurion and Healer","floor":21,"turns":10},{"damage":40,"enemies":"Gremlin Leader","floor":24,"turns":7},{"damage":6,"enemies":"Sentry and Sphere","floor":28,"turns":4},{"damage":6,"enemies":"Chosen and Byrds","floor":30,"turns":4},{"damage":1,"enemies":"Centurion and Healer","floor":31,"turns":7},{"damage":20,"enemies":"Collector","floor":33,"turns":7},{"damage":31,"enemies":"3 Darklings","floor":35,"turns":5},{"damage":1,"enemies":"3 Shapes","floor":36,"turns":4},{"damage":87,"enemies":"Donu and Deca","floor":39,"turns":7}],"seed_played":"3112442457024968297","potions_obtained":[{"floor":5,"key":"PowerPotion"},{"floor":8,"key":"Block Potion"},{"floor":13,"key":"Poison Potion"},{"floor":14,"key":"AttackPotion"},{"floor":18,"key":"SpeedPotion"},{"floor":28,"key":"SneckoOil"},{"floor":35,"key":"PowerPotion"},{"floor":36,"key":"FairyPotion"}],"is_trial":false,"path_per_floor":["M","?","$","M","M","M","R","M","T","M","E","R","E","M","R","B",null,"M","$","M","M","?","R","E","R","T","$","M","?","M","M","R","B",null,"M","M","?","?","B",null],"character_chosen":"IRONCLAD","items_purchased":["Perfected Strike","Clothesline","Shrug It Off","OrangePellets","Panacea"],"campfire_rested":2,"item_purchase_floors":[3,3,3,19,19],"current_hp_per_floor":[68,68,68,68,68,56,56,53,53,44,29,51,49,58,58,15,64,66,66,71,65,44,44,23,23,23,23,32,32,34,50,78,68,89,77,93,93,93,26],"gold":0,"neow_bonus":"TWO_FIFTY_GOLD","is_prod":false,"is_daily":false,"chose_seed":false,"campfire_upgraded":4,"win_rate":0,"timestamp":1548971812,"path_taken":["M","?","$","M","M","M","R","M","T","M","E","R","E","M","R","BOSS","M","$","M","M","?","R","E","R","T","$","M","?","M","M","R","BOSS","M","M","?","?","BOSS"],"build_version":"2019-01-23","purchased_purges":3,"victory":true,"max_hp_per_floor":[68,68,68,68,68,68,68,68,68,71,74,74,77,80,80,80,80,80,80,80,83,83,83,90,90,90,90,93,93,93,96,96,96,96,99,102,102,102,102],"card_choices":[{"not_picked":["Pummel","Wild Strike"],"picked":"Clothesline","floor":1},{"not_picked":["Thunderclap","Havoc","Armaments"],"picked":"SKIP","floor":4},{"not_picked":["Clash","Feel No Pain"],"picked":"Shrug It Off","floor":5},{"not_picked":["Seeing Red","Sword Boomerang"],"picked":"Metallicize","floor":6},{"not_picked":["Intimidate","Sword Boomerang"],"picked":"Feed","floor":8},{"not_picked":["Inflame","Clash+1"],"picked":"Cleave+1","floor":10},{"not_picked":["Disarm","Clash+1"],"picked":"Offering","floor":11},{"not_picked":["Battle Trance","Anger+1"],"picked":"Shrug It Off","floor":13},{"not_picked":["Anger+1","Burning Pact"],"picked":"Metallicize","floor":14},{"not_picked":["Demon Form","Offering"],"picked":"Bludgeon+1","floor":16},{"not_picked":["Thunderclap+1","Seeing Red"],"picked":"Inflame","floor":18},{"not_picked":["Anger+1","Warcry"],"picked":"Shrug It Off+1","floor":20},{"not_picked":["Clothesline+1","Cleave+1","Perfected Strike+1"],"picked":"SKIP","floor":21},{"not_picked":["Blood for Blood+1","Sentinel"],"picked":"Combust","floor":24},{"not_picked":["Wild Strike+1","Armaments"],"picked":"Juggernaut","floor":28},{"not_picked":["True Grit","Warcry"],"picked":"Intimidate+1","floor":30},{"not_picked":["Sword Boomerang+1","Warcry"],"picked":"Disarm+1","floor":31},{"not_picked":["Limit Break","Demon Form"],"picked":"Berserk","floor":33},{"not_picked":["Reckless Charge+1","Second Wind","Perfected Strike+1"],"picked":"SKIP","floor":35},{"not_picked":["Combust","Dropkick+1"],"picked":"Dual Wield","floor":36}],"player_experience":603122,"relics_obtained":[{"floor":9,"key":"Molten Egg 2"},{"floor":11,"key":"Bird Faced Urn"},{"floor":13,"key":"Anchor"},{"floor":22,"key":"Necronomicon"},{"floor":24,"key":"Strawberry"},{"floor":26,"key":"Bottled Flame"}],"event_choices":[{"damage_healed":0,"gold_gain":150,"player_choice":"AGREE","damage_taken":0,"max_hp_gain":0,"max_hp_loss":0,"event_name":"Liars Game","floor":2,"gold_loss":0,"cards_obtained":["Doubt"]},{"damage_healed":0,"gold_gain":0,"player_choice":"Obtained Book","damage_taken":21,"max_hp_gain":0,"max_hp_loss":0,"event_name":"Cursed Tome","floor":22,"gold_loss":0},{"damage_healed":0,"gold_gain":0,"player_choice":"Inject Mutagens","damage_taken":0,"relics_obtained":["MutagenicStrength"],"max_hp_gain":0,"max_hp_loss":0,"event_name":"Drug Dealer","floor":29,"gold_loss":0},{"damage_healed":0,"gold_gain":0,"player_choice":"Paid","damage_taken":0,"relics_obtained":["Red Mask"],"max_hp_gain":0,"max_hp_loss":0,"event_name":"Tomb of Lord Red Mask","floor":37,"gold_loss":71},{"damage_healed":0,"gold_gain":0,"player_choice":"Took Portal","damage_taken":0,"max_hp_gain":0,"max_hp_loss":0,"event_name":"SecretPortal","floor":38,"gold_loss":0}],"is_beta":false,"boss_relics":[{"not_picked":["Calling Bell","Runic Cube"],"picked":"Ectoplasm"},{"not_picked":["Runic Pyramid","Runic Dome"],"picked":"Velvet Choker"}],"items_purged_floors":[3,19,27],"is_endless":false,"potions_floor_spawned":[5,8,10,13,14,18,28,30,35,36],"ascension_level":19}