{"gold_per_floor":[114,61,71,85,135,163,163,182,233,244,244,275,293,307,307,408,408,427,442,442,442,84,84,104,104,104,104,122,156,236,136,136,234,234,253,253,263,277,277],"floor_reached":39,"playtime":2404,"items_purged":["Strike_B","Normality"],"score":613,"play_id":"5515e2cd-0554-479a-9f11-70a5e846afd6","local_time":"20190206114212","is_ascension_mode":true,"campfire_choices":[{"floor":7,"key":"REST"},{"floor":11,"key":"REST"},{"floor":15,"key":"REST"},{"data":"Fission","floor":23,"key":"SMITH"},{"data":"Creative AI","floor":25,"key":"SMITH"},{"data":"Go for the Eyes","floor":27,"key":"SMITH"},{"data":"Double Energy","floor":32,"key":"SMITH"}],"neow_cost":"NONE","seed_source_timestamp":4269916571205,"circlet_count":0,"master_deck":["Strike_B","Strike_B","Defend_B","Defend_B","Defend_B","Defend_B","Zap","Dualcast","Creative AI+1","Doom and Gloom","Turbo","Skim","Rebound","Fission+1","Leap","Cold Snap","Force Field","Go for the Eyes+1","Leap","Meteor Strike","Ball Lightning+1","Redo+1","Self Repair","Hologram","Doubt","Double Energy+1","Reinforced Body","Amplify","Tempest"],"relics":["Cracked Core","Pen Nib","Strawberry","Orichalcum","Pantograph","Cursed Key","ClockworkSouvenir","Pocketwatch","Turnip","Shuriken","White Beast Statue"],"potions_floor_usage":[8,16,28,33,33,33,33,33,38,39,39],"damage_taken":[{"damage":5,"enemies":"Cultist","floor":1,"turns":4},{"damage":13,"enemies":"Small Slimes","floor":3,"turns":3},{"damage":14,"enemies":"Jaw Worm","floor":4,"turns":4},{"damage":30,"enemies":"3 Sentries","floor":6,"turns":6},{"damage":6,"enemies":"Looter","floor":8,"turns":4},{"damage":22,"enemies":"Exordium Wildlife","floor":10,"turns":4},{"damage":25,"enemies":"Lagavulin","floor":12,"turns":5},{"damage":4,"enemies":"Large Slime","floor":13,"turns":7},{"damage":0,"enemies":"Looter","floor":14,"turns":3},{"damage":36,"enemies":"Slime Boss","floor":16,"turns":14},{"damage":18,"enemies":"Chosen","floor":18,"turns":7},{"damage":0,"enemies":"Spheric Guardian","floor":19,"turns":3},{"damage":12,"enemies":"Centurion and Healer","floor":24,"turns":5},{"damage":19,"enemies":"Sentry and Sphere","floor":28,"turns":5},{"damage":0,"enemies":"Gremlin Leader","floor":29,"turns":7},{"damage":58,"enemies":"Collector","floor":33,"turns":15},{"damage":18,"enemies":"3 Shapes","floor":35,"turns":5},{"damage":4,"enemies":"Orb Walker","floor":37,"turns":5},{"damage":38,"enemies":"Maw","floor":38,"turns":8},{"damage":27,"enemies":"Sphere and 2 Shapes","floor":39,"turns":3}],"seed_played":"5190369354496309768","potions_obtained":[{"floor":6,"key":"PowerPotion"},{"floor":10,"key":"Block Potion"},{"floor":14,"key":"FearPotion"},{"floor":18,"key":"Strength Potion"},{"floor":28,"key":"Explosive Potion"},{"floor":29,"key":"EntropicBrew"},{"floor":35,"key":"GamblersBrew"},{"floor":37,"key":"AttackPotion"},{"floor":38,"key":"FearPotion"}],"is_trial":false,"path_per_floor":["M","$","M","M","T","E","R","M","T","M","R","E","M","M","R","B",null,"M","M","?","?","$","R","M","R","T","R","M","E","T","$","R","B",null,"M","?","M","M","M"],"character_chosen":"DEFECT","items_purchased":["Turbo","ClockworkSouvenir","Self Repair"],"campfire_rested":3,"item_purchase_floors":[2,22,22],"current_hp_per_floor":[63,63,50,36,36,13,37,31,31,9,33,8,4,4,28,17,66,48,48,75,75,75,75,70,70,70,70,65,72,72,72,72,31,69,58,58,54,23,0],"gold":277,"neow_bonus":"ONE_RANDOM_RARE_CARD","is_prod":false,"is_daily":false,"chose_seed":false,"campfire_upgraded":4,"win_rate":0,"timestamp":1549420932,"path_taken":["M","$","M","M","?","E","R","?","T","M","R","E","M","M","R","BOSS","M","M","?","?","$","R","M","R","T","R","M","E","?","?","R","BOSS","M","?","M","M","M"],"build_version":"2019-01-23","purchased_purges":2,"victory":false,"max_hp_per_floor":[75,75,75,75,75,82,82,82,82,82,82,82,82,82,82,82,82,82,82,82,82,82,82,82,82,82,82,82,82,82,82,82,82,82,82,82,82,82,82],"card_choices":[{"not_picked":["Coolheaded","Redo"],"picked":"Doom and Gloom","floor":1},{"not_picked":["Recycle","Undo"],"picked":"Skim","floor":3},{"not_picked":["Hologram","Reinforced Body"],"picked":"Rebound","floor":4},{"not_picked":["Auto Shields","Coolheaded"],"picked":"Fission","floor":6},{"not_picked":["White Noise","Force Field"],"picked":"Leap","floor":8},{"not_picked":["Ball Lightning","Rebound"],"picked":"Cold Snap","floor":10},{"not_picked":["Heatsinks","Beam Cell"],"picked":"Force Field","floor":12},{"not_picked":["Redo","Cold Snap"],"picked":"Go for the Eyes","floor":13},{"not_picked":["Steam","Go for the Eyes"],"picked":"Leap","floor":14},{"not_picked":["Rainbow","Seek"],"picked":"Meteor Strike","floor":16},{"not_picked":["Streamline","Leap"],"picked":"Ball Lightning+1","floor":18},{"not_picked":["Ball Lightning+1","Stack"],"picked":"Redo+1","floor":19},{"not_picked":["Steam","Gash"],"picked":"Hologram","floor":24},{"not_picked":["Capacitor","Sunder"],"picked":"Double Energy","floor":28},{"not_picked":["Aggregate","Leap"],"picked":"Reinforced Body","floor":29},{"not_picked":["Creative AI","Reboot"],"picked":"Amplify","floor":33},{"not_picked":["Genetic Algorithm","Doom and Gloom+1","Reinforced Body+1"],"picked":"SKIP","floor":35},{"not_picked":["Ball Lightning","Hologram+1","Streamline"],"picked":"SKIP","floor":37},{"not_picked":["Ball Lightning","Go for the Eyes+1"],"picked":"Tempest","floor":38}],"player_experience":275541,"relics_obtained":[{"floor":5,"key":"Pen Nib"},{"floor":6,"key":"Strawberry"},{"floor":9,"key":"Orichalcum"},{"floor":12,"key":"Pantograph"},{"floor":26,"key":"Pocketwatch"},{"floor":29,"key":"Turnip"},{"floor":30,"key":"Shuriken"}],"event_choices":[{"damage_healed":27,"gold_gain":0,"player_choice":"Heal","damage_taken":0,"max_hp_gain":0,"max_hp_loss":0,"event_name":"The Library","floor":20,"gold_loss":0},{"damage_healed":0,"gold_gain":0,"player_choice":"Ignored","damage_taken":0,"max_hp_gain":0,"max_hp_loss":0,"event_name":"Vampires","floor":21,"gold_loss":0},{"cards_removed":["Strike_B"],"damage_healed":0,"gold_gain":0,"player_choice":"Removed Attack","damage_taken":0,"max_hp_gain":0,"max_hp_loss":0,"event_name":"Falling","floor":36,"gold_loss":0}],"is_beta":false,"boss_relics":[{"not_picked":["Black Star","Philosopher\u0027s Stone"],"picked":"Cursed Key"},{"not_picked":["Velvet Choker","Busted Crown"],"picked":"White Beast Statue"}],"items_purged_floors":[22,31],"is_endless":false,"potions_floor_spawned":[6,10,14,18,28,29,35,37,38],"killed_by":"Sphere and 2 Shapes","ascension_level":8}