{"gold_per_floor":[110,110,185,200,73,73,99,118,118,135,148,158,158,190,190,288,288,273,273,291,216,232,232,249,262,262,262,278,292,307,321,321,424,424,444,498,498,139,0,0,19,32,110,126,126,126,146,162,162,162,162,162,37,63,63],"floor_reached":55,"playtime":3889,"items_purged":["Defend_B","Strike_B","Bandage Up"],"score":753,"play_id":"af252b93-ef00-4b8a-89f6-e4e5dc4c7ef2","local_time":"20190105204650","is_ascension_mode":true,"campfire_choices":[{"data":"Go for the Eyes","floor":6.0,"key":"SMITH"},{"data":"Defragment","floor":13.0,"key":"SMITH"},{"data":"Go for the Eyes","floor":15.0,"key":"SMITH"},{"floor":23.0,"key":"REST"},{"floor":27.0,"key":"RECALL"},{"data":"Biased Cognition","floor":32.0,"key":"SMITH"},{"floor":40.0,"key":"REST"},{"data":"Chill","floor":45.0,"key":"SMITH"},{"floor":49.0,"key":"REST"},{"floor":52.0,"key":"DIG"}],"neow_cost":"NONE","seed_source_timestamp":32204054152010,"circlet_count":0,"master_deck":["Strike_B","Strike_B","Strike_B","Defend_B","Defend_B","Defend_B","Zap","Dualcast","Chill+1","Glacier","Go for the Eyes+1","Beam Cell","Streamline","Coolheaded","Steam","Defragment+1","Go for the Eyes+1","Glacier","Self Repair","Biased Cognition+1","Doom and Gloom+1","Rebound+1","Beam Cell+1","Hologram","Hologram","Reinforced Body+1","All For One+1","Capacitor","Capacitor","Core Surge+1","Loop","Loop+1","Blizzard+1","Double Energy+1","Multi-Cast","Recycle+1","Master of Strategy","Gash+1","Cold Snap+1","Gash+1","Hologram","Darkness+1","Chill+1","Darkness"],"special_seed":0,"relics":["FrozenCore","NeowsBlessing","Prayer Wheel","Molten Egg 2","Sozu","Shovel","Ice Cream","Bag of Preparation","Red Mask","Meat on the Bone","Bottled Flame","Anchor"],"potions_floor_usage":[],"damage_taken":[{"damage":0.0,"enemies":"Cultist","floor":1.0,"turns":1.0},{"damage":0.0,"enemies":"2 Louse","floor":4.0,"turns":1.0},{"damage":0.0,"enemies":"Gremlin Nob","floor":7.0,"turns":1.0},{"damage":0.0,"enemies":"Small Slimes","floor":8.0,"turns":3.0},{"damage":1.0,"enemies":"3 Louse","floor":10.0,"turns":3.0},{"damage":0.0,"enemies":"2 Fungi Beasts","floor":11.0,"turns":3.0},{"damage":1.0,"enemies":"Looter","floor":12.0,"turns":3.0},{"damage":11.0,"enemies":"3 Sentries","floor":14.0,"turns":14.0},{"damage":13.0,"enemies":"Slime Boss","floor":16.0,"turns":13.0},{"damage":12.0,"enemies":"2 Thieves","floor":18.0,"turns":4.0},{"damage":14.0,"enemies":"Spheric Guardian","floor":20.0,"turns":4.0},{"damage":20.0,"enemies":"Snake Plant","floor":22.0,"turns":6.0},{"damage":23.0,"enemies":"Centurion and Healer","floor":24.0,"turns":6.0},{"damage":5.0,"enemies":"Cultist and Chosen","floor":25.0,"turns":8.0},{"damage":23.0,"enemies":"Sentry and Sphere","floor":28.0,"turns":5.0},{"damage":5.0,"enemies":"Snecko","floor":29.0,"turns":8.0},{"damage":0.0,"enemies":"Centurion and Healer","floor":30.0,"turns":7.0},{"damage":2.0,"enemies":"3 Cultists","floor":31.0,"turns":6.0},{"damage":41.0,"enemies":"Collector","floor":33.0,"turns":12.0},{"damage":18.0,"enemies":"3 Darklings","floor":35.0,"turns":7.0},{"damage":50.0,"enemies":"2 Orb Walkers","floor":36.0,"turns":9.0},{"damage":12.0,"enemies":"3 Shapes","floor":41.0,"turns":6.0},{"damage":29.0,"enemies":"3 Darklings","floor":42.0,"turns":9.0},{"damage":2.0,"enemies":"Sphere and 2 Shapes","floor":44.0,"turns":5.0},{"damage":8.0,"enemies":"Maw","floor":47.0,"turns":11.0},{"damage":21.0,"enemies":"Writhing Mass","floor":48.0,"turns":7.0},{"damage":45.0,"enemies":"Time Eater","floor":50.0,"turns":7.0},{"damage":39.0,"enemies":"Shield and Spear","floor":54.0,"turns":10.0},{"damage":48,"enemies":"The Heart","floor":55,"turns":3}],"seed_played":"-4233717613356780058","potions_obtained":[{"floor":1.0,"key":"Strength Potion"},{"floor":12.0,"key":"EssenceOfSteel"},{"floor":16.0,"key":"Block Potion"}],"is_trial":false,"path_per_floor":["M","?","?","M","$","R","E","M","T","M","M","M","R","E","R","B",null,"M","?","M","?","M","R","M","M","T","R","M","M","M","M","R","B",null,"M","?","?","$","?","R","M","M","T","M","R","?","M","M","R","B",null,"R","$","E","B"],"character_chosen":"DEFECT","items_purchased":["Go for the Eyes","Gash+1","Bag of Preparation","Bandage Up"],"campfire_rested":3,"item_purchase_floors":[5,38,38,38],"current_hp_per_floor":[75,75,64,64,64,64,64,64,64,63,63,62,62,51,51,38,75,70,56,49,49,36,60,44,46,46,46,30,32,39,44,44,3,80,69,26,26,26,26,50,42,24,24,45,45,45,48,43,67,38,80,80,80,48,0],"gold":63,"neow_bonus":"THREE_ENEMY_KILL","is_prod":false,"is_daily":false,"chose_seed":false,"campfire_upgraded":5,"win_rate":0,"timestamp":1546688810,"path_taken":["M","?","?","M","$","R","E","M","T","M","M","M","R","E","R","BOSS","M","?","M","?","M","R","M","M","T","R","M","M","M","M","R","BOSS","M","?","?","$","?","R","?","M","T","M","R","?","M","M","R","BOSS","R","$","E","BOSS"],"build_version":"2019-01-03v4","purchased_purges":3,"victory":false,"max_hp_per_floor":[75,75,75,75,75,75,75,75,75,75,75,75,75,75,75,75,75,75,80,80,80,80,80,80,80,80,80,80,80,80,80,80,80,80,80,80,80,80,80,80,80,80,80,80,80,80,80,80,80,80,80,80,80,80,80],"card_choices":[{"not_picked":["Consume","Reprogram"],"picked":"Chill","floor":1.0},{"not_picked":["Hologram","Turbo"],"picked":"Glacier","floor":4.0},{"not_picked":["Force Field","Self Repair"],"picked":"Rebound","floor":7.0},{"not_picked":["Rebound","Compile Driver"],"picked":"Beam Cell","floor":8.0},{"not_picked":["Rebound","Echo Form"],"picked":"Streamline","floor":8.0},{"not_picked":["Skim","Steam"],"picked":"Coolheaded","floor":10.0},{"not_picked":["Conserve Battery","Leap"],"picked":"Steam","floor":10.0},{"not_picked":["Stack","Force Field"],"picked":"Defragment","floor":11.0},{"not_picked":["Doom and Gloom","Lockon"],"picked":"Go for the Eyes","floor":11.0},{"not_picked":["Aggregate","Redo"],"picked":"Glacier","floor":12.0},{"not_picked":["Sunder","Storm","Conserve Battery"],"picked":"SKIP","floor":12.0},{"not_picked":["Consume","Steam"],"picked":"Self Repair","floor":14.0},{"not_picked":["Hyperbeam+1","Echo Form"],"picked":"Biased Cognition","floor":16.0},{"not_picked":["Streamline+1","Glacier"],"picked":"Doom and Gloom+1","floor":18.0},{"not_picked":["Leap","Ball Lightning+1"],"picked":"Rebound+1","floor":18.0},{"not_picked":["Auto Shields","Aggregate"],"picked":"Beam Cell+1","floor":20.0},{"not_picked":["Chill+1","Barrage+1"],"picked":"Hologram","floor":20.0},{"not_picked":["Compile Driver+1","Tempest"],"picked":"Hologram","floor":22.0},{"not_picked":["Chill","Compile Driver+1"],"picked":"Reinforced Body+1","floor":22.0},{"not_picked":["Aggregate","Storm","Coolheaded"],"picked":"SKIP","floor":24.0},{"not_picked":["Auto Shields","Hologram","Ball Lightning+1"],"picked":"SKIP","floor":24.0},{"not_picked":["Darkness","Redo"],"picked":"All For One+1","floor":25.0},{"not_picked":["Static Discharge","Streamline+1","Steam"],"picked":"SKIP","floor":25.0},{"not_picked":["Barrage+1","Defragment"],"picked":"Capacitor","floor":28.0},{"not_picked":["Coolheaded","Undo"],"picked":"Capacitor","floor":28.0},{"not_picked":["Go for the Eyes+1","Auto Shields"],"picked":"Core Surge+1","floor":29.0},{"not_picked":["White Noise","Steam+1"],"picked":"Loop","floor":29.0},{"not_picked":["Streamline+1","Go for the Eyes+1"],"picked":"Loop+1","floor":30.0},{"not_picked":["Streamline+1","Barrage+1","Compile Driver+1"],"picked":"SKIP","floor":30.0},{"not_picked":["Sweeping Beam+1","White Noise"],"picked":"Blizzard+1","floor":31.0},{"not_picked":["Redo","Barrage+1"],"picked":"Double Energy+1","floor":31.0},{"not_picked":["Hyperbeam+1","Creative AI"],"picked":"Multi-Cast","floor":33.0},{"not_picked":["Beam Cell+1","Streamline+1"],"picked":"Recycle+1","floor":35.0},{"not_picked":["Loop+1","Compile Driver+1","Coolheaded"],"picked":"SKIP","floor":35.0},{"not_picked":["Dramatic Entrance+1","Madness"],"picked":"Master of Strategy","floor":37.0},{"not_picked":["Ball Lightning+1","Glacier+1","Reprogram"],"picked":"SKIP","floor":41.0},{"not_picked":["Genetic Algorithm+1","Auto Shields+1","Go for the Eyes+1"],"picked":"SKIP","floor":41.0},{"not_picked":["Barrage+1","Streamline+1"],"picked":"Cold Snap+1","floor":42.0},{"not_picked":["Streamline+1","Compile Driver+1"],"picked":"Gash+1","floor":42.0},{"not_picked":["Barrage+1","Streamline+1","Leap"],"picked":"SKIP","floor":44.0},{"not_picked":["Cold Snap+1","Undo+1","Steam"],"picked":"SKIP","floor":44.0},{"not_picked":["Gash+1","Cold Snap+1"],"picked":"Hologram","floor":47.0},{"not_picked":["Conserve Battery+1","Tempest","Sweeping Beam+1"],"picked":"SKIP","floor":47.0},{"not_picked":["Beam Cell+1","Redo+1"],"picked":"Darkness+1","floor":48.0},{"not_picked":["Sunder+1","Streamline+1"],"picked":"Chill+1","floor":48.0},{"not_picked":["Streamline+1","Beam Cell+1"],"picked":"Darkness","floor":54.0}],"player_experience":120395,"relics_obtained":[{"floor":7.0,"key":"Prayer Wheel"},{"floor":14.0,"key":"Molten Egg 2"},{"floor":26.0,"key":"Shovel"},{"floor":36.0,"key":"Ice Cream"},{"floor":43.0,"key":"Meat on the Bone"},{"floor":52.0,"key":"Bottled Flame"},{"floor":54.0,"key":"Anchor"}],"event_choices":[{"damage_healed":0.0,"max_hp_gain":0.0,"max_hp_loss":0.0,"gold_gain":0.0,"event_name":"Golden Idol","player_choice":"Ignored","floor":2.0,"gold_loss":0.0,"damage_taken":0.0},{"damage_healed":0.0,"max_hp_gain":0.0,"max_hp_loss":0.0,"gold_gain":75.0,"event_name":"World of Goop","player_choice":"Gather Gold","floor":3.0,"gold_loss":0.0,"damage_taken":11.0},{"damage_healed":0.0,"max_hp_gain":5.0,"max_hp_loss":0.0,"gold_gain":0.0,"event_name":"Forgotten Altar","player_choice":"Shed Blood","floor":19.0,"gold_loss":0.0,"damage_taken":19.0},{"cards_removed":["Rebound"],"damage_healed":0.0,"max_hp_gain":0.0,"max_hp_loss":0.0,"gold_gain":0.0,"event_name":"Beggar","player_choice":"Gave Gold","floor":21.0,"gold_loss":75.0,"damage_taken":0.0},{"damage_healed":0.0,"max_hp_gain":0.0,"max_hp_loss":0.0,"gold_gain":0.0,"event_name":"Mysterious Sphere","player_choice":"Fight","floor":36.0,"gold_loss":0.0,"damage_taken":0.0},{"damage_healed":0.0,"max_hp_gain":0.0,"max_hp_loss":0.0,"gold_gain":0.0,"event_name":"SensoryStone","player_choice":"Memory 1","floor":37.0,"gold_loss":0.0,"damage_taken":0.0},{"damage_healed":0.0,"max_hp_gain":0.0,"max_hp_loss":0.0,"gold_gain":0.0,"event_name":"Tomb of Lord Red Mask","player_choice":"Paid","floor":39.0,"gold_loss":139.0,"damage_taken":0.0,"relics_obtained":["Red Mask"]},{"damage_healed":0.0,"max_hp_gain":0.0,"max_hp_loss":0.0,"gold_gain":0.0,"event_name":"FaceTrader","player_choice":"Leave","floor":46.0,"gold_loss":0.0,"damage_taken":0.0}],"is_beta":false,"boss_relics":[{"not_picked":["Cursed Key","Snecko Eye"],"picked":"Sozu"},{"not_picked":["Tiny House","White Beast Statue"],"picked":"FrozenCore"}],"items_purged_floors":[5,38,53],"is_endless":false,"potions_floor_spawned":[1,12,16,22,29,30,33,36,42,48,54],"killed_by":"The Heart","ascension_level":2}