{"gold_per_floor":[117,117,136,186,198,240,252,292,304,391,423,435,22,49,49,123,123,133,143,43,43],"floor_reached":21,"playtime":902,"items_purged":["Strike_B","Strike_B"],"score":374,"play_id":"017ca439-ba86-4547-a6b6-abe50e754d97","local_time":"20190208094220","is_ascension_mode":true,"campfire_choices":[{"data":"Zap","floor":7.0,"key":"SMITH"},{"floor":12.0,"key":"REST"},{"floor":15.0,"key":"REST"}],"neow_cost":"NONE","seed_source_timestamp":0,"circlet_count":0,"master_deck":["AscendersBane","Defend_B","Defend_B","Defend_B","Defend_B","Zap+1","Dualcast","Cold Snap","Coolheaded","Machine Learning","Double Energy","Turbo","Streamline","Biased Cognition","Seek","Capacitor"],"special_seed":0,"relics":["Cracked Core","NeowsBlessing","MawBank","Juzu Bracelet","Pocketwatch","Singing Bowl","Calipers","Potion Belt","Velvet Choker"],"potions_floor_usage":[],"damage_taken":[{"damage":0.0,"enemies":"Jaw Worm","floor":1.0,"turns":1.0},{"damage":0.0,"enemies":"Cultist","floor":3.0,"turns":1.0},{"damage":0.0,"enemies":"3 Sentries","floor":6.0,"turns":1.0},{"damage":22.0,"enemies":"Lagavulin","floor":8.0,"turns":8.0},{"damage":4.0,"enemies":"Small Slimes","floor":11.0,"turns":2.0},{"damage":30.0,"enemies":"Gremlin Nob","floor":14.0,"turns":4.0},{"damage":19.0,"enemies":"Slime Boss","floor":16.0,"turns":8.0},{"damage":25,"enemies":"3 Byrds","floor":18,"turns":5},{"damage":8,"enemies":"Shell Parasite","floor":19,"turns":7},{"damage":16,"enemies":"Snecko","floor":21,"turns":6}],"seed_played":"4010313101704674570","potions_obtained":[{"floor":8.0,"key":"AttackPotion"},{"floor":11.0,"key":"Regen Potion"},{"floor":16.0,"key":"LiquidBronze"},{"floor":18,"key":"Explosive Potion"}],"is_trial":false,"path_per_floor":["M","?","M","T","?","E","R","E","T","?","M","R","$","E","R","B",null,"M","M","$","M"],"character_chosen":"DEFECT","items_purchased":["Calipers","Streamline"],"campfire_rested":2,"item_purchase_floors":[13,13],"current_hp_per_floor":[64,64,64,64,57,57,57,35,35,24,20,41,41,23,44,25,60,35,29,29,13],"gold":43,"neow_bonus":"THREE_ENEMY_KILL","is_prod":false,"is_daily":false,"chose_seed":false,"campfire_upgraded":1,"win_rate":0,"timestamp":1549636940,"path_taken":["M","?","?","?","?","E","R","E","T","?","M","R","?","E","R","BOSS","M","M","$","M"],"build_version":"2019-01-23","purchased_purges":2,"victory":false,"max_hp_per_floor":[71,71,71,71,71,71,71,71,71,71,71,71,71,71,71,71,71,71,73,73,73],"card_choices":[{"not_picked":["Redo","Self Repair"],"picked":"Cold Snap","floor":1.0},{"not_picked":["Leap","Sweeping Beam"],"picked":"Coolheaded","floor":3.0},{"not_picked":["Chaos","Gash"],"picked":"Machine Learning","floor":6.0},{"not_picked":["Meteor Strike","Aggregate"],"picked":"Double Energy","floor":8.0},{"not_picked":["Streamline","Go for the Eyes"],"picked":"Turbo","floor":11.0},{"not_picked":["Barrage","Static Discharge"],"picked":"Biased Cognition","floor":14.0},{"not_picked":["Reboot","All For One"],"picked":"Seek","floor":16.0},{"not_picked":["Cold Snap","Recycle"],"picked":"Capacitor","floor":18},{"not_picked":["Rebound","Streamline","Conserve Battery+1"],"picked":"Singing Bowl","floor":19}],"player_experience":697305,"relics_obtained":[{"floor":4.0,"key":"MawBank"},{"floor":6.0,"key":"Juzu Bracelet"},{"floor":8.0,"key":"Pocketwatch"},{"floor":9.0,"key":"Singing Bowl"},{"floor":14.0,"key":"Potion Belt"}],"event_choices":[{"cards_removed":["Strike_B"],"damage_healed":0.0,"max_hp_gain":0.0,"max_hp_loss":0.0,"gold_gain":0.0,"event_name":"Purifier","player_choice":"Purged","floor":2.0,"gold_loss":0.0,"damage_taken":0.0},{"cards_removed":["Strike_B"],"damage_healed":0.0,"max_hp_gain":0.0,"max_hp_loss":0.0,"gold_gain":0.0,"event_name":"Golden Wing","player_choice":"Card Removal","floor":5.0,"gold_loss":0.0,"damage_taken":7.0},{"damage_healed":0.0,"max_hp_gain":0.0,"max_hp_loss":0.0,"gold_gain":75.0,"event_name":"World of Goop","player_choice":"Gather Gold","floor":10.0,"gold_loss":0.0,"damage_taken":11.0}],"is_beta":false,"boss_relics":[{"not_picked":["Lizard Tail","Fusion Hammer"],"picked":"Velvet Choker"}],"items_purged_floors":[13,20],"is_endless":false,"potions_floor_spawned":[8,11,16,18],"killed_by":"Snecko","ascension_level":14}