{"gold_per_floor":[109,31,31,47,65,65,91,166,166,185,195,195,212,212,212,337,337,353,353,97,120,45,45,89,112,112,112,125,40,40,40,40,169,169,187,48,67,67,132,132,145,145,145,145,161,36,56,90,90,90],"floor_reached":51,"playtime":4280,"items_purged":["Defend_B","Dualcast","Strike_B"],"score":720,"play_id":"0d767db0-8155-486d-839c-230503a377fd","local_time":"20181014094750","is_ascension_mode":false,"campfire_choices":[{"data":"Loop","floor":6,"key":"SMITH"},{"floor":12,"key":"REST"},{"data":"Multi-Cast","floor":15,"key":"SMITH"},{"data":"Echo Form","floor":23,"key":"SMITH"},{"floor":27,"key":"REST"},{"floor":32,"key":"REST"},{"data":"Storm","floor":40,"key":"SMITH"},{"floor":42,"key":"REST"},{"data":"Loop","floor":44,"key":"SMITH"},{"floor":49,"key":"REST"}],"neow_cost":"PERCENT_DAMAGE","seed_source_timestamp":362909422662228,"circlet_count":0,"master_deck":["Strike_B+1","Strike_B","Strike_B","Defend_B+1","Defend_B","Zap","Redo","Loop+1","Ball Lightning","Self Repair","Tempest","Storm+1","Multi-Cast+1","Thunder Strike","Defragment","Echo Form+1","Redo","Tempest","Redo+1","RitualDagger","Biased Cognition","Hologram+1","Capacitor","Loop+1","Conserve Battery+1","Storm+1","BootSequence+1"],"relics":["Cracked Core","Pear","Mummified Hand","Golden Idol","Black Star","Enchiridion","Orichalcum","Strawberry","WingedGreaves","Nunchaku","MutagenicStrength","Velvet Choker","Thread and Needle","Letter Opener","Juzu Bracelet","Vajra"],"potions_floor_usage":[7,16,16,21,24,25,35,37,50,50,50],"damage_taken":[{"damage":4,"enemies":"Jaw Worm","floor":1,"turns":4},{"damage":2,"enemies":"2 Louse","floor":4,"turns":2},{"damage":0,"enemies":"Small Slimes","floor":5,"turns":2},{"damage":20,"enemies":"3 Sentries","floor":7,"turns":5},{"damage":15,"enemies":"Looter","floor":10,"turns":3},{"damage":5,"enemies":"3 Louse","floor":11,"turns":3},{"damage":13,"enemies":"2 Fungi Beasts","floor":13,"turns":3},{"damage":0,"enemies":"Slime Boss","floor":16,"turns":5},{"damage":10,"enemies":"Spheric Guardian","floor":18,"turns":3},{"damage":17,"enemies":"2 Thieves","floor":21,"turns":3},{"damage":58,"enemies":"Gremlin Leader","floor":24,"turns":6},{"damage":14,"enemies":"Centurion and Healer","floor":25,"turns":6},{"damage":9,"enemies":"Chosen and Byrds","floor":28,"turns":4},{"damage":14,"enemies":"Automaton","floor":33,"turns":5},{"damage":11,"enemies":"3 Darklings","floor":35,"turns":4},{"damage":11,"enemies":"3 Shapes","floor":37,"turns":3},{"damage":29,"enemies":"Mysterious Sphere","floor":39,"turns":3},{"damage":21,"enemies":"Reptomancer","floor":41,"turns":3},{"damage":6,"enemies":"4 Shapes","floor":45,"turns":3},{"damage":0,"enemies":"Spire Growth","floor":47,"turns":3},{"damage":21,"enemies":"2 Orb Walkers","floor":48,"turns":3},{"damage":53,"enemies":"Donu and Deca","floor":50,"turns":5}],"seed_played":"-8973099867055165398","potions_obtained":[{"floor":4,"key":"Explosive Potion"},{"floor":11,"key":"Fire Potion"},{"floor":13,"key":"AttackPotion"},{"floor":16,"key":"Energy Potion"},{"floor":18,"key":"SteroidPotion"},{"floor":24,"key":"Weak Potion"},{"floor":28,"key":"Strength Potion"},{"floor":33,"key":"Explosive Potion"},{"floor":41,"key":"Dexterity Potion"},{"floor":47,"key":"Strength Potion"},{"floor":48,"key":"Fire Potion"}],"is_trial":false,"path_per_floor":["M","$","?","M","M","R","E","?","T","M","M","R","M","?","R","B",null,"M","?","$","M","?","R","E","M","T","R","M","?","?","?","R","B",null,"M","$","M","?","?","R","M","R","T","R","M","$","M","E","R","B"],"character_chosen":"DEFECT","items_purchased":["Loop","Echo Form","Redo","Capacitor"],"campfire_rested":5,"item_purchase_floors":[2,20,20,36],"current_hp_per_floor":[64,64,46,44,44,44,41,30,30,22,24,53,47,23,23,23,99,89,73,73,63,63,63,19,12,12,43,41,41,41,35,66,52,106,102,102,91,91,69,69,55,85,85,85,79,79,86,65,95,49],"gold":90,"neow_bonus":"TWENTY_PERCENT_HP_BONUS","is_prod":false,"is_daily":false,"chose_seed":false,"campfire_upgraded":5,"win_rate":0.0,"timestamp":1539524870,"path_taken":["M","$","?","M","M","R","E","?","T","M","M","R","M","?","R","BOSS","M","?","$","M","?","R","E","M","T","R","?","?","?","?","R","BOSS","M","$","M","?","?","R","?","R","T","R","M","?","M","E","R","BOSS"],"build_version":"2018-10-11","purchased_purges":3,"victory":true,"max_hp_per_floor":[89,89,89,89,89,89,99,99,99,99,99,99,99,99,99,99,99,99,99,99,99,99,99,106,106,106,106,106,106,106,106,106,106,106,106,106,106,101,101,101,101,101,101,101,101,101,101,101,101,101],"card_choices":[{"not_picked":["Steam","Stack"],"picked":"Redo","floor":1},{"not_picked":["Fusion","Doom and Gloom"],"picked":"Ball Lightning","floor":4},{"not_picked":["Compile Driver","Beam Cell"],"picked":"Self Repair","floor":5},{"not_picked":["Aggregate","Beam Cell"],"picked":"Tempest","floor":7},{"not_picked":["Steam","Rebound","Stack"],"picked":"SKIP","floor":10},{"not_picked":["Ball Lightning","Beam Cell"],"picked":"Storm","floor":11},{"not_picked":["Consume","Hologram"],"picked":"Multi-Cast","floor":13},{"not_picked":["Fission","Seek"],"picked":"Thunder Strike","floor":16},{"not_picked":["Go for the Eyes+1","Cold Snap+1"],"picked":"Defragment","floor":18},{"not_picked":["Redo","Amplify"],"picked":"Tempest","floor":21},{"not_picked":["Steam Power","Gash","Rebound"],"picked":"SKIP","floor":24},{"not_picked":["Skim+1","Go for the Eyes","Reprogram"],"picked":"SKIP","floor":25},{"not_picked":["Gash","Ball Lightning+1"],"picked":"Redo+1","floor":28},{"not_picked":["Thunder Strike","Machine Learning"],"picked":"Biased Cognition","floor":33},{"not_picked":["Genetic Algorithm","Steam"],"picked":"Hologram+1","floor":35},{"not_picked":["Conserve Battery+1","Reinforced Body+1","Stack"],"picked":"SKIP","floor":37},{"not_picked":["Conserve Battery+1","Redo"],"picked":"Loop","floor":39},{"not_picked":["Leap+1","Ball Lightning"],"picked":"Conserve Battery+1","floor":41},{"not_picked":["Go for the Eyes","Compile Driver","Steam"],"picked":"SKIP","floor":45},{"not_picked":["Stack+1","Blizzard"],"picked":"Storm+1","floor":47},{"not_picked":["Machine Learning","Barrage"],"picked":"BootSequence+1","floor":48}],"player_experience":144858,"relics_obtained":[{"floor":7,"key":"Pear"},{"floor":9,"key":"Mummified Hand"},{"floor":19,"key":"Enchiridion"},{"floor":24,"key":"Orichalcum"},{"floor":24,"key":"Strawberry"},{"floor":26,"key":"WingedGreaves"},{"floor":39,"key":"Thread and Needle"},{"floor":43,"key":"Letter Opener"},{"floor":48,"key":"Juzu Bracelet"},{"floor":48,"key":"Vajra"}],"event_choices":[{"event_name":"Shining Light","player_choice":"Entered Light","floor":3,"damage_taken":0},{"event_name":"World of Goop","player_choice":"Gather Gold","floor":8,"damage_taken":0},{"event_name":"Golden Idol","player_choice":"Take Damage","floor":14,"damage_taken":0},{"event_name":"Cursed Tome","player_choice":"Obtained Book","floor":19,"damage_taken":0},{"event_name":"Beggar","player_choice":"Gave Gold","floor":22,"damage_taken":0},{"event_name":"Addict","player_choice":"Obtained Relic","floor":29,"damage_taken":0},{"event_name":"Drug Dealer","player_choice":"Inject Mutagens","floor":30,"damage_taken":0},{"event_name":"Nest","player_choice":"Joined the Cult","floor":31,"damage_taken":0},{"event_name":"Winding Halls","player_choice":"Max HP","floor":38,"damage_taken":0},{"event_name":"Mysterious Sphere","player_choice":"Fight","floor":39,"damage_taken":0}],"is_beta":false,"boss_relics":[{"not_picked":["Runic Pyramid","Lizard Tail"],"picked":"Black Star"},{"not_picked":["Runic Dome","Coffee Dripper"],"picked":"Velvet Choker"}],"items_purged_floors":[20,36,46],"is_endless":false,"potions_floor_spawned":[4,11,13,16,18,24,28,33,41,47,48],"ascension_level":0}