{"gold_per_floor":[109,128,47,65,80,80,92,92,164,164,175,205,130,146,146,146],"floor_reached":16,"playtime":642,"items_purged":["Strike_G"],"score":120,"play_id":"1cc08e94-3398-4baf-b7de-e18ab9298efe","local_time":"20190111002815","is_ascension_mode":true,"campfire_choices":[{"data":"Noxious Fumes","floor":6,"key":"SMITH"},{"data":"Backflip","floor":8,"key":"SMITH"},{"data":"Acrobatics","floor":10,"key":"SMITH"},{"floor":15,"key":"REST"}],"neow_cost":"NONE","seed_source_timestamp":49932069156050,"circlet_count":0,"master_deck":["Defend_G","Defend_G","Defend_G","Defend_G","Defend_G","Strike_G","Strike_G","Strike_G","Strike_G","Survivor","Neutralize+1","Cloak And Dagger","Backflip+1","Noxious Fumes+1","All Out Attack","Grand Finale","Acrobatics+1","Concentrate+1","Prepared+1","Concentrate+1"],"relics":["Ring of the Snake","Toxic Egg 2","WingedGreaves"],"potions_floor_usage":[12,12],"damage_taken":[{"damage":0,"enemies":"Jaw Worm","floor":1,"turns":4},{"damage":2,"enemies":"Cultist","floor":2,"turns":4},{"damage":1,"enemies":"Small Slimes","floor":4,"turns":4},{"damage":13,"enemies":"Exordium Thugs","floor":5,"turns":6},{"damage":9,"enemies":"Large Slime","floor":7,"turns":5},{"damage":2,"enemies":"Red Slaver","floor":11,"turns":3},{"damage":34,"enemies":"Gremlin Nob","floor":12,"turns":5},{"damage":0,"enemies":"2 Fungi Beasts","floor":14,"turns":3},{"damage":31,"enemies":"Slime Boss","floor":16,"turns":9}],"seed_played":"-6585036299793482749","potions_obtained":[{"floor":2,"key":"Fire Potion"},{"floor":5,"key":"Energy Potion"}],"is_trial":false,"path_per_floor":["M","M","$","M","M","R","M","R","T","R","M","E","$","M","R","B"],"character_chosen":"THE_SILENT","items_purchased":["Noxious Fumes"],"campfire_rested":1,"item_purchase_floors":[3],"current_hp_per_floor":[70,68,68,67,54,54,45,45,45,45,43,9,9,9,30,0],"gold":146,"neow_bonus":"UPGRADE_CARD","is_prod":false,"is_daily":false,"chose_seed":false,"campfire_upgraded":3,"win_rate":0,"timestamp":1547134095,"path_taken":["M","M","$","M","M","R","M","R","T","R","M","E","$","M","R","BOSS"],"build_version":"2019-01-03v4","purchased_purges":1,"victory":false,"max_hp_per_floor":[70,70,70,70,70,70,70,70,70,70,70,70,70,70,70,70],"card_choices":[{"not_picked":["Deflect","Endless Agony"],"picked":"Cloak And Dagger","floor":1},{"not_picked":["Dash","Distraction"],"picked":"Backflip","floor":2},{"not_picked":["Slice","Distraction"],"picked":"All Out Attack","floor":4},{"not_picked":["Dagger Spray","Deadly Poison"],"picked":"Grand Finale","floor":5},{"not_picked":["Prepared","Dash"],"picked":"Acrobatics","floor":7},{"not_picked":["Outmaneuver+1","Quick Slash"],"picked":"Concentrate+1","floor":11},{"not_picked":["Poisoned Stab","Slice"],"picked":"Prepared+1","floor":12},{"not_picked":["Prepared+1","Glass Knife"],"picked":"Concentrate+1","floor":14}],"player_experience":202419,"relics_obtained":[{"floor":9,"key":"Toxic Egg 2"},{"floor":12,"key":"WingedGreaves"}],"event_choices":[],"is_beta":false,"boss_relics":[],"items_purged_floors":[13],"is_endless":false,"potions_floor_spawned":[2,5],"killed_by":"Slime Boss","ascension_level":3}