{"gold_per_floor":[109,126,143,143,158,158,188,188,188,223,223,241,256,266,266,345,345,345,255,255,255,255],"floor_reached":22,"playtime":960,"items_purged":[],"score":350,"play_id":"4aa6de42-c1f1-4cd5-9423-f17bd989b5ee","local_time":"20190210215611","is_ascension_mode":true,"campfire_choices":[{"data":"Chaos","floor":6.0,"key":"SMITH"},{"data":"Self Repair","floor":8.0,"key":"SMITH"},{"data":"Streamline","floor":11.0,"key":"SMITH"},{"data":"Capacitor","floor":15.0,"key":"SMITH"}],"neow_cost":"NONE","seed_source_timestamp":35094742235042,"circlet_count":0,"master_deck":["AscendersBane","Strike_B","Strike_B","Strike_B","Defend_B","Defend_B","Defend_B","Defend_B","Zap+1","Dualcast","Self Repair+1","Chaos+1","Melter","Self Repair","Streamline+1","Leap","Capacitor+1","Glacier","Creative AI","Conserve Battery","Hyperbeam","Go for the Eyes"],"special_seed":0,"relics":["Cracked Core","Blood Vial","Cables","Mango","Ectoplasm"],"potions_floor_usage":[21],"damage_taken":[{"damage":0.0,"enemies":"2 Louse","floor":1.0,"turns":1.0},{"damage":5.0,"enemies":"Small Slimes","floor":2.0,"turns":4.0},{"damage":1.0,"enemies":"Cultist","floor":3.0,"turns":3.0},{"damage":13.0,"enemies":"Blue Slaver","floor":5.0,"turns":4.0},{"damage":27.0,"enemies":"3 Sentries","floor":7.0,"turns":9.0},{"damage":23.0,"enemies":"Lagavulin","floor":10.0,"turns":7.0},{"damage":8.0,"enemies":"Red Slaver","floor":12.0,"turns":3.0},{"damage":7.0,"enemies":"3 Louse","floor":13.0,"turns":3.0},{"damage":8.0,"enemies":"Blue Slaver","floor":14.0,"turns":3.0},{"damage":58.0,"enemies":"Hexaghost","floor":16.0,"turns":14.0},{"damage":0.0,"enemies":"Spheric Guardian","floor":18.0,"turns":3.0},{"damage":33.0,"enemies":"2 Thieves","floor":19.0,"turns":5.0},{"damage":42,"enemies":"Chosen and Byrds","floor":21,"turns":10},{"damage":55,"enemies":"3 Cultists","floor":22,"turns":4}],"seed_played":"-4702334334478992792","potions_obtained":[{"floor":1.0,"key":"Ancient Potion"},{"floor":2.0,"key":"Strength Potion"},{"floor":14.0,"key":"FocusPotion"}],"is_trial":false,"path_per_floor":["M","M","M","?","M","R","E","R","T","E","R","M","M","M","R","B",null,"M","M","?","M","M"],"character_chosen":"DEFECT","items_purchased":[],"campfire_rested":0,"item_purchase_floors":[],"current_hp_per_floor":[64,66,71,71,65,65,52,52,52,62,62,66,78,79,79,40,74,83,69,69,46,0],"gold":255,"neow_bonus":"UPGRADE_CARD","is_prod":false,"is_daily":false,"chose_seed":false,"campfire_upgraded":4,"win_rate":0,"timestamp":1549803371,"path_taken":["M","M","M","?","M","R","E","R","T","E","R","M","M","M","R","BOSS","M","M","?","M","M"],"build_version":"2019-01-23","purchased_purges":0,"victory":false,"max_hp_per_floor":[71,71,71,71,71,71,71,71,71,85,85,85,85,85,85,85,85,85,85,85,85,85],"card_choices":[{"not_picked":["Static Discharge","Steam"],"picked":"Self Repair","floor":1.0},{"not_picked":["Beam Cell","Aggregate"],"picked":"Chaos","floor":2.0},{"not_picked":["Hologram","Stack"],"picked":"Melter","floor":3.0},{"not_picked":["Static Discharge","Compile Driver"],"picked":"Self Repair","floor":5.0},{"not_picked":["Hologram","Sweeping Beam","Recycle"],"picked":"SKIP","floor":7.0},{"not_picked":["Cold Snap","Rainbow"],"picked":"Streamline","floor":10.0},{"not_picked":["Beam Cell","Fusion"],"picked":"Leap","floor":12.0},{"not_picked":["Turbo","Go for the Eyes"],"picked":"Capacitor","floor":13.0},{"not_picked":["Scrape","Sweeping Beam"],"picked":"Glacier","floor":14.0},{"not_picked":["Multi-Cast","Machine Learning"],"picked":"Creative AI","floor":16.0},{"not_picked":["Barrage","Compile Driver","Redo"],"picked":"SKIP","floor":18.0},{"not_picked":["Hologram","Heatsinks"],"picked":"Conserve Battery","floor":19.0},{"not_picked":["Turbo","Reprogram"],"picked":"Go for the Eyes","floor":21}],"player_experience":332405,"relics_obtained":[{"floor":7.0,"key":"Blood Vial"},{"floor":9.0,"key":"Cables"},{"floor":10.0,"key":"Mango"}],"event_choices":[{"damage_healed":0.0,"max_hp_gain":0.0,"max_hp_loss":0.0,"gold_gain":0.0,"event_name":"Golden Idol","player_choice":"Ignored","floor":4.0,"gold_loss":0.0,"damage_taken":0.0},{"damage_healed":0.0,"max_hp_gain":0.0,"max_hp_loss":0.0,"gold_gain":0.0,"cards_transformed":["Strike_B"],"event_name":"Transmorgrifier","player_choice":"Transformed","floor":20.0,"gold_loss":0.0,"damage_taken":0.0,"cards_obtained":["Hyperbeam"]}],"is_beta":false,"boss_relics":[{"not_picked":["Runic Dome","Inserter"],"picked":"Ectoplasm"}],"items_purged_floors":[],"is_endless":false,"potions_floor_spawned":[1,2,5,14,19],"killed_by":"3 Cultists","ascension_level":15}