{"gold_per_floor":[111,128,53,66,84,98,98,29,29,62,62,12,87,120,120,120],"floor_reached":16,"playtime":434,"items_purged":["Strike_R"],"score":110,"play_id":"3150eaae-b6b6-478b-a070-663e203358c0","local_time":"20190211163658","is_ascension_mode":false,"campfire_choices":[{"data":"Rampage","floor":7,"key":"SMITH"},{"data":"Whirlwind","floor":15,"key":"SMITH"}],"neow_cost":"TEN_PERCENT_HP_LOSS","seed_source_timestamp":2132213269391487,"circlet_count":0,"master_deck":["Strike_R","Defend_R","Defend_R","Defend_R","Defend_R","Bash","Body Slam","Wild Strike","Rampage+1","Whirlwind+1"],"relics":["Burning Blood","Mummified Hand","Toxic Egg 2","Golden Idol","Happy Flower"],"potions_floor_usage":[10,14],"damage_taken":[{"damage":1,"enemies":"Jaw Worm","floor":1,"turns":3},{"damage":10,"enemies":"Small Slimes","floor":2,"turns":5},{"damage":1,"enemies":"Cultist","floor":4,"turns":4},{"damage":6,"enemies":"Blue Slaver","floor":5,"turns":4},{"damage":10,"enemies":"Looter","floor":6,"turns":3},{"damage":6,"enemies":"Gremlin Nob","floor":10,"turns":3},{"damage":16,"enemies":"Lagavulin","floor":14,"turns":6},{"damage":33,"enemies":"Hexaghost","floor":16,"turns":7}],"seed_played":"-4592329474190626461","potions_obtained":[{"floor":4,"key":"SpeedPotion"},{"floor":5,"key":"SteroidPotion"},{"floor":10,"key":"FearPotion"},{"floor":14,"key":"Fire Potion"}],"is_trial":false,"path_per_floor":["M","M","$","M","M","M","R","$","T","E","?","?","?","E","R","B"],"character_chosen":"IRONCLAD","items_purchased":["Whirlwind"],"campfire_rested":0,"item_purchase_floors":[8],"current_hp_per_floor":[72,68,68,72,72,68,68,68,68,68,50,50,39,29,29,0],"gold":120,"neow_bonus":"TRANSFORM_TWO_CARDS","is_prod":false,"is_daily":false,"chose_seed":false,"campfire_upgraded":2,"win_rate":0,"timestamp":1549921018,"path_taken":["M","M","$","M","M","M","R","$","T","E","?","?","?","E","R","BOSS"],"build_version":"2019-01-23","purchased_purges":1,"victory":false,"max_hp_per_floor":[72,72,72,72,72,72,72,72,72,72,72,72,72,72,72,72],"card_choices":[{"not_picked":["Clash","Twin Strike","Reckless Charge"],"picked":"SKIP","floor":1},{"not_picked":["Power Through","Battle Trance","Blood for Blood"],"picked":"SKIP","floor":2},{"not_picked":["Havoc","Shrug It Off"],"picked":"Rampage","floor":4},{"not_picked":["Rampage","Dropkick","Clothesline"],"picked":"SKIP","floor":5},{"not_picked":["Berserk","Thunderclap","Dropkick"],"picked":"SKIP","floor":6},{"not_picked":["Inflame","Shockwave","Entrench"],"picked":"SKIP","floor":10},{"not_picked":["Searing Blow","Cleave","Carnage"],"picked":"SKIP","floor":14}],"player_experience":740838,"relics_obtained":[{"floor":9,"key":"Mummified Hand"},{"floor":10,"key":"Toxic Egg 2"},{"floor":14,"key":"Happy Flower"}],"event_choices":[{"damage_healed":0,"gold_gain":0,"player_choice":"Take Damage","damage_taken":18,"relics_obtained":["Golden Idol"],"max_hp_gain":0,"max_hp_loss":0,"event_name":"Golden Idol","floor":11,"gold_loss":0},{"cards_removed":["Strike_R"],"damage_healed":0,"gold_gain":0,"player_choice":"Card Removal","damage_taken":0,"max_hp_gain":0,"max_hp_loss":0,"event_name":"The Cleric","floor":12,"gold_loss":50},{"damage_healed":0,"gold_gain":75,"player_choice":"Gather Gold","damage_taken":11,"max_hp_gain":0,"max_hp_loss":0,"event_name":"World of Goop","floor":13,"gold_loss":0}],"is_beta":false,"boss_relics":[],"items_purged_floors":[3],"is_endless":false,"potions_floor_spawned":[4,5,10,14],"killed_by":"Hexaghost","ascension_level":0}