{"gold_per_floor":[116,116,41,41,41,41,60,60,85,85,115,128,145,145,145,236,236,255,274,299,299],"floor_reached":21,"playtime":816,"items_purged":["Strike_R"],"score":287,"play_id":"4f2f4d37-e484-41d4-a0bc-a2f652e884d9","local_time":"20190124105219","is_ascension_mode":true,"campfire_choices":[{"data":"Rampage","floor":6,"key":"SMITH"},{"data":"Bash","floor":8,"key":"SMITH"},{"data":"Exhume","floor":10,"key":"SMITH"},{"data":"Warcry","floor":15,"key":"SMITH"}],"neow_cost":"TEN_PERCENT_HP_LOSS","seed_source_timestamp":555785016531139,"circlet_count":0,"master_deck":["AscendersBane","Strike_R","Strike_R+1","Defend_R+1","Defend_R","Defend_R","Defend_R","Bash+1","Rampage+1","Exhume+1","Ghostly Armor","Warcry+1","Double Tap","Warcry+1","Warcry"],"relics":["Burning Blood","Turnip","Vajra","Ornamental Fan","Golden Idol","Sozu"],"potions_floor_usage":[16,16],"damage_taken":[{"damage":11,"enemies":"Jaw Worm","floor":1,"turns":4},{"damage":0,"enemies":"Small Slimes","floor":7,"turns":3},{"damage":0,"enemies":"2 Louse","floor":12,"turns":2},{"damage":11,"enemies":"Lots of Slimes","floor":13,"turns":5},{"damage":24,"enemies":"Hexaghost","floor":16,"turns":9},{"damage":5,"enemies":"3 Byrds","floor":18,"turns":6},{"damage":8,"enemies":"Shell Parasite","floor":19,"turns":5},{"damage":3,"enemies":"Snecko","floor":20,"turns":4},{"damage":66,"enemies":"Cultist and Chosen","floor":21,"turns":7}],"seed_played":"-8919101605237946728","potions_obtained":[{"floor":1,"key":"Poison Potion"},{"floor":12,"key":"Regen Potion"}],"is_trial":false,"path_per_floor":["M","?","$","?","?","R","M","R","T","R","?","M","M","?","R","B",null,"M","M","M","M"],"character_chosen":"IRONCLAD","items_purchased":[],"campfire_rested":0,"item_purchase_floors":[],"current_hp_per_floor":[63,63,63,49,49,49,55,55,55,55,55,61,56,56,56,53,61,62,60,63,0],"gold":299,"neow_bonus":"ONE_RARE_RELIC","is_prod":false,"is_daily":false,"chose_seed":false,"campfire_upgraded":4,"win_rate":0,"timestamp":1548345139,"path_taken":["M","?","$","?","?","R","?","R","T","R","?","M","M","?","R","BOSS","M","M","M","M"],"build_version":"2019-01-23","purchased_purges":1,"victory":false,"max_hp_per_floor":[68,68,68,68,68,68,68,68,68,68,68,68,68,63,63,63,63,63,63,63,63],"card_choices":[{"not_picked":["Disarm","Wild Strike"],"picked":"Rampage","floor":1},{"not_picked":["Iron Wave","Clothesline","Pommel Strike"],"picked":"SKIP","floor":7},{"not_picked":["Whirlwind","Entrench"],"picked":"Ghostly Armor","floor":12},{"not_picked":["Pommel Strike","Thunderclap"],"picked":"Warcry","floor":13},{"not_picked":["Brutality","Impervious"],"picked":"Double Tap","floor":16},{"not_picked":["Clothesline","Body Slam"],"picked":"Warcry+1","floor":18},{"not_picked":["Thunderclap+1","Anger","Spot Weakness"],"picked":"SKIP","floor":19},{"not_picked":["Perfected Strike","Flame Barrier"],"picked":"Warcry","floor":20}],"player_experience":406726,"relics_obtained":[{"floor":9,"key":"Vajra"}],"event_choices":[{"cards_removed":["Strike_R"],"damage_healed":0,"gold_gain":0,"player_choice":"Forget","damage_taken":0,"max_hp_gain":0,"max_hp_loss":0,"event_name":"Living Wall","floor":2,"gold_loss":0},{"damage_healed":0,"gold_gain":0,"player_choice":"Entered Light","damage_taken":14,"max_hp_gain":0,"max_hp_loss":0,"event_name":"Shining Light","floor":4,"gold_loss":0,"cards_upgraded":["Strike_R","Defend_R"]},{"damage_healed":0,"gold_gain":0,"cards_transformed":["Strike_R"],"player_choice":"Transformed","damage_taken":0,"max_hp_gain":0,"max_hp_loss":0,"event_name":"Transmorgrifier","floor":5,"gold_loss":0,"cards_obtained":["Exhume"]},{"damage_healed":0,"gold_gain":30,"player_choice":"Searched \u00272\u0027 times","damage_taken":0,"relics_obtained":["Ornamental Fan"],"max_hp_gain":0,"max_hp_loss":0,"event_name":"Dead Adventurer","floor":11,"gold_loss":0},{"damage_healed":0,"gold_gain":0,"player_choice":"Lose Max HP","damage_taken":0,"relics_obtained":["Golden Idol"],"max_hp_gain":0,"max_hp_loss":5,"event_name":"Golden Idol","floor":14,"gold_loss":0}],"is_beta":false,"boss_relics":[{"not_picked":["Lizard Tail","Runic Cube"],"picked":"Sozu"}],"items_purged_floors":[3],"is_endless":false,"potions_floor_spawned":[1,12,19],"killed_by":"Cultist and Chosen","ascension_level":14}