{"gold_per_floor":[111,31,46,65,78,109,120,136,436,436,3,3,22,54,54,153,153,166,266,365,379,59,90,90,115,115,115,133,133,133,143,143,248,248,266,266,266,286,300,300,332,342,342,23,23,23,23,35,35,35],"floor_reached":51,"playtime":5784,"items_purged":["Strike_G","Strike_G"],"score":1304,"play_id":"fc652e21-4391-4ec0-adaf-5d3959aa9b39","local_time":"20190213194523","is_ascension_mode":true,"campfire_choices":[{"floor":10,"key":"REST"},{"data":"Apotheosis","floor":12,"key":"SMITH"},{"data":"Footwork","floor":15,"key":"SMITH"},{"floor":24,"key":"REST"},{"data":"1","floor":29,"key":"LIFT"},{"data":"2","floor":32,"key":"LIFT"},{"floor":40,"key":"RECALL"},{"data":"3","floor":49,"key":"LIFT"}],"neow_cost":"NONE","seed_source_timestamp":2310965930591704,"circlet_count":0,"master_deck":["AscendersBane","Defend_G","Defend_G","Defend_G","Defend_G","Defend_G","Strike_G","Survivor","Neutralize","Terror","Predator","Prepared","Flechettes","Dagger Spray","Endless Agony","Dodge and Roll","Dodge and Roll","Backflip","PiercingWail","Apotheosis+1","Footwork+1","Deflect","PiercingWail","Doppelganger","Backflip","Dash","Predator","Dodge and Roll","Malaise","Ghostly","Ghostly","Ghostly","Ghostly","Ghostly","Prepared","Acrobatics+1","Well Laid Plans","Acrobatics","Grand Finale","Tools of the Trade","Expertise","Decay","Reflex","Blur+1","Adrenaline","Blur+1","Parasite","Footwork","Secret Technique","Master of Strategy","Night Terror"],"relics":["Empty Cage","Prayer Wheel","Old Coin","ClockworkSouvenir","StoneCalendar","Philosopher\u0027s Stone","Incense Burner","Dodecahedron","Mercury Hourglass","Question Card","Girya","Tough Bandages","HoveringKite","Unceasing Top","Kunai"],"potions_floor_usage":[5,23,25,25,35,41,41],"damage_taken":[{"damage":9,"enemies":"Cultist","floor":1,"turns":6},{"damage":0,"enemies":"Small Slimes","floor":3,"turns":3},{"damage":4,"enemies":"Jaw Worm","floor":4,"turns":3},{"damage":0,"enemies":"Blue Slaver","floor":5,"turns":8},{"damage":48,"enemies":"Lagavulin","floor":6,"turns":8},{"damage":6,"enemies":"Looter","floor":7,"turns":4},{"damage":0,"enemies":"Large Slime","floor":8,"turns":5},{"damage":0,"enemies":"3 Louse","floor":13,"turns":3},{"damage":9,"enemies":"3 Sentries","floor":14,"turns":9},{"damage":1,"enemies":"Hexaghost","floor":16,"turns":7},{"damage":1,"enemies":"Shell Parasite","floor":18,"turns":4},{"damage":2,"enemies":"Colosseum Slavers","floor":19,"turns":6},{"damage":22,"enemies":"Colosseum Nobs","floor":19,"turns":7},{"damage":8,"enemies":"Spheric Guardian","floor":21,"turns":7},{"damage":1,"enemies":"Gremlin Leader","floor":23,"turns":8},{"damage":6,"enemies":"Slavers","floor":25,"turns":6},{"damage":0,"enemies":"Chosen and Byrds","floor":28,"turns":6},{"damage":0,"enemies":"Centurion and Healer","floor":31,"turns":7},{"damage":0,"enemies":"Champ","floor":33,"turns":10},{"damage":0,"enemies":"Orb Walker","floor":35,"turns":5},{"damage":24,"enemies":"3 Darklings","floor":38,"turns":7},{"damage":0,"enemies":"Maw","floor":39,"turns":7},{"damage":3,"enemies":"Nemesis","floor":41,"turns":9},{"damage":0,"enemies":"Writhing Mass","floor":42,"turns":7},{"damage":0,"enemies":"Spire Growth","floor":48,"turns":7},{"damage":0,"enemies":"Donu and Deca","floor":50,"turns":15}],"seed_played":"4405423347474735541","potions_obtained":[{"floor":1,"key":"Regen Potion"},{"floor":6,"key":"Weak Potion"},{"floor":23,"key":"Block Potion"},{"floor":25,"key":"Fire Potion"},{"floor":28,"key":"Weak Potion"},{"floor":31,"key":"SpeedPotion"},{"floor":39,"key":"GamblersBrew"},{"floor":48,"key":"FearPotion"}],"is_trial":false,"path_per_floor":["M","$","M","M","M","E","M","M","T","R","$","R","M","E","R","B",null,"M","?","?","M","$","E","R","E","T","?","M","R","?","M","R","B",null,"M","?","?","M","M","R","E","M","T","$","T","?","$","M","R","B",null],"character_chosen":"THE_SILENT","items_purchased":["Predator","ClockworkSouvenir","Apotheosis","Dexterity Potion","Mercury Hourglass","Secret Technique","Weak Potion"],"campfire_rested":2,"item_purchase_floors":[2,11,11,11,22,44,44],"current_hp_per_floor":[54,54,54,50,65,17,11,11,11,32,32,32,32,23,23,22,58,57,33,33,25,25,24,45,39,39,35,35,35,35,35,35,35,35,35,33,33,9,9,9,6,6,6,6,6,6,6,6,6,6],"gold":35,"neow_bonus":"BOSS_RELIC","is_prod":false,"is_daily":false,"chose_seed":false,"campfire_upgraded":2,"win_rate":0,"timestamp":1550105123,"path_taken":["M","$","M","?","M","E","M","M","T","R","$","R","M","E","R","BOSS","M","?","?","M","?","E","R","E","T","?","M","R","?","M","R","BOSS","M","?","?","?","M","R","E","M","T","$","?","?","?","M","R","BOSS"],"build_version":"2019-01-23","purchased_purges":2,"victory":true,"max_hp_per_floor":[70,70,70,70,70,70,70,70,70,70,70,70,70,70,70,70,70,70,70,70,70,70,70,70,70,70,35,35,35,35,35,35,35,35,35,33,33,33,33,33,33,33,33,33,33,33,33,33,33,33],"card_choices":[{"not_picked":["Concentrate","Dodge and Roll"],"picked":"Terror","floor":1},{"not_picked":["Calculated Gamble","Bane"],"picked":"Prepared","floor":3},{"not_picked":["Riddle With Holes","Tactician"],"picked":"Flechettes","floor":4},{"not_picked":["Setup","Quick Slash"],"picked":"Dagger Spray","floor":5},{"not_picked":["Dagger Throw","Cloak And Dagger"],"picked":"Endless Agony","floor":6},{"not_picked":["Calculated Gamble","Riddle With Holes"],"picked":"Dodge and Roll","floor":7},{"not_picked":["Slice","Deflect"],"picked":"Dodge and Roll","floor":7},{"not_picked":["Dodge and Roll","Sucker Punch"],"picked":"Backflip","floor":8},{"not_picked":["Bullet Time","Dodge and Roll"],"picked":"PiercingWail","floor":8},{"not_picked":["PiercingWail","Dagger Spray"],"picked":"Footwork","floor":13},{"not_picked":["Cloak And Dagger","Finisher"],"picked":"Deflect","floor":13},{"not_picked":["Distraction","Backstab"],"picked":"PiercingWail","floor":14},{"not_picked":["Phantasmal Killer","Burst"],"picked":"Doppelganger","floor":16},{"not_picked":["Concentrate","Deflect"],"picked":"Backflip","floor":18},{"not_picked":["Terror+1","Dagger Spray+1"],"picked":"Dash","floor":18},{"not_picked":["Bane","Flying Knee"],"picked":"Predator","floor":19},{"not_picked":["Bane","Concentrate","Quick Slash"],"picked":"SKIP","floor":21},{"not_picked":["Finisher","Slice","Expertise"],"picked":"SKIP","floor":21},{"not_picked":["Expertise","Predator"],"picked":"Dodge and Roll","floor":23},{"not_picked":["Deadly Poison","Reflex","Cloak And Dagger+1"],"picked":"Malaise","floor":25},{"not_picked":["Outmaneuver","Underhanded Strike","Slice+1"],"picked":"Prepared","floor":28},{"not_picked":["Blade Dance","Poisoned Stab","Distraction"],"picked":"Acrobatics+1","floor":28},{"not_picked":["Distraction+1","Flechettes","Expertise"],"picked":"Acrobatics","floor":31},{"not_picked":["All Out Attack+1","Deflect+1","Dash"],"picked":"Grand Finale","floor":31},{"not_picked":["Envenom","A Thousand Cuts","Malaise"],"picked":"Tools of the Trade","floor":33},{"not_picked":["Prepared+1","Backflip+1","PiercingWail+1"],"picked":"Expertise","floor":35},{"not_picked":["Calculated Gamble","Slice","Dash","Underhanded Strike+1"],"picked":"SKIP","floor":35},{"not_picked":["Caltrops+1","Calculated Gamble","Concentrate+1"],"picked":"Reflex","floor":38},{"not_picked":["Deadly Poison","Bane+1","Expertise"],"picked":"Blur+1","floor":38},{"not_picked":["Caltrops","PiercingWail","Dodge and Roll+1"],"picked":"Adrenaline","floor":39},{"not_picked":["Dagger Spray","Dodge and Roll+1","Heel Hook","Leg Sweep+1"],"picked":"SKIP","floor":39},{"not_picked":["Crippling Poison+1","Cloak And Dagger","Dagger Throw+1"],"picked":"Blur+1","floor":41},{"not_picked":["Poisoned Stab","Prepared+1","Blade Dance"],"picked":"Footwork","floor":42},{"not_picked":["Catalyst+1","Bane","Riddle With Holes+1","All Out Attack+1"],"picked":"SKIP","floor":42},{"not_picked":["Enlightenment","Transmutation","Trip"],"picked":"Master of Strategy","floor":46},{"not_picked":["Dagger Throw+1","Backflip+1","Cloak And Dagger+1"],"picked":"Night Terror","floor":48},{"not_picked":["Leg Sweep","Underhanded Strike","Quick Slash","Slice+1"],"picked":"SKIP","floor":48}],"player_experience":758897,"relics_obtained":[{"floor":6,"key":"Prayer Wheel"},{"floor":9,"key":"Old Coin"},{"floor":14,"key":"StoneCalendar"},{"floor":19,"key":"Incense Burner"},{"floor":19,"key":"Dodecahedron"},{"floor":23,"key":"Question Card"},{"floor":25,"key":"Girya"},{"floor":26,"key":"Tough Bandages"},{"floor":41,"key":"Unceasing Top"},{"floor":45,"key":"Kunai"}],"event_choices":[{"damage_healed":0,"gold_gain":0,"player_choice":"Fight","damage_taken":0,"max_hp_gain":0,"max_hp_loss":0,"event_name":"Colosseum","floor":19,"gold_loss":0},{"damage_healed":0,"gold_gain":0,"player_choice":"Fought Nobs","damage_taken":0,"max_hp_gain":0,"max_hp_loss":0,"event_name":"Colosseum","floor":19,"gold_loss":0},{"damage_healed":0,"gold_gain":99,"player_choice":"Stole From Cult","damage_taken":0,"max_hp_gain":0,"max_hp_loss":0,"event_name":"Nest","floor":20,"gold_loss":0},{"damage_healed":0,"gold_gain":0,"player_choice":"Became a Ghost","damage_taken":0,"max_hp_gain":0,"max_hp_loss":35,"event_name":"Ghosts","floor":27,"gold_loss":0,"cards_obtained":["Ghostly","Ghostly","Ghostly","Ghostly","Ghostly"]},{"damage_healed":0,"gold_gain":0,"player_choice":"Read","damage_taken":0,"max_hp_gain":0,"max_hp_loss":0,"event_name":"The Library","floor":30,"gold_loss":0,"cards_obtained":["Well Laid Plans"]},{"damage_healed":0,"gold_gain":0,"player_choice":"Max HP","damage_taken":0,"max_hp_gain":0,"max_hp_loss":2,"event_name":"Winding Halls","floor":36,"gold_loss":0},{"damage_healed":0,"gold_gain":0,"player_choice":"Cursed","damage_taken":0,"max_hp_gain":0,"max_hp_loss":0,"event_name":"Wheel of Change","floor":37,"gold_loss":0,"cards_obtained":["Decay"]},{"damage_healed":0,"gold_gain":0,"player_choice":"Memory 1","damage_taken":0,"max_hp_gain":0,"max_hp_loss":0,"event_name":"SensoryStone","floor":46,"gold_loss":0}],"is_beta":false,"boss_relics":[{"not_picked":["Calling Bell","Velvet Choker"],"picked":"Philosopher\u0027s Stone"},{"not_picked":["Snecko Eye","Coffee Dripper"],"picked":"HoveringKite"}],"items_purged_floors":[22,44],"is_endless":false,"potions_floor_spawned":[1,6,13,16,18,23,25,28,31,39,48],"ascension_level":11}