{"gold_per_floor":[117,117,131,149,168,168,183,213,213,213,229,240,49,67,67,162,162,177,209,221,234,79,79,96,96,96,48,48],"floor_reached":28,"playtime":2305,"items_purged":[],"score":246,"play_id":"babbd681-bdda-48f3-9a1f-66ec27826f8c","local_time":"20190303175713","is_ascension_mode":true,"campfire_choices":[{"data":"Sweeping Beam","floor":6,"key":"SMITH"},{"data":"Stack","floor":15,"key":"SMITH"},{"floor":23,"key":"REST"},{"floor":25,"key":"REST"}],"neow_cost":"NONE","seed_source_timestamp":14251107271800,"circlet_count":0,"master_deck":["Strike_B","Strike_B","Strike_B","Strike_B","Defend_B","Defend_B","Defend_B","Defend_B","Zap","Dualcast","Auto Shields","Sunder","Conserve Battery","Conserve Battery","Sweeping Beam+1","Sweeping Beam","Rebound","Leap","Ball Lightning","Stack+1","Reboot","Stack+1","Barrage+1","Hologram+1","Melter","Go for the Eyes+1"],"relics":["Cracked Core","Mummified Hand","Kunai","Shuriken","Lee\u0027s Waffle","Black Star","Red Mask","Boot","Pantograph"],"potions_floor_usage":[8,11,19,20,20,28,28],"damage_taken":[{"damage":7,"enemies":"Small Slimes","floor":1,"turns":3},{"damage":1,"enemies":"Jaw Worm","floor":3,"turns":2},{"damage":5,"enemies":"2 Louse","floor":4,"turns":3},{"damage":4,"enemies":"Blue Slaver","floor":5,"turns":4},{"damage":0,"enemies":"3 Louse","floor":7,"turns":3},{"damage":14,"enemies":"Lagavulin","floor":8,"turns":8},{"damage":20,"enemies":"Exordium Thugs","floor":11,"turns":4},{"damage":3,"enemies":"Blue Slaver","floor":12,"turns":3},{"damage":4,"enemies":"Large Slime","floor":14,"turns":4},{"damage":45,"enemies":"Hexaghost","floor":16,"turns":11},{"damage":0,"enemies":"Shell Parasite","floor":18,"turns":10},{"damage":42,"enemies":"Masked Bandits","floor":19,"turns":4},{"damage":8,"enemies":"2 Thieves","floor":20,"turns":3},{"damage":30,"enemies":"Centurion and Healer","floor":21,"turns":14},{"damage":23,"enemies":"Snecko","floor":24,"turns":7},{"damage":37,"enemies":"Gremlin Leader","floor":28,"turns":7}],"seed_played":"-2829136231187842285","potions_obtained":[{"floor":4,"key":"Dexterity Potion"},{"floor":7,"key":"Swift Potion"},{"floor":12,"key":"Energy Potion"},{"floor":16,"key":"PowerPotion"},{"floor":19,"key":"Poison Potion"},{"floor":24,"key":"Fire Potion"}],"is_trial":false,"path_per_floor":["M","?","M","M","M","R","M","E","T","?","M","M","$","M","R","B",null,"M","?","M","M","$","R","M","R","T","$","E"],"character_chosen":"DEFECT","items_purchased":["Lee\u0027s Waffle","Boot","Fire Potion"],"campfire_rested":2,"item_purchase_floors":[13,22,27],"current_hp_per_floor":[68,73,72,67,63,63,63,49,49,42,22,19,87,83,83,38,87,87,45,37,7,7,33,10,36,36,36,0],"gold":48,"neow_bonus":"THREE_CARDS","is_prod":false,"is_daily":false,"chose_seed":false,"campfire_upgraded":2,"win_rate":0,"timestamp":1551632233,"path_taken":["M","?","M","M","M","R","M","E","T","?","M","M","$","M","R","BOSS","M","?","M","M","$","R","M","R","T","$","E"],"build_version":"2019-01-23","purchased_purges":0,"victory":false,"max_hp_per_floor":[75,80,80,80,80,80,80,80,80,80,80,80,87,87,87,87,87,87,87,87,87,87,87,87,87,87,87,87],"card_choices":[{"not_picked":["Sweeping Beam","Fusion"],"picked":"Auto Shields","floor":0},{"not_picked":["Conserve Battery","Tempest"],"picked":"Sunder","floor":1},{"not_picked":["Fusion","Redo"],"picked":"Conserve Battery","floor":3},{"not_picked":["Sweeping Beam","Sunder"],"picked":"Conserve Battery","floor":4},{"not_picked":["Force Field","Sunder"],"picked":"Sweeping Beam","floor":5},{"not_picked":["Redo","Turbo"],"picked":"Sweeping Beam","floor":7},{"not_picked":["Heatsinks","Gash"],"picked":"Rebound","floor":8},{"not_picked":["White Noise","Steam"],"picked":"Leap","floor":11},{"not_picked":["Streamline","Conserve Battery"],"picked":"Ball Lightning","floor":12},{"not_picked":["Lockon","Hologram"],"picked":"Stack","floor":14},{"not_picked":["Fission","Meteor Strike"],"picked":"Reboot","floor":16},{"not_picked":["Steam","Reinforced Body"],"picked":"Stack+1","floor":18},{"not_picked":["Auto Shields","Cold Snap"],"picked":"Barrage+1","floor":19},{"not_picked":["Aggregate","Force Field+1"],"picked":"Hologram+1","floor":20},{"not_picked":["Heatsinks","Cold Snap"],"picked":"Melter","floor":21},{"not_picked":["Beam Cell","Rip and Tear"],"picked":"Go for the Eyes+1","floor":24}],"player_experience":532329,"relics_obtained":[{"floor":8,"key":"Mummified Hand"},{"floor":9,"key":"Kunai"},{"floor":19,"key":"Red Mask"},{"floor":26,"key":"Pantograph"}],"event_choices":[{"damage_healed":0,"gold_gain":0,"player_choice":"Donut","damage_taken":0,"max_hp_gain":5,"max_hp_loss":0,"event_name":"Big Fish","floor":2,"gold_loss":0},{"damage_healed":0,"gold_gain":0,"player_choice":"Success","damage_taken":7,"relics_obtained":["Shuriken"],"max_hp_gain":0,"max_hp_loss":0,"event_name":"Scrap Ooze","floor":10,"gold_loss":0},{"damage_healed":0,"gold_gain":0,"player_choice":"Fought Bandits","damage_taken":0,"max_hp_gain":0,"max_hp_loss":0,"event_name":"Masked Bandits","floor":19,"gold_loss":0}],"is_beta":false,"boss_relics":[{"not_picked":["Coffee Dripper","Ectoplasm"],"picked":"Black Star"}],"items_purged_floors":[],"is_endless":false,"potions_floor_spawned":[4,7,12,16,19,24],"killed_by":"Gremlin Leader","ascension_level":2}