{"gold_per_floor":[115,115,136,14,14,14,49,49,117,160,174,25,96,115,115,239,239,262,262,277,113,129,129,54,54,130,148,191,204,79,29,29,148,148,162,181,206,135,154,185,198,198,198,198,221,244,244,3,3,3,3,3,3,34,34],"floor_reached":55,"playtime":2162,"items_purged":["Strike_R","Strike_R","Strike_R","Defend_R+1"],"score":1363,"play_id":"4506e815-f11b-410e-9779-86b8222e14a0","local_time":"20190123225700","is_ascension_mode":true,"campfire_choices":[{"data":"Shrug It Off","floor":6,"key":"SMITH"},{"data":"Body Slam","floor":8,"key":"SMITH"},{"data":"Body Slam","floor":15,"key":"SMITH"},{"data":"Bash","floor":23,"key":"SMITH"},{"data":"Iron Wave","floor":25,"key":"SMITH"},{"floor":32,"key":"RECALL"},{"floor":44,"key":"REST"},{"floor":49,"key":"REST"},{"floor":52,"key":"REST"}],"neow_cost":"NONE","seed_source_timestamp":511500427869461,"circlet_count":0,"master_deck":["AscendersBane","Defend_R+1","Defend_R+1","Defend_R+1","Bash+1","Body Slam+1","Shrug It Off+1","Body Slam+1","Battle Trance+1","Iron Wave+1","Shrug It Off+1","Shrug It Off+1","Impervious+1","Iron Wave+1","Impervious+1","Intimidate+1","Demon Form+1","Body Slam+1","Entrench+1","Entrench+1","Madness+1"],"relics":["Burning Blood","NeowsBlessing","Golden Idol","Gambling Chip","Toxic Egg 2","Matryoshka","Vajra","Runic Dome","Orichalcum","Mummified Hand","PreservedInsect","Cursed Key","Self Forming Clay","Mark of the Bloom","Centennial Puzzle","Charon\u0027s Ashes"],"potions_floor_usage":[10,13,13,28,33,33,46,50,50,55],"damage_taken":[{"damage":0,"enemies":"Cultist","floor":1,"turns":1},{"damage":0,"enemies":"Jaw Worm","floor":3,"turns":1},{"damage":0,"enemies":"Lagavulin","floor":7,"turns":2},{"damage":22,"enemies":"Gremlin Nob","floor":10,"turns":4},{"damage":0,"enemies":"2 Louse","floor":11,"turns":1},{"damage":0,"enemies":"Gremlin Nob","floor":13,"turns":2},{"damage":0,"enemies":"Gremlin Gang","floor":14,"turns":5},{"damage":0,"enemies":"The Guardian","floor":16,"turns":9},{"damage":0,"enemies":"3 Byrds","floor":18,"turns":3},{"damage":0,"enemies":"Chosen","floor":20,"turns":2},{"damage":13,"enemies":"Snake Plant","floor":22,"turns":4},{"damage":0,"enemies":"Centurion and Healer","floor":27,"turns":5},{"damage":0,"enemies":"Slavers","floor":28,"turns":4},{"damage":0,"enemies":"Chosen and Byrds","floor":29,"turns":3},{"damage":61,"enemies":"Champ","floor":33,"turns":9},{"damage":0,"enemies":"Orb Walker","floor":35,"turns":1},{"damage":0,"enemies":"3 Shapes","floor":36,"turns":3},{"damage":0,"enemies":"3 Darklings","floor":37,"turns":3},{"damage":0,"enemies":"Sphere and 2 Shapes","floor":39,"turns":3},{"damage":0,"enemies":"Giant Head","floor":40,"turns":4},{"damage":0,"enemies":"Spire Growth","floor":41,"turns":1},{"damage":5,"enemies":"4 Shapes","floor":45,"turns":6},{"damage":0,"enemies":"Transient","floor":46,"turns":5},{"damage":40,"enemies":"Awakened One","floor":50,"turns":7},{"damage":0,"enemies":"Shield and Spear","floor":54,"turns":3},{"damage":41,"enemies":"The Heart","floor":55,"turns":3}],"seed_played":"719661192510022772","potions_obtained":[{"floor":7,"key":"Strength Potion"},{"floor":10,"key":"Dexterity Potion"},{"floor":11,"key":"GamblersBrew"},{"floor":14,"key":"FearPotion"},{"floor":16,"key":"PowerPotion"},{"floor":28,"key":"Swift Potion"},{"floor":29,"key":"EssenceOfSteel"},{"floor":35,"key":"Explosive Potion"},{"floor":39,"key":"GamblersBrew"},{"floor":46,"key":"Explosive Potion"},{"floor":54,"key":"LiquidBronze"}],"is_trial":false,"path_per_floor":["M","?","M","$","?","R","E","R","T","E","M","$","?","M","R","B",null,"M","?","M","$","M","R","?","R","T","M","E","M","$","?","R","B",null,"M","M","M","$","M","E","M","?","T","R","M","M","?","$","R","B",null,"R","$","E","B"],"character_chosen":"IRONCLAD","items_purchased":["Shrug It Off","Shrug It Off+1","Impervious+1","Entrench+1","Madness+1"],"campfire_rested":3,"item_purchase_floors":[4,12,21,38,48],"current_hp_per_floor":[78,58,64,64,64,64,70,70,70,54,60,60,66,72,72,78,80,80,80,80,80,73,73,73,73,73,79,80,80,80,80,80,25,66,72,78,80,80,80,80,80,80,80,80,75,75,75,75,75,35,35,35,35,35,0],"gold":34,"neow_bonus":"THREE_ENEMY_KILL","is_prod":false,"is_daily":false,"chose_seed":false,"campfire_upgraded":5,"win_rate":0,"timestamp":1548302220,"path_taken":["M","?","M","$","?","R","E","R","T","E","?","$","?","M","R","BOSS","M","?","M","$","?","R","?","R","T","M","E","M","$","?","R","BOSS","M","M","?","?","M","E","M","?","T","R","?","M","?","$","R","BOSS","R","$","E","BOSS"],"build_version":"2019-01-23","purchased_purges":4,"victory":false,"max_hp_per_floor":[80,80,80,80,80,80,80,80,80,80,80,80,80,80,80,80,80,80,80,80,80,80,80,80,80,80,80,80,80,80,80,80,80,80,80,80,80,80,80,80,80,80,80,80,80,80,80,80,80,80,80,80,80,80,80],"card_choices":[{"not_picked":["Armaments","Reckless Charge","Clash"],"picked":"SKIP","floor":1},{"not_picked":["Havoc","Uppercut"],"picked":"Body Slam","floor":3},{"not_picked":["Pommel Strike","Immolate"],"picked":"Body Slam","floor":7},{"not_picked":["Thunderclap","Disarm+1"],"picked":"Battle Trance+1","floor":10},{"not_picked":["Pommel Strike","Flex+1"],"picked":"Iron Wave","floor":11},{"not_picked":["Anger","Thunderclap"],"picked":"Shrug It Off+1","floor":13},{"not_picked":["Metallicize","Evolve","Rupture"],"picked":"SKIP","floor":14},{"not_picked":["Brutality","Immolate"],"picked":"Impervious+1","floor":16},{"not_picked":["Second Wind+1","Headbutt"],"picked":"Iron Wave","floor":18},{"not_picked":["Twin Strike","Sword Boomerang","Rampage"],"picked":"SKIP","floor":20},{"not_picked":["Burning Pact+1","Second Wind+1","Power Through+1"],"picked":"SKIP","floor":22},{"not_picked":["Heavy Blade","Thunderclap"],"picked":"Intimidate+1","floor":27},{"not_picked":["Fiend Fire","Reckless Charge","Havoc+1"],"picked":"SKIP","floor":28},{"not_picked":["Corruption","Armaments+1","Clothesline"],"picked":"SKIP","floor":29},{"not_picked":["Corruption","Armaments+1","Clothesline"],"picked":"SKIP","floor":29},{"not_picked":["Offering+1","Berserk"],"picked":"Demon Form","floor":33},{"not_picked":["Rampage","Evolve","Wild Strike+1"],"picked":"SKIP","floor":35},{"not_picked":["Shockwave+1","Twin Strike"],"picked":"Body Slam+1","floor":36},{"not_picked":["Power Through+1","Armaments+1","Seeing Red+1"],"picked":"SKIP","floor":37},{"not_picked":["Anger","Pommel Strike","Armaments+1"],"picked":"SKIP","floor":39},{"not_picked":["Corruption","Iron Wave"],"picked":"Entrench+1","floor":40},{"not_picked":["Clothesline","Cleave","Dropkick"],"picked":"SKIP","floor":41},{"not_picked":["Sever Soul","Fire Breathing","Heavy Blade"],"picked":"SKIP","floor":45},{"not_picked":["Warcry+1","Body Slam","True Grit+1"],"picked":"SKIP","floor":46},{"not_picked":["Fire Breathing","Armaments+1","Wild Strike"],"picked":"SKIP","floor":54}],"player_experience":399688,"relics_obtained":[{"floor":7,"key":"Gambling Chip"},{"floor":9,"key":"Toxic Egg 2"},{"floor":10,"key":"Matryoshka"},{"floor":13,"key":"Vajra"},{"floor":26,"key":"Orichalcum"},{"floor":26,"key":"Mummified Hand"},{"floor":28,"key":"PreservedInsect"},{"floor":40,"key":"Self Forming Clay"},{"floor":43,"key":"Centennial Puzzle"},{"floor":54,"key":"Charon\u0027s Ashes"}],"event_choices":[{"damage_healed":0,"gold_gain":0,"player_choice":"Take Damage","damage_taken":20,"relics_obtained":["Golden Idol"],"max_hp_gain":0,"max_hp_loss":0,"event_name":"Golden Idol","floor":2,"gold_loss":0},{"cards_removed":["Strike_R"],"damage_healed":0,"gold_gain":0,"player_choice":"Forget","damage_taken":0,"max_hp_gain":0,"max_hp_loss":0,"event_name":"Living Wall","floor":5,"gold_loss":0},{"damage_healed":0,"gold_gain":0,"player_choice":"Searched \u00272\u0027 times","damage_taken":0,"max_hp_gain":0,"max_hp_loss":0,"event_name":"Dead Adventurer","floor":13,"gold_loss":0},{"damage_healed":0,"gold_gain":0,"player_choice":"Leave","damage_taken":0,"max_hp_gain":0,"max_hp_loss":0,"event_name":"FaceTrader","floor":19,"gold_loss":0},{"cards_removed":["Strike_R"],"damage_healed":0,"gold_gain":0,"player_choice":"Gave Gold","damage_taken":0,"max_hp_gain":0,"max_hp_loss":0,"event_name":"Beggar","floor":24,"gold_loss":75},{"damage_healed":0,"gold_gain":0,"player_choice":"Bet on Murderer","damage_taken":0,"max_hp_gain":0,"max_hp_loss":0,"event_name":"The Joust","floor":31,"gold_loss":50},{"damage_healed":0,"gold_gain":0,"player_choice":"Upgrade","damage_taken":0,"relics_obtained":["Mark of the Bloom"],"max_hp_gain":0,"max_hp_loss":0,"event_name":"MindBloom","floor":42,"gold_loss":0,"cards_upgraded":["Defend_R","Defend_R","Defend_R","Defend_R","Iron Wave","Demon Form"]},{"cards_removed":["Writhe"],"damage_healed":0,"gold_gain":0,"player_choice":"Removed Curses","damage_taken":0,"max_hp_gain":0,"max_hp_loss":0,"event_name":"Fountain of Cleansing","floor":47,"gold_loss":0}],"is_beta":false,"boss_relics":[{"not_picked":["White Beast Statue","Black Blood"],"picked":"Runic Dome"},{"not_picked":["Black Star","Runic Cube"],"picked":"Cursed Key"}],"items_purged_floors":[4,12,30,48],"is_endless":false,"potions_floor_spawned":[7,10,11,14,16,18,20,28,29,35,39,45,46,54],"killed_by":"The Heart","ascension_level":12}