{"gold_per_floor":[109,123,14,32,44,44,74,74,74,86,97,97,112,66,66,66],"floor_reached":16,"playtime":587,"items_purged":["Strike_G"],"score":120,"play_id":"3c3f5012-6e7a-4f31-bdf6-bed65a241824","local_time":"20190122002830","is_ascension_mode":true,"campfire_choices":[{"data":"Quick Slash","floor":6,"key":"SMITH"},{"data":"Noxious Fumes","floor":15,"key":"SMITH"}],"neow_cost":"NONE","seed_source_timestamp":52456196408762,"circlet_count":0,"master_deck":["Defend_G","Defend_G","Defend_G","Defend_G","Defend_G","Strike_G","Strike_G","Strike_G","Survivor","Neutralize","Prepared","Quick Slash+1","Tactician","Masterful Stab","Deflect","Noxious Fumes+1","Underhanded Strike","Corpse Explosion","Noxious Fumes"],"relics":["Ring of the Snake","Peace Pipe","Thread and Needle"],"potions_floor_usage":[16],"damage_taken":[{"damage":0,"enemies":"2 Louse","floor":1,"turns":3},{"damage":1,"enemies":"Cultist","floor":2,"turns":5},{"damage":9,"enemies":"Jaw Worm","floor":4,"turns":5},{"damage":9,"enemies":"3 Louse","floor":5,"turns":3},{"damage":38,"enemies":"Lagavulin","floor":7,"turns":8},{"damage":2,"enemies":"Looter","floor":10,"turns":4},{"damage":0,"enemies":"Exordium Thugs","floor":11,"turns":5},{"damage":2,"enemies":"Gremlin Gang","floor":13,"turns":2},{"damage":28,"enemies":"Slime Boss","floor":16,"turns":7}],"seed_played":"3802488946941907910","potions_obtained":[{"floor":5,"key":"Dexterity Potion"},{"floor":7,"key":"SteroidPotion"},{"floor":10,"key":"Explosive Potion"}],"is_trial":false,"path_per_floor":["M","M","$","M","M","R","E","?","T","M","M","?","M","?","R","B"],"character_chosen":"THE_SILENT","items_purchased":["Tactician"],"campfire_rested":0,"item_purchase_floors":[3],"current_hp_per_floor":[70,69,69,60,51,51,13,30,30,28,28,28,26,26,26,0],"gold":66,"neow_bonus":"REMOVE_CARD","is_prod":false,"is_daily":false,"chose_seed":false,"campfire_upgraded":2,"win_rate":0,"timestamp":1548084510,"path_taken":["M","M","$","M","M","R","E","?","T","M","M","?","?","?","R","BOSS"],"build_version":"2019-01-17v2","purchased_purges":1,"victory":false,"max_hp_per_floor":[70,70,70,70,70,70,70,70,70,70,70,67,67,67,67,67],"card_choices":[{"not_picked":["Poisoned Stab","Bouncing Flask"],"picked":"Prepared","floor":1},{"not_picked":["Escape Plan","Reflex"],"picked":"Quick Slash","floor":2},{"not_picked":["Dodge and Roll","Reflex"],"picked":"Masterful Stab","floor":4},{"not_picked":["Sucker Punch","Masterful Stab"],"picked":"Deflect","floor":5},{"not_picked":["Poisoned Stab","Masterful Stab"],"picked":"Noxious Fumes","floor":7},{"not_picked":["Flechettes","Prepared"],"picked":"Underhanded Strike","floor":10},{"not_picked":["Riddle With Holes","Sucker Punch"],"picked":"Corpse Explosion","floor":11},{"not_picked":["Dagger Spray","Setup"],"picked":"Noxious Fumes","floor":13}],"player_experience":253603,"relics_obtained":[{"floor":7,"key":"Peace Pipe"},{"floor":9,"key":"Thread and Needle"}],"event_choices":[{"damage_healed":17,"gold_gain":0,"player_choice":"Healed and dodged fight","damage_taken":0,"max_hp_gain":0,"max_hp_loss":0,"event_name":"Mushrooms","floor":8,"gold_loss":0,"cards_obtained":["Parasite"]},{"cards_removed":["Parasite"],"damage_healed":0,"gold_gain":0,"player_choice":"Removed Curses","damage_taken":0,"max_hp_gain":0,"max_hp_loss":0,"event_name":"Fountain of Cleansing","floor":12,"gold_loss":0},{"damage_healed":0,"gold_gain":0,"player_choice":"Left Gold","damage_taken":0,"max_hp_gain":0,"max_hp_loss":0,"event_name":"World of Goop","floor":14,"gold_loss":46}],"is_beta":false,"boss_relics":[],"items_purged_floors":[3],"is_endless":false,"potions_floor_spawned":[5,7,10,11],"killed_by":"Slime Boss","ascension_level":3}