{"gold_per_floor":[110,129,129,146,71,71,21,33,33,33,61,71,71,101,101,101],"floor_reached":16,"playtime":682,"items_purged":["Strike_G"],"score":209,"play_id":"b3b74f7e-36c2-4e23-ab1a-8bb098c95bc5","local_time":"20190210131110","is_ascension_mode":true,"campfire_choices":[{"data":"Dagger Spray","floor":6,"key":"SMITH"},{"data":"Predator","floor":10,"key":"SMITH"},{"data":"Leg Sweep","floor":13,"key":"SMITH"},{"data":"Envenom","floor":15,"key":"SMITH"}],"neow_cost":"TEN_PERCENT_HP_LOSS","seed_source_timestamp":2033210136761593,"circlet_count":0,"master_deck":["AscendersBane","Defend_G","Defend_G","Defend_G","Defend_G","Defend_G","Strike_G","Strike_G","Survivor","Neutralize","Dagger Throw","Wraith Form v2","Predator+1","Dagger Spray+1","Concentrate","All Out Attack","Leg Sweep+1","Envenom+1"],"relics":["Ring of the Snake","Tough Bandages","Dream Catcher","Paper Crane","Blood Vial"],"potions_floor_usage":[11,14],"damage_taken":[{"damage":3,"enemies":"2 Louse","floor":1,"turns":3},{"damage":7,"enemies":"Jaw Worm","floor":2,"turns":3},{"damage":1,"enemies":"Small Slimes","floor":4,"turns":3},{"damage":7,"enemies":"Exordium Thugs","floor":8,"turns":4},{"damage":15,"enemies":"Lagavulin","floor":11,"turns":7},{"damage":0,"enemies":"Red Slaver","floor":12,"turns":3},{"damage":0,"enemies":"3 Sentries","floor":14,"turns":6},{"damage":33,"enemies":"Slime Boss","floor":16,"turns":10}],"seed_played":"-5042038881729231987","potions_obtained":[{"floor":1,"key":"Strength Potion"},{"floor":2,"key":"Poison Potion"},{"floor":4,"key":"Fire Potion"}],"is_trial":false,"path_per_floor":["M","M","?","M","$","R","?","M","T","R","E","M","R","E","R","B"],"character_chosen":"THE_SILENT","items_purchased":[],"campfire_rested":0,"item_purchase_floors":[],"current_hp_per_floor":[60,53,53,52,52,52,52,45,45,45,30,30,30,30,30,0],"gold":101,"neow_bonus":"ONE_RARE_RELIC","is_prod":false,"is_daily":false,"chose_seed":false,"campfire_upgraded":4,"win_rate":0,"timestamp":1549822270,"path_taken":["M","M","?","M","$","R","?","M","T","R","E","M","R","E","R","BOSS"],"build_version":"2019-01-23","purchased_purges":1,"victory":false,"max_hp_per_floor":[63,63,63,63,63,63,63,63,63,63,63,63,63,63,63,63],"card_choices":[{"not_picked":["Sucker Punch","Poisoned Stab"],"picked":"Dagger Throw","floor":1},{"not_picked":["Slice","Dagger Throw"],"picked":"Wraith Form v2","floor":2},{"not_picked":["Outmaneuver","Underhanded Strike"],"picked":"Dagger Spray","floor":4},{"not_picked":["Blade Dance","Deflect"],"picked":"Concentrate","floor":8},{"not_picked":["Flying Knee","Finisher"],"picked":"All Out Attack","floor":11},{"not_picked":["Venomology","Poisoned Stab"],"picked":"Leg Sweep","floor":12},{"not_picked":["Slice","Blade Dance"],"picked":"Envenom","floor":14}],"player_experience":715873,"relics_obtained":[{"floor":9,"key":"Dream Catcher"},{"floor":11,"key":"Paper Crane"},{"floor":14,"key":"Blood Vial"}],"event_choices":[{"damage_healed":0,"gold_gain":0,"cards_transformed":["Strike_G"],"player_choice":"Change","damage_taken":0,"max_hp_gain":0,"max_hp_loss":0,"event_name":"Living Wall","floor":3,"gold_loss":0,"cards_obtained":["Predator"]},{"cards_removed":["Strike_G"],"damage_healed":0,"gold_gain":0,"player_choice":"Card Removal","damage_taken":0,"max_hp_gain":0,"max_hp_loss":0,"event_name":"The Cleric","floor":7,"gold_loss":50}],"is_beta":false,"boss_relics":[],"items_purged_floors":[5],"is_endless":false,"potions_floor_spawned":[1,2,4],"killed_by":"Slime Boss","ascension_level":11}