{"gold_per_floor":[119,119,69,80,80,113,113,140,164,175,185,112,112,127,127,230,230,243,261,278,228,245,271,271,0,53,28,42,42,42,54,54,151,151,169,22,122,122,72,91,91,91,91,109,128,128],"floor_reached":46,"playtime":2093,"items_purged":["Strike_B","Strike_B","Defend_B"],"score":570,"play_id":"7f867d25-b48c-427f-9afc-13bfac0131ec","local_time":"20190118231911","is_ascension_mode":true,"campfire_choices":[{"data":"Rebound","floor":7,"key":"SMITH"},{"data":"Sweeping Beam","floor":13,"key":"SMITH"},{"floor":15,"key":"REST"},{"floor":29,"key":"REST"},{"floor":32,"key":"REST"},{"floor":42,"key":"REST"}],"neow_cost":"NONE","seed_source_timestamp":28960991190290,"circlet_count":0,"master_deck":["Strike_B+1","Defend_B","Defend_B","Zap+1","Dualcast","Glacier","Rebound+1","Loop","Streamline","Turbo","Echo Form","Thunder Strike","Chill+1","Core Surge","Steam","Genetic Algorithm","Lockon+1","Ball Lightning","Biased Cognition","Barrage","Cold Snap+1","Loop+1","Hello World+1"],"relics":["Cracked Core","NeowsBlessing","Orichalcum","Vajra","Ice Cream","Smiling Mask","Nuclear Battery","Bottled Lightning","Tiny Chest","Inserter","Blood Vial","Peace Pipe","Frozen Egg 2","Whetstone"],"potions_floor_usage":[8,8,22,33,33,35,46],"damage_taken":[{"damage":0,"enemies":"Jaw Worm","floor":1,"turns":1},{"damage":0,"enemies":"2 Louse","floor":4,"turns":1},{"damage":0,"enemies":"Gremlin Nob","floor":6,"turns":1},{"damage":11,"enemies":"Lagavulin","floor":8,"turns":5},{"damage":0,"enemies":"Small Slimes","floor":10,"turns":3},{"damage":14,"enemies":"Exordium Thugs","floor":11,"turns":5},{"damage":0,"enemies":"Red Slaver","floor":14,"turns":3},{"damage":26,"enemies":"Hexaghost","floor":16,"turns":9},{"damage":6,"enemies":"Shell Parasite","floor":18,"turns":4},{"damage":0,"enemies":"3 Byrds","floor":19,"turns":4},{"damage":11,"enemies":"Sentry and Sphere","floor":20,"turns":4},{"damage":0,"enemies":"Centurion and Healer","floor":22,"turns":8},{"damage":42,"enemies":"Gremlin Leader","floor":23,"turns":7},{"damage":2,"enemies":"Cultist and Chosen","floor":28,"turns":5},{"damage":35,"enemies":"Snake Plant","floor":31,"turns":5},{"damage":12,"enemies":"Champ","floor":33,"turns":12},{"damage":46,"enemies":"3 Darklings","floor":35,"turns":7},{"damage":16,"enemies":"Mind Bloom Boss Battle","floor":37,"turns":7},{"damage":15,"enemies":"Orb Walker","floor":40,"turns":3},{"damage":22,"enemies":"Maw","floor":44,"turns":7},{"damage":5,"enemies":"Jaw Worm Horde","floor":45,"turns":4},{"damage":45,"enemies":"Writhing Mass","floor":46,"turns":2}],"seed_played":"-5240057656138475556","potions_obtained":[{"floor":1,"key":"Fire Potion"},{"floor":4,"key":"Explosive Potion"},{"floor":10,"key":"SpeedPotion"},{"floor":19,"key":"PowerPotion"},{"floor":20,"key":"Dexterity Potion"},{"floor":28,"key":"GamblersBrew"},{"floor":31,"key":"Fire Potion"},{"floor":44,"key":"Dexterity Potion"},{"floor":45,"key":"EssenceOfSteel"}],"is_trial":false,"path_per_floor":["M","?","?","M","?","E","R","E","T","M","M","$","R","M","R","B",null,"M","M","M","$","M","E","?","?","T","$","M","R","?","M","R","B",null,"M","$","?","?","$","M","T","R","T","M","M","M"],"character_chosen":"DEFECT","items_purchased":["Turbo","Steam","Blood Vial"],"campfire_rested":4,"item_purchase_floors":[12,27,36],"current_hp_per_floor":[75,60,60,60,60,60,60,49,49,49,35,35,35,35,57,31,75,69,69,58,58,58,16,16,16,16,16,14,36,36,1,23,11,75,29,29,15,15,15,2,2,24,24,4,1,0],"gold":128,"neow_bonus":"THREE_ENEMY_KILL","is_prod":false,"is_daily":false,"chose_seed":false,"campfire_upgraded":2,"win_rate":0,"timestamp":1547821151,"path_taken":["M","?","?","M","?","E","R","E","T","?","M","?","R","M","R","BOSS","M","M","M","$","M","E","?","?","T","$","M","R","?","?","R","BOSS","M","$","?","?","$","M","?","R","T","M","M","M"],"build_version":"2019-01-17v2","purchased_purges":3,"victory":false,"max_hp_per_floor":[75,75,75,75,75,75,75,75,75,75,75,75,75,75,75,75,75,75,75,75,75,75,75,75,75,75,75,75,75,75,75,75,75,75,75,75,75,75,75,75,75,75,75,75,75,75],"card_choices":[{"not_picked":["Hologram","Storm"],"picked":"Glacier","floor":1},{"not_picked":["Hologram","Double Energy"],"picked":"Coolheaded","floor":4},{"not_picked":["Conserve Battery","Double Energy"],"picked":"Rebound","floor":6},{"not_picked":["Ball Lightning","Compile Driver"],"picked":"Loop","floor":8},{"not_picked":["Turbo","Storm"],"picked":"Streamline","floor":10},{"not_picked":["Redo","Scrape"],"picked":"Sweeping Beam","floor":11},{"not_picked":["Compile Driver","Conserve Battery"],"picked":"Echo Form","floor":14},{"not_picked":["Reboot","Meteor Strike"],"picked":"Thunder Strike","floor":16},{"not_picked":["Leap","Coolheaded"],"picked":"Chill+1","floor":18},{"not_picked":["Conserve Battery","Force Field","Scrape"],"picked":"SKIP","floor":19},{"not_picked":["Double Energy","Rebound"],"picked":"Redo","floor":20},{"not_picked":["Double Energy","Stack"],"picked":"Core Surge","floor":22},{"not_picked":["Barrage","Sweeping Beam","Storm"],"picked":"SKIP","floor":23},{"not_picked":["Stack","Auto Shields","Double Energy+1"],"picked":"SKIP","floor":28},{"not_picked":["Compile Driver+1","Sunder"],"picked":"Ball Lightning","floor":31},{"not_picked":["Meteor Strike","Echo Form"],"picked":"Biased Cognition","floor":33},{"not_picked":["Stack","Redo","Turbo"],"picked":"SKIP","floor":35},{"not_picked":["Redo","Conserve Battery"],"picked":"Barrage","floor":37},{"not_picked":["Barrage+1","Rip and Tear"],"picked":"Cold Snap","floor":40},{"not_picked":["Stack","Compile Driver"],"picked":"Loop+1","floor":44},{"not_picked":["Capacitor+1","Hologram"],"picked":"Hello World+1","floor":45}],"player_experience":248151,"relics_obtained":[{"floor":6,"key":"Vajra"},{"floor":8,"key":"Ice Cream"},{"floor":9,"key":"Smiling Mask"},{"floor":23,"key":"Bottled Lightning"},{"floor":26,"key":"Tiny Chest"},{"floor":37,"key":"Peace Pipe"},{"floor":41,"key":"Frozen Egg 2"},{"floor":43,"key":"Whetstone"}],"event_choices":[{"damage_healed":0,"gold_gain":0,"player_choice":"Entered Light","damage_taken":15,"max_hp_gain":0,"max_hp_loss":0,"event_name":"Shining Light","floor":2,"gold_loss":0,"cards_upgraded":["Zap","Strike_B"]},{"cards_removed":["Strike_B"],"damage_healed":0,"gold_gain":0,"player_choice":"Card Removal","damage_taken":0,"max_hp_gain":0,"max_hp_loss":0,"event_name":"The Cleric","floor":3,"gold_loss":50},{"cards_removed":["Coolheaded"],"damage_healed":0,"gold_gain":0,"player_choice":"Gave Card","damage_taken":0,"relics_obtained":["Orichalcum"],"max_hp_gain":0,"max_hp_loss":0,"event_name":"WeMeetAgain","floor":5,"gold_loss":0},{"damage_healed":0,"gold_gain":0,"player_choice":"Ignored","damage_taken":0,"max_hp_gain":0,"max_hp_loss":0,"event_name":"The Mausoleum","floor":24,"gold_loss":0},{"damage_healed":0,"gold_gain":0,"player_choice":"Paid Fearfully","damage_taken":0,"max_hp_gain":0,"max_hp_loss":0,"event_name":"Masked Bandits","floor":25,"gold_loss":271},{"damage_healed":0,"gold_gain":0,"cards_transformed":["Redo","Defend_B"],"player_choice":"Became Test Subject","damage_taken":0,"max_hp_gain":0,"max_hp_loss":0,"event_name":"Drug Dealer","floor":30,"gold_loss":0,"cards_obtained":["Genetic Algorithm","Lockon"]},{"damage_healed":0,"gold_gain":0,"player_choice":"Fight","damage_taken":0,"max_hp_gain":0,"max_hp_loss":0,"event_name":"MindBloom","floor":37,"gold_loss":0},{"cards_removed":["Sweeping Beam"],"damage_healed":0,"gold_gain":0,"player_choice":"Removed Attack","damage_taken":0,"max_hp_gain":0,"max_hp_loss":0,"event_name":"Falling","floor":38,"gold_loss":0}],"is_beta":false,"boss_relics":[{"not_picked":["Philosopher\u0027s Stone","Velvet Choker"],"picked":"Nuclear Battery"},{"not_picked":["Fusion Hammer","Snecko Eye"],"picked":"Inserter"}],"items_purged_floors":[12,21,39],"is_endless":false,"potions_floor_spawned":[1,4,10,19,20,28,31,44,45],"killed_by":"Writhing Mass","ascension_level":4}