{"gold_per_floor":[119,131,143,163,176,176,204,204,204,204,223,223,223,248,248,248],"floor_reached":16,"playtime":709,"items_purged":[],"score":112,"play_id":"a2690e2d-d9b6-4a5f-94a1-f24ce1cc2811","local_time":"20190111150914","is_ascension_mode":false,"campfire_choices":[{"data":"Envenom","floor":6,"key":"SMITH"},{"floor":8,"key":"REST"},{"data":"A Thousand Cuts","floor":15,"key":"SMITH"}],"neow_cost":"NONE","seed_source_timestamp":17948279093080,"circlet_count":0,"master_deck":["Defend_G","Defend_G","Defend_G","Defend_G","Defend_G","Strike_G","Strike_G","Strike_G","Strike_G","Survivor","Neutralize","Backflip","Well Laid Plans","Acrobatics","Envenom+1","Terror","Blur","Quick Slash","A Thousand Cuts+1"],"special_seed":0,"relics":["Ring of the Snake","Oddly Smooth Stone","Juzu Bracelet","PreservedInsect","Kunai"],"potions_floor_usage":[14],"damage_taken":[{"damage":0.0,"enemies":"2 Louse","floor":1.0,"turns":3.0},{"damage":0.0,"enemies":"Small Slimes","floor":2.0,"turns":6.0},{"damage":1.0,"enemies":"Cultist","floor":3.0,"turns":4.0},{"damage":1.0,"enemies":"Red Slaver","floor":4.0,"turns":7.0},{"damage":11.0,"enemies":"3 Louse","floor":5.0,"turns":6.0},{"damage":32,"enemies":"3 Sentries","floor":7,"turns":14},{"damage":0,"enemies":"Blue Slaver","floor":11,"turns":5},{"damage":17,"enemies":"Gremlin Nob","floor":14,"turns":6},{"damage":0,"enemies":"Hexaghost","floor":16,"turns":2}],"seed_played":"-2447806202238384615","potions_obtained":[{"floor":1.0,"key":"SkillPotion"},{"floor":4.0,"key":"Weak Potion"},{"floor":5.0,"key":"Fire Potion"},{"floor":14,"key":"Dexterity Potion"}],"is_trial":false,"path_per_floor":["M","M","M","M","M","R","E","R","T","?","M","?","?","E","R","B"],"character_chosen":"THE_SILENT","items_purchased":[],"campfire_rested":1,"item_purchase_floors":[],"current_hp_per_floor":[70,70,69,68,57,57,25,46,46,46,46,46,46,29,29,29],"gold":248,"neow_bonus":"REMOVE_CARD","is_prod":false,"is_daily":false,"chose_seed":false,"campfire_upgraded":2,"win_rate":0,"timestamp":1547186954,"path_taken":["M","M","M","M","M","R","E","R","T","?","M","?","?","E","R","BOSS"],"build_version":"2019-01-10","purchased_purges":0,"victory":false,"max_hp_per_floor":[70,70,70,70,70,70,70,70,70,70,70,70,70,70,70,70],"card_choices":[{"not_picked":["Predator","Acrobatics"],"picked":"Backflip","floor":1.0},{"not_picked":["Cloak And Dagger","Noxious Fumes"],"picked":"Well Laid Plans","floor":2.0},{"not_picked":["Crippling Poison","Tactician"],"picked":"Acrobatics","floor":3.0},{"not_picked":["Leg Sweep","Crippling Poison"],"picked":"Envenom","floor":4.0},{"not_picked":["Outmaneuver","Caltrops"],"picked":"Terror","floor":5.0},{"not_picked":["Outmaneuver","Escape Plan"],"picked":"Blur","floor":7},{"not_picked":["Crippling Poison","Poisoned Stab"],"picked":"Quick Slash","floor":11},{"not_picked":["Choke","Deflect"],"picked":"A Thousand Cuts","floor":14}],"player_experience":207304,"relics_obtained":[{"floor":7,"key":"Oddly Smooth Stone"},{"floor":9,"key":"Juzu Bracelet"},{"floor":13,"key":"PreservedInsect"},{"floor":14,"key":"Kunai"}],"event_choices":[{"damage_healed":0,"gold_gain":0,"player_choice":"Searched \u00270\u0027 times","damage_taken":0,"max_hp_gain":0,"max_hp_loss":0,"event_name":"Dead Adventurer","floor":10,"gold_loss":0},{"damage_healed":0,"gold_gain":0,"player_choice":"0 cards matched","damage_taken":0,"max_hp_gain":0,"max_hp_loss":0,"event_name":"Match and Keep!","floor":12,"gold_loss":0,"cards_obtained":[]},{"damage_healed":0,"gold_gain":0,"player_choice":"Relic","damage_taken":0,"max_hp_gain":0,"max_hp_loss":0,"event_name":"Wheel of Change","floor":13,"gold_loss":0}],"is_beta":false,"boss_relics":[],"items_purged_floors":[],"is_endless":false,"potions_floor_spawned":[1,4,5,14],"killed_by":"Hexaghost","ascension_level":0}