{"gold_per_floor":[111,123,123,123,142,142,154,154,225,225,195,37,37,55,55,55],"floor_reached":16,"playtime":338,"items_purged":["Regret"],"score":158,"play_id":"1ce9724d-bfbd-427c-b02d-927f2ff5b376","local_time":"20190226095203","is_ascension_mode":true,"campfire_choices":[{"data":"Armaments","floor":6,"key":"SMITH"},{"data":"Barricade","floor":8,"key":"SMITH"},{"data":"True Grit","floor":15,"key":"SMITH"}],"neow_cost":"NONE","seed_source_timestamp":525513610906859,"circlet_count":0,"master_deck":["AscendersBane","Strike_R","Strike_R+1","Strike_R+1","Strike_R","Defend_R","Defend_R","Defend_R","Defend_R","Bash","Corruption","Offering","Rage","Armaments+1","Dropkick","Barricade+1","Shrug It Off","True Grit+1","Whirlwind"],"special_seed":0,"relics":["Burning Blood","NeowsBlessing","The Courier","Anchor"],"potions_floor_usage":[14],"damage_taken":[{"damage":0.0,"enemies":"Jaw Worm","floor":1.0,"turns":1.0},{"damage":0.0,"enemies":"2 Louse","floor":2.0,"turns":1.0},{"damage":0,"enemies":"Cultist","floor":5,"turns":1},{"damage":10,"enemies":"2 Fungi Beasts","floor":7,"turns":3},{"damage":8,"enemies":"Looter","floor":11,"turns":4},{"damage":19,"enemies":"Exordium Thugs","floor":14,"turns":5},{"damage":0,"enemies":"The Guardian","floor":16,"turns":1}],"seed_played":"-4427070162352863918","potions_obtained":[{"floor":1.0,"key":"Strength Potion"},{"floor":5,"key":"SmokeBomb"},{"floor":7,"key":"BloodPotion"}],"is_trial":false,"path_per_floor":["M","M","?","?","M","R","M","R","T","?","M","$","?","M","R","B"],"character_chosen":"IRONCLAD","items_purchased":["True Grit","Whirlwind"],"campfire_rested":0,"item_purchase_floors":[12,12],"current_hp_per_floor":[74,75,75,75,75,75,71,71,71,71,69,69,46,40,40,40],"gold":55,"neow_bonus":"THREE_ENEMY_KILL","is_prod":false,"is_daily":false,"chose_seed":false,"campfire_upgraded":3,"win_rate":0,"timestamp":1551203523,"path_taken":["M","M","?","?","?","R","M","R","T","?","M","$","?","M","R","BOSS"],"build_version":"2019-01-23","purchased_purges":1,"victory":false,"max_hp_per_floor":[75,75,75,75,75,75,75,75,75,75,75,75,75,75,75,75],"card_choices":[{"not_picked":["Feel No Pain","Clothesline","Anger"],"picked":"SKIP","floor":1.0},{"not_picked":["Heavy Blade","Clash","Anger"],"picked":"SKIP","floor":2.0},{"not_picked":["Power Through","Thunderclap"],"picked":"Dropkick","floor":5},{"not_picked":["Fire Breathing","Heavy Blade"],"picked":"Barricade","floor":7},{"not_picked":["Seeing Red","Armaments"],"picked":"Shrug It Off","floor":11},{"not_picked":["Clothesline","Flex","Combust"],"picked":"SKIP","floor":14}],"player_experience":530899,"relics_obtained":[{"floor":9,"key":"The Courier"}],"event_choices":[{"damage_healed":0.0,"max_hp_gain":0.0,"max_hp_loss":0.0,"gold_gain":0.0,"cards_transformed":["Strike_R"],"event_name":"Living Wall","player_choice":"Change","floor":3.0,"gold_loss":0.0,"damage_taken":0.0,"cards_obtained":["Corruption"]},{"damage_healed":0,"gold_gain":0,"player_choice":"3 cards matched","damage_taken":0,"max_hp_gain":0,"max_hp_loss":0,"event_name":"Match and Keep!","floor":4,"gold_loss":0,"cards_obtained":["Offering","Rage","Armaments"]},{"damage_healed":0,"gold_gain":0,"player_choice":"Box","damage_taken":0,"relics_obtained":["Anchor"],"max_hp_gain":0,"max_hp_loss":0,"event_name":"Big Fish","floor":10,"gold_loss":0,"cards_obtained":["Regret"]},{"damage_healed":0,"gold_gain":0,"player_choice":"Entered Light","damage_taken":23,"max_hp_gain":0,"max_hp_loss":0,"event_name":"Shining Light","floor":13,"gold_loss":0,"cards_upgraded":["Strike_R","Strike_R"]}],"is_beta":false,"boss_relics":[],"items_purged_floors":[12],"is_endless":false,"potions_floor_spawned":[1,5,7],"killed_by":"The Guardian","ascension_level":15}