{"gold_per_floor":[113,133,58,58,78,104,104,114,182,201,216,216,232,244,244,341,341,357,357],"floor_reached":19,"playtime":506,"items_purged":["Strike_R"],"score":234,"play_id":"d4262a07-3cb8-4641-a5d5-4e86e1b0013a","local_time":"20181219170750","is_ascension_mode":true,"campfire_choices":[{"data":"1","floor":7,"key":"LIFT"},{"data":"2","floor":15,"key":"LIFT"}],"neow_cost":"NONE","seed_source_timestamp":98590178226561,"circlet_count":0,"master_deck":["Strike_R","Strike_R","Strike_R","Strike_R","Defend_R","Defend_R","Defend_R","Defend_R","Bash+1","Dropkick","Spot Weakness","Spot Weakness","Sword Boomerang","Double Tap"],"relics":["Burning Blood","NeowsBlessing","Girya","Frozen Egg 2","Mark of Pain"],"potions_floor_usage":[14,16,16],"damage_taken":[{"damage":0,"enemies":"Jaw Worm","floor":1,"turns":1},{"damage":0,"enemies":"Cultist","floor":2,"turns":1},{"damage":0,"enemies":"Small Slimes","floor":5,"turns":1},{"damage":30,"enemies":"3 Sentries","floor":6,"turns":7},{"damage":24,"enemies":"3 Louse","floor":8,"turns":3},{"damage":10,"enemies":"Large Slime","floor":10,"turns":6},{"damage":12,"enemies":"2 Fungi Beasts","floor":11,"turns":3},{"damage":6,"enemies":"Blue Slaver","floor":13,"turns":3},{"damage":10,"enemies":"Gremlin Gang","floor":14,"turns":4},{"damage":24,"enemies":"The Guardian","floor":16,"turns":6},{"damage":34,"enemies":"Shell Parasite","floor":18,"turns":4},{"damage":6,"enemies":"3 Byrds","floor":19,"turns":2}],"seed_played":"-4684610833417611980","potions_obtained":[{"floor":1,"key":"Weak Potion"},{"floor":2,"key":"Fire Potion"},{"floor":6,"key":"SkillPotion"},{"floor":16,"key":"Fruit Juice"},{"floor":18,"key":"FearPotion"}],"is_trial":false,"path_per_floor":["M","M","$","?","M","E","R","M","T","M","M","?","M","M","R","B",null,"M","M"],"character_chosen":"IRONCLAD","items_purchased":[],"campfire_rested":0,"item_purchase_floors":[],"current_hp_per_floor":[78,80,80,80,80,56,56,38,38,34,28,54,54,50,50,37,73,45,39],"gold":357,"neow_bonus":"THREE_ENEMY_KILL","is_prod":false,"is_daily":false,"chose_seed":false,"campfire_upgraded":0,"win_rate":0,"timestamp":1545257270,"path_taken":["M","M","$","?","M","E","R","M","T","?","M","?","M","M","R","BOSS","M","M"],"build_version":"2018-12-13","purchased_purges":1,"victory":false,"max_hp_per_floor":[80,80,80,80,80,80,80,80,80,80,80,80,80,80,80,85,85,85,85],"card_choices":[{"not_picked":["Combust","Disarm"],"picked":"Dropkick","floor":1},{"not_picked":["Flex","Heavy Blade","Twin Strike"],"picked":"SKIP","floor":2},{"not_picked":["Flex","Sword Boomerang"],"picked":"Spot Weakness","floor":5},{"not_picked":["Havoc","Cleave"],"picked":"Spot Weakness","floor":6},{"not_picked":["Havoc","Iron Wave","Disarm"],"picked":"SKIP","floor":8},{"not_picked":["Body Slam","Cleave"],"picked":"Sword Boomerang","floor":10},{"not_picked":["Battle Trance","Headbutt","Clash"],"picked":"SKIP","floor":11},{"not_picked":["Spot Weakness","Bloodletting","Blood for Blood"],"picked":"SKIP","floor":13},{"not_picked":["Bloodletting","Sever Soul","Body Slam"],"picked":"SKIP","floor":14},{"not_picked":["Dark Embrace+1","Fiend Fire"],"picked":"Double Tap","floor":16},{"not_picked":["Flex","Wild Strike","Burning Pact"],"picked":"SKIP","floor":18}],"player_experience":287128,"relics_obtained":[{"floor":6,"key":"Girya"},{"floor":9,"key":"Frozen Egg 2"}],"event_choices":[{"damage_healed":0,"gold_gain":0,"player_choice":"Upgraded","damage_taken":0,"max_hp_gain":0,"max_hp_loss":0,"event_name":"Upgrade Shrine","floor":4,"gold_loss":0,"cards_upgraded":["Bash"]},{"damage_healed":26,"gold_gain":0,"player_choice":"Banana","damage_taken":0,"max_hp_gain":0,"max_hp_loss":0,"event_name":"Big Fish","floor":12,"gold_loss":0}],"is_beta":false,"boss_relics":[{"not_picked":["Eternal Feather","Calling Bell"],"picked":"Mark of Pain"}],"items_purged_floors":[3],"is_endless":false,"potions_floor_spawned":[1,2,6,16,18],"killed_by":"3 Byrds","ascension_level":7}