{"gold_per_floor":[119,119,119,138,138,174,174,209,209,209,230,230,249,285,285,285],"floor_reached":16,"playtime":569,"items_purged":[],"score":286,"play_id":"525a3657-94ee-4d25-9342-316aea3b36a2","local_time":"20190201151059","is_ascension_mode":true,"campfire_choices":[{"data":"1","floor":10,"key":"LIFT"},{"data":"2","floor":12,"key":"LIFT"},{"data":"3","floor":15,"key":"LIFT"}],"neow_cost":"NONE","seed_source_timestamp":1262804276281730,"circlet_count":0,"master_deck":["AscendersBane","Strike_R","Strike_R","Strike_R+1","Strike_R","Defend_R","Defend_R","Defend_R","Defend_R","Bash+1","True Grit","Hemokinesis","Headbutt","Cleave","Fiend Fire","Thunderclap","Sword Boomerang","Iron Wave+1"],"relics":["Burning Blood","NeowsBlessing","Golden Idol","Gambling Chip","Girya","Ginger","Molten Egg 2"],"potions_floor_usage":[14,16,16],"damage_taken":[{"damage":0,"enemies":"Jaw Worm","floor":1,"turns":1},{"damage":0,"enemies":"Small Slimes","floor":4,"turns":1},{"damage":0,"enemies":"Lagavulin","floor":6,"turns":2},{"damage":36,"enemies":"3 Sentries","floor":8,"turns":7},{"damage":0,"enemies":"Cultist","floor":11,"turns":3},{"damage":1,"enemies":"3 Louse","floor":13,"turns":3},{"damage":20,"enemies":"Lagavulin","floor":14,"turns":4},{"damage":32,"enemies":"Slime Boss","floor":16,"turns":6}],"seed_played":"461915503763815998","potions_obtained":[{"floor":1,"key":"PowerPotion"},{"floor":13,"key":"SpeedPotion"},{"floor":14,"key":"Poison Potion"}],"is_trial":false,"path_per_floor":["M","?","?","M","?","E","?","E","T","R","M","R","M","E","R","B"],"character_chosen":"IRONCLAD","items_purchased":[],"campfire_rested":0,"item_purchase_floors":[],"current_hp_per_floor":[74,51,51,57,57,63,63,33,33,33,39,39,44,30,30,0],"gold":285,"neow_bonus":"THREE_ENEMY_KILL","is_prod":false,"is_daily":false,"chose_seed":false,"campfire_upgraded":0,"win_rate":0,"timestamp":1549051859,"path_taken":["M","?","?","?","?","E","?","E","T","R","M","R","?","E","R","BOSS"],"build_version":"2019-01-23","purchased_purges":0,"victory":false,"max_hp_per_floor":[75,75,75,75,68,68,68,68,68,68,68,68,68,68,68,68],"card_choices":[{"not_picked":["Second Wind","Searing Blow"],"picked":"True Grit","floor":1},{"not_picked":["Thunderclap","Pommel Strike"],"picked":"Headbutt","floor":4},{"not_picked":["Flex","True Grit"],"picked":"Cleave","floor":6},{"not_picked":["Rampage","Heavy Blade"],"picked":"Fiend Fire","floor":8},{"not_picked":["Flex","Cleave"],"picked":"Thunderclap","floor":11},{"not_picked":["Anger","Headbutt"],"picked":"Sword Boomerang","floor":13},{"not_picked":["Bloodletting","Rampage"],"picked":"Iron Wave","floor":14}],"player_experience":625189,"relics_obtained":[{"floor":6,"key":"Gambling Chip"},{"floor":8,"key":"Girya"},{"floor":9,"key":"Ginger"},{"floor":14,"key":"Molten Egg 2"}],"event_choices":[{"damage_healed":0,"gold_gain":0,"player_choice":"Entered Light","damage_taken":23,"max_hp_gain":0,"max_hp_loss":0,"event_name":"Shining Light","floor":2,"gold_loss":0,"cards_upgraded":["Strike_R","Bash"]},{"damage_healed":0,"gold_gain":0,"cards_transformed":["Strike_R"],"player_choice":"Transformed","damage_taken":0,"max_hp_gain":0,"max_hp_loss":0,"event_name":"Transmorgrifier","floor":3,"gold_loss":0,"cards_obtained":["Hemokinesis"]},{"damage_healed":0,"gold_gain":0,"player_choice":"Lose Max HP","damage_taken":0,"relics_obtained":["Golden Idol"],"max_hp_gain":0,"max_hp_loss":7,"event_name":"Golden Idol","floor":5,"gold_loss":0},{"damage_healed":0,"gold_gain":0,"player_choice":"Leave","damage_taken":0,"max_hp_gain":0,"max_hp_loss":0,"event_name":"FaceTrader","floor":7,"gold_loss":0}],"is_beta":false,"boss_relics":[],"items_purged_floors":[],"is_endless":false,"potions_floor_spawned":[1,13,14],"killed_by":"Slime Boss","ascension_level":20}