{"gold_per_floor":[113,125,141,160,60,60,87,98,98,98,98,115,115,131,131,231,231,212,112,211,226,238,238,238],"floor_reached":24,"playtime":1328,"items_purged":["Strike_B","Defend_B"],"score":263,"play_id":"2931fbe3-d84e-4221-86b1-fe37cc56526e","local_time":"20190105120827","is_ascension_mode":true,"campfire_choices":[{"data":"Loop","floor":6.0,"key":"SMITH"},{"floor":10.0,"key":"REST"},{"data":"Seek","floor":15.0,"key":"SMITH"},{"data":"Defragment","floor":23,"key":"SMITH"}],"neow_cost":"TEN_PERCENT_HP_LOSS","seed_source_timestamp":2372258937872,"circlet_count":0,"master_deck":["Strike_B","Strike_B","Defend_B","Defend_B","Zap","Dualcast","Steam","Lockon","Loop+1","Conserve Battery","Seek+1","Melter","Streamline","Writhe","Good Instincts","Beam Cell","Glacier","Biased Cognition","Rebound","Capacitor","Defragment+1"],"special_seed":0,"relics":["Cracked Core","Thread and Needle","Ice Cream","Black Star"],"potions_floor_usage":[24],"damage_taken":[{"damage":0.0,"enemies":"Small Slimes","floor":1.0,"turns":2.0},{"damage":0.0,"enemies":"Cultist","floor":2.0,"turns":3.0},{"damage":0.0,"enemies":"2 Louse","floor":3.0,"turns":2.0},{"damage":2.0,"enemies":"2 Fungi Beasts","floor":4.0,"turns":3.0},{"damage":30.0,"enemies":"Lagavulin","floor":7.0,"turns":7.0},{"damage":24.0,"enemies":"Gremlin Gang","floor":8.0,"turns":5.0},{"damage":0.0,"enemies":"Blue Slaver","floor":12.0,"turns":3.0},{"damage":0.0,"enemies":"Looter","floor":14.0,"turns":3.0},{"damage":0.0,"enemies":"The Guardian","floor":16.0,"turns":15.0},{"damage":9.0,"enemies":"2 Thieves","floor":18.0,"turns":4.0},{"damage":0,"enemies":"Chosen","floor":21,"turns":4},{"damage":8,"enemies":"Sentry and Sphere","floor":22,"turns":4},{"damage":57,"enemies":"Slavers","floor":24,"turns":3}],"seed_played":"-7232578967108971390","potions_obtained":[{"floor":3.0,"key":"PowerPotion"},{"floor":8.0,"key":"Energy Potion"},{"floor":12.0,"key":"Poison Potion"},{"floor":16.0,"key":"Poison Potion"},{"floor":18.0,"key":"EssenceOfSteel"}],"is_trial":false,"path_per_floor":["M","M","M","M","$","R","E","M","T","R","?","M","?","M","R","B",null,"M","$","?","M","M","R","E"],"character_chosen":"DEFECT","items_purchased":["Conserve Battery"],"campfire_rested":1,"item_purchase_floors":[5],"current_hp_per_floor":[68,68,68,66,66,66,36,12,12,32,32,32,32,32,32,32,68,59,59,59,59,51,51,0],"gold":238,"neow_bonus":"REMOVE_TWO","is_prod":false,"is_daily":false,"chose_seed":false,"campfire_upgraded":3,"win_rate":0,"timestamp":1546657707,"path_taken":["M","M","M","M","$","R","E","M","T","R","?","M","?","M","R","BOSS","M","?","?","M","M","R","E"],"build_version":"2019-01-03v4","purchased_purges":2,"victory":false,"max_hp_per_floor":[68,68,68,68,68,68,68,68,68,68,68,68,68,68,68,68,68,68,68,68,68,68,68,68],"card_choices":[{"not_picked":["Turbo","Storm","Go for the Eyes"],"picked":"SKIP","floor":1.0},{"not_picked":["Rebound","Force Field"],"picked":"Steam","floor":2.0},{"not_picked":["Rebound","Coolheaded"],"picked":"Lockon","floor":3.0},{"not_picked":["FTL","Turbo"],"picked":"Loop","floor":4.0},{"not_picked":["Compile Driver","Loop"],"picked":"Seek","floor":7.0},{"not_picked":["Go for the Eyes","Auto Shields"],"picked":"Melter","floor":8.0},{"not_picked":["Fusion","Barrage"],"picked":"Streamline","floor":12.0},{"not_picked":["Barrage","Turbo"],"picked":"Glacier","floor":14.0},{"not_picked":["Reboot","Electrodynamics"],"picked":"Biased Cognition","floor":16.0},{"not_picked":["FTL","Melter"],"picked":"Rebound","floor":18.0},{"not_picked":["Hello World","Compile Driver+1"],"picked":"Capacitor","floor":21},{"not_picked":["Stack+1","Compile Driver"],"picked":"Defragment","floor":22}],"player_experience":101482,"relics_obtained":[{"floor":7.0,"key":"Thread and Needle"},{"floor":9.0,"key":"Ice Cream"}],"event_choices":[{"damage_healed":0.0,"max_hp_gain":0.0,"max_hp_loss":0.0,"gold_gain":0.0,"event_name":"Liars Game","player_choice":"Ignored","floor":11.0,"gold_loss":0.0,"damage_taken":0.0},{"damage_healed":0.0,"max_hp_gain":0.0,"max_hp_loss":0.0,"gold_gain":0.0,"event_name":"Match and Keep!","player_choice":"3 cards matched","floor":13.0,"gold_loss":0.0,"damage_taken":0.0,"cards_obtained":["Writhe","Good Instincts","Beam Cell"]},{"damage_healed":0.0,"max_hp_gain":0.0,"max_hp_loss":0.0,"gold_gain":99.0,"event_name":"Nest","player_choice":"Stole From Cult","floor":20.0,"gold_loss":0.0,"damage_taken":0.0}],"is_beta":false,"boss_relics":[{"not_picked":["Snecko Eye","Calling Bell"],"picked":"Black Star"}],"items_purged_floors":[5,19],"is_endless":false,"potions_floor_spawned":[3,8,12,16,18],"killed_by":"Slavers","ascension_level":1}