{"gold_per_floor":[117,42,42,55,29,56,56,91,143,161,161,171,171,199,199,301,301,311,311,311,410,410,410,473,473,527,527,527,553,553,567,567,668,668,688,699,699,714,169,199,199,227,308,218,265,265,365,465,465,465,465,465,69,95,95],"floor_reached":56,"playtime":4110,"items_purged":["Strike_B","Madness"],"score":1506,"play_id":"a62c9511-8328-40f6-a304-7bfb9b52f5fd","local_time":"20190227024614","is_ascension_mode":true,"campfire_choices":[{"floor":11,"key":"REST"},{"data":"Defragment","floor":13,"key":"SMITH"},{"data":"White Noise","floor":15,"key":"SMITH"},{"data":"Echo Form","floor":23,"key":"SMITH"},{"data":"Consume","floor":27,"key":"SMITH"},{"data":"Double Energy","floor":30,"key":"SMITH"},{"floor":32,"key":"RECALL"},{"data":"Darkness","floor":41,"key":"SMITH"},{"floor":46,"key":"REST"},{"floor":49,"key":"DIG"},{"floor":52,"key":"DIG"}],"neow_cost":"NONE","seed_source_timestamp":811174087351174,"circlet_count":0,"master_deck":["Defend_B","Defend_B","Defend_B+1","Zap","Dualcast","Go for the Eyes","Cold Snap","Steam","Consume+1","Defragment+1","Conserve Battery","White Noise+1","Fusion","Echo Form+1","Leap","Ghostly","Ghostly","Ghostly","Ghostly","Ghostly","Cold Snap","Double Energy+1","Bite","Bite","Bite","Bite","Bite","Go for the Eyes+1","Echo Form","Cold Snap+1","Madness","Darkness+1","Master of Strategy","Hologram","Blizzard+1","Defragment+1"],"relics":["FrozenCore","Oddly Smooth Stone","Symbiotic Virus","PreservedInsect","Turnip","Tiny Chest","Mercury Hourglass","Molten Egg 2","Philosopher\u0027s Stone","Strange Spoon","Juzu Bracelet","Shuriken","Ornamental Fan","StoneCalendar","Shovel","Centennial Puzzle","Pantograph","Pear","Bag of Preparation","DataDisk"],"potions_floor_usage":[12,29,33,42,45,55],"damage_taken":[{"damage":4,"enemies":"Jaw Worm","floor":1,"turns":3},{"damage":1,"enemies":"Cultist","floor":4,"turns":3},{"damage":29,"enemies":"Gremlin Nob","floor":6,"turns":6},{"damage":22,"enemies":"3 Sentries","floor":8,"turns":10},{"damage":6,"enemies":"Small Slimes","floor":10,"turns":3},{"damage":2,"enemies":"Looter","floor":12,"turns":4},{"damage":0,"enemies":"Lagavulin","floor":14,"turns":6},{"damage":23,"enemies":"The Guardian","floor":16,"turns":9},{"damage":13,"enemies":"3 Byrds","floor":18,"turns":3},{"damage":5,"enemies":"Slavers","floor":24,"turns":10},{"damage":4,"enemies":"Book of Stabbing","floor":29,"turns":8},{"damage":11,"enemies":"Shell Parasite","floor":31,"turns":7},{"damage":39,"enemies":"Automaton","floor":33,"turns":18},{"damage":1,"enemies":"Orb Walker","floor":35,"turns":4},{"damage":0,"enemies":"3 Shapes","floor":36,"turns":5},{"damage":1,"enemies":"Jaw Worm Horde","floor":38,"turns":6},{"damage":0,"enemies":"Giant Head","floor":40,"turns":12},{"damage":0,"enemies":"Nemesis","floor":42,"turns":7},{"damage":40,"enemies":"2 Orb Walkers","floor":45,"turns":8},{"damage":0,"enemies":"Mind Bloom Boss Battle","floor":47,"turns":6},{"damage":32,"enemies":"Time Eater","floor":50,"turns":15},{"damage":0,"enemies":"Shield and Spear","floor":54,"turns":8},{"damage":62,"enemies":"The Heart","floor":55,"turns":14}],"seed_played":"-3512989525401932557","potions_obtained":[{"floor":6,"key":"FearPotion"},{"floor":10,"key":"Fire Potion"},{"floor":12,"key":"Fruit Juice"},{"floor":16,"key":"SkillPotion"},{"floor":18,"key":"Strength Potion"},{"floor":33,"key":"Dexterity Potion"},{"floor":36,"key":"EssenceOfSteel"}],"is_trial":false,"path_per_floor":["M","$","?","M","$","E","?","E","T","M","R","M","R","E","R","B",null,"M","?","?","?","?","R","E","?","T","R","T","E","R","M","R","B",null,"M","M","?","M","$","E","R","E","T","?","?","R","?","?","R","B",null,"R","$","E","B",null],"character_chosen":"DEFECT","items_purchased":["Steam","Darkness","Strange Spoon","Master of Strategy","Pear","Bag of Preparation"],"campfire_rested":2,"item_purchase_floors":[5,39,39,39,53,53],"current_hp_per_floor":[78,78,78,77,77,48,48,28,28,24,48,53,53,55,55,34,87,74,43,43,43,43,43,38,38,38,38,38,43,43,34,34,29,43,43,43,38,43,43,43,43,43,43,43,11,23,33,33,33,15,43,43,53,53,19],"gold":95,"neow_bonus":"TEN_PERCENT_HP_BONUS","is_prod":false,"is_daily":false,"chose_seed":false,"campfire_upgraded":6,"win_rate":0,"timestamp":1551253574,"path_taken":["M","$","?","M","$","E","?","E","T","?","R","M","R","E","R","BOSS","M","?","?","?","?","R","E","?","T","R","?","E","R","M","R","BOSS","M","?","?","M","$","E","R","E","T","?","?","R","?","?","R","BOSS","R","$","E","BOSS"],"build_version":"2019-01-23","purchased_purges":2,"victory":true,"max_hp_per_floor":[82,82,82,82,82,82,82,82,82,82,82,87,87,87,87,87,87,87,43,43,43,43,43,43,43,43,43,43,43,43,43,43,43,43,43,43,43,43,43,43,43,43,43,43,43,43,43,43,43,43,43,43,53,53,53],"card_choices":[{"not_picked":["Rip and Tear","Ball Lightning"],"picked":"Go for the Eyes","floor":1},{"not_picked":["Reprogram","Scrape"],"picked":"Cold Snap","floor":4},{"not_picked":["Chaos","Scrape"],"picked":"Consume","floor":6},{"not_picked":["Ball Lightning","Doom and Gloom"],"picked":"Defragment","floor":8},{"not_picked":["Gash","Ball Lightning"],"picked":"Conserve Battery","floor":10},{"not_picked":["Hello World","Rebound"],"picked":"White Noise","floor":12},{"not_picked":["Barrage","Melter"],"picked":"Fusion","floor":14},{"not_picked":["Creative AI","Meteor Strike"],"picked":"Echo Form","floor":16},{"not_picked":["Compile Driver+1","Stack"],"picked":"Leap","floor":18},{"not_picked":["Compile Driver","Sweeping Beam"],"picked":"Double Energy","floor":24},{"not_picked":["Darkness","Static Discharge+1"],"picked":"Go for the Eyes+1","floor":29},{"not_picked":["Reprogram+1","Coolheaded","Go for the Eyes+1"],"picked":"SKIP","floor":31},{"not_picked":["Multi-Cast","Buffer"],"picked":"Echo Form","floor":33},{"not_picked":["Ball Lightning+1","Leap+1"],"picked":"Cold Snap+1","floor":35},{"not_picked":["Scrape+1","Barrage+1","Self Repair+1"],"picked":"SKIP","floor":36},{"not_picked":["Coolheaded","Streamline+1","Aggregate"],"picked":"SKIP","floor":38},{"not_picked":["Rip and Tear+1","Stack+1"],"picked":"Hologram","floor":40},{"not_picked":["Turbo","FTL+1"],"picked":"Blizzard+1","floor":42},{"not_picked":["Cold Snap+1","Gash+1"],"picked":"Defragment+1","floor":47},{"not_picked":["Static Discharge+1","Cold Snap+1","Tempest"],"picked":"SKIP","floor":54}],"player_experience":197272,"relics_obtained":[{"floor":6,"key":"Oddly Smooth Stone"},{"floor":8,"key":"Symbiotic Virus"},{"floor":9,"key":"PreservedInsect"},{"floor":14,"key":"Turnip"},{"floor":24,"key":"Tiny Chest"},{"floor":28,"key":"Mercury Hourglass"},{"floor":29,"key":"Molten Egg 2"},{"floor":40,"key":"Juzu Bracelet"},{"floor":42,"key":"Shuriken"},{"floor":43,"key":"Ornamental Fan"},{"floor":45,"key":"StoneCalendar"},{"floor":47,"key":"Shovel"},{"floor":49,"key":"Centennial Puzzle"},{"floor":52,"key":"Pantograph"},{"floor":54,"key":"DataDisk"}],"event_choices":[{"damage_healed":0,"gold_gain":0,"player_choice":"Ignored","damage_taken":0,"max_hp_gain":0,"max_hp_loss":0,"event_name":"Liars Game","floor":3,"gold_loss":0},{"damage_healed":0,"gold_gain":0,"player_choice":"Gave Potion","damage_taken":0,"relics_obtained":["Blood Vial"],"max_hp_gain":0,"max_hp_loss":0,"event_name":"WeMeetAgain","floor":7,"gold_loss":0},{"damage_healed":0,"gold_gain":0,"player_choice":"Became a Ghost","damage_taken":0,"max_hp_gain":0,"max_hp_loss":44,"event_name":"Ghosts","floor":19,"gold_loss":0,"cards_obtained":["Ghostly","Ghostly","Ghostly","Ghostly","Ghostly"]},{"damage_healed":0,"gold_gain":0,"player_choice":"Read","damage_taken":0,"max_hp_gain":0,"max_hp_loss":0,"event_name":"The Library","floor":20,"gold_loss":0,"cards_obtained":["Cold Snap"]},{"damage_healed":0,"gold_gain":99,"player_choice":"Stole From Cult","damage_taken":0,"max_hp_gain":0,"max_hp_loss":0,"event_name":"Nest","floor":21,"gold_loss":0},{"damage_healed":0,"gold_gain":0,"player_choice":"Ignored","damage_taken":0,"max_hp_gain":0,"max_hp_loss":0,"event_name":"The Mausoleum","floor":22,"gold_loss":0},{"damage_healed":0,"gold_gain":0,"player_choice":"Became a vampire (Vial)","damage_taken":0,"max_hp_gain":0,"max_hp_loss":0,"event_name":"Vampires","floor":25,"relics_lost":["Blood Vial"],"gold_loss":0,"cards_obtained":["Bite","Bite","Bite","Bite","Bite"]},{"damage_healed":0,"gold_gain":0,"player_choice":"Embrace Madness","damage_taken":5,"max_hp_gain":0,"max_hp_loss":0,"event_name":"Winding Halls","floor":37,"gold_loss":0,"cards_obtained":["Madness","Madness"]},{"cards_removed":["Defend_B"],"damage_healed":0,"gold_gain":0,"player_choice":"Upgrade and Remove","damage_taken":0,"max_hp_gain":0,"max_hp_loss":0,"event_name":"Designer","floor":44,"gold_loss":90,"cards_upgraded":["Defend_B"]},{"damage_healed":0,"gold_gain":0,"player_choice":"Fight","damage_taken":0,"max_hp_gain":0,"max_hp_loss":0,"event_name":"Mysterious Sphere","floor":45,"gold_loss":0},{"damage_healed":0,"gold_gain":0,"player_choice":"Fight","damage_taken":0,"max_hp_gain":0,"max_hp_loss":0,"event_name":"MindBloom","floor":47,"gold_loss":0},{"damage_healed":0,"gold_gain":100,"player_choice":"Pray","damage_taken":0,"max_hp_gain":0,"max_hp_loss":0,"event_name":"Golden Shrine","floor":48,"gold_loss":0}],"is_beta":false,"boss_relics":[{"not_picked":["Calling Bell","Tiny House"],"picked":"FrozenCore"},{"not_picked":["Orrery","Runic Dome"],"picked":"Philosopher\u0027s Stone"}],"items_purged_floors":[2,39],"is_endless":false,"potions_floor_spawned":[6,10,12,16,18,33,36,38,40],"ascension_level":2}