{"gold_per_floor":[14,189,204,223,223,223,223,223,223,223,257,97,172,186,186,291,291,307,307,48,64,164,164,182,182,260,280,280,315,334,23,23,125,125,142,0,100,100,118,118,144,144,169,188,200,45,45,62,62,62],"floor_reached":51,"playtime":5091,"items_purged":["Strike_G"],"score":854,"play_id":"3c55007c-adfe-46dc-b720-9376807eeb3d","local_time":"20190126174637","is_ascension_mode":true,"campfire_choices":[{"data":"Neutralize","floor":6,"key":"SMITH"},{"data":"Cloak And Dagger","floor":8,"key":"SMITH"},{"data":"Survivor","floor":10,"key":"SMITH"},{"data":"Dagger Spray","floor":15,"key":"SMITH"},{"data":"Tools of the Trade","floor":23,"key":"SMITH"},{"data":"Footwork","floor":25,"key":"SMITH"},{"data":"Infinite Blades","floor":28,"key":"SMITH"},{"data":"Finisher","floor":32,"key":"SMITH"},{"data":"Leg Sweep","floor":40,"key":"SMITH"},{"data":"Tactician","floor":42,"key":"SMITH"},{"data":"Reflex","floor":47,"key":"SMITH"},{"floor":49,"key":"REST"}],"neow_cost":"NO_GOLD","seed_source_timestamp":6744596063345,"circlet_count":0,"master_deck":["Defend_G","Defend_G","Defend_G","Defend_G","Survivor+1","Neutralize+1","Flying Knee","Dagger Spray+1","Cloak And Dagger+1","Tactician+1","Dagger Throw","Leg Sweep+1","Infinite Blades+1","Tools of the Trade+1","Prepared+1","Bite","Bite","Bite","Bite","Bite","Footwork+1","Escape Plan","Reflex+1","Dagger Throw","Finisher+1","Eviscerate+1","Cloak And Dagger+1","Malaise+1","Impatience+1","Backflip+1","Blade Dance+1"],"relics":["Ring of the Snake","Ornamental Fan","Bottled Flame","Bottled Lightning","White Beast Statue","Lantern","Mango","Kunai","Matryoshka","Dodecahedron","Toxic Egg 2","Busted Crown","Red Mask","Pocketwatch","Blood Vial","Pear","Boot","Pen Nib"],"potions_floor_usage":[16,22,22,27,29,33,33,33,41,41,45,48,50,50],"damage_taken":[{"damage":1,"enemies":"Cultist","floor":1,"turns":5},{"damage":10,"enemies":"Jaw Worm","floor":3,"turns":7},{"damage":0,"enemies":"2 Louse","floor":4,"turns":2},{"damage":5,"enemies":"3 Sentries","floor":11,"turns":8},{"damage":2,"enemies":"2 Fungi Beasts","floor":14,"turns":3},{"damage":24,"enemies":"Slime Boss","floor":16,"turns":9},{"damage":26,"enemies":"2 Thieves","floor":18,"turns":5},{"damage":14,"enemies":"Shell Parasite","floor":21,"turns":7},{"damage":14,"enemies":"Colosseum Slavers","floor":22,"turns":5},{"damage":11,"enemies":"Colosseum Nobs","floor":22,"turns":6},{"damage":0,"enemies":"3 Cultists","floor":24,"turns":6},{"damage":1,"enemies":"Centurion and Healer","floor":27,"turns":7},{"damage":26,"enemies":"Book of Stabbing","floor":29,"turns":7},{"damage":23,"enemies":"Snecko","floor":30,"turns":6},{"damage":23,"enemies":"Champ","floor":33,"turns":12},{"damage":0,"enemies":"3 Shapes","floor":35,"turns":4},{"damage":5,"enemies":"Mind Bloom Boss Battle","floor":37,"turns":7},{"damage":6,"enemies":"Orb Walker","floor":39,"turns":4},{"damage":47,"enemies":"Giant Head","floor":41,"turns":12},{"damage":15,"enemies":"Jaw Worm Horde","floor":44,"turns":4},{"damage":22,"enemies":"4 Shapes","floor":45,"turns":5},{"damage":12,"enemies":"Sphere and 2 Shapes","floor":48,"turns":11},{"damage":15,"enemies":"Awakened One","floor":50,"turns":16}],"seed_played":"-4509261179691743116","potions_obtained":[{"floor":1,"key":"Explosive Potion"},{"floor":11,"key":"FearPotion"},{"floor":18,"key":"FearPotion"},{"floor":21,"key":"Explosive Potion"},{"floor":22,"key":"Strength Potion"},{"floor":24,"key":"SteroidPotion"},{"floor":27,"key":"GamblersBrew"},{"floor":29,"key":"GhostInAJar"},{"floor":33,"key":"SpeedPotion"},{"floor":35,"key":"GhostInAJar"},{"floor":37,"key":"SteroidPotion"},{"floor":39,"key":"GhostInAJar"},{"floor":41,"key":"SkillPotion"},{"floor":44,"key":"Ancient Potion"},{"floor":45,"key":"PowerPotion"},{"floor":48,"key":"AttackPotion"}],"is_trial":false,"path_per_floor":["M","?","M","M","T","R","?","R","T","R","E","$","?","M","R","B",null,"M","?","$","M","?","R","M","R","T","M","R","E","M","$","R","B",null,"M","?","?","?","M","R","E","R","T","M","M","$","R","M","R","B",null],"character_chosen":"THE_SILENT","items_purchased":["Dagger Throw","Leg Sweep","Lantern","Footwork","Escape Plan","Toxic Egg 2","Cloak And Dagger+1","Pen Nib"],"campfire_rested":1,"item_purchase_floors":[12,12,20,20,20,31,31,46],"current_hp_per_floor":[69,69,59,59,59,59,52,52,52,52,47,47,36,34,34,10,55,29,29,29,33,48,48,62,62,62,63,63,45,30,30,30,35,56,60,60,63,63,61,61,36,36,46,41,29,29,29,39,60,69],"gold":62,"neow_bonus":"REMOVE_TWO","is_prod":false,"is_daily":false,"chose_seed":false,"campfire_upgraded":11,"win_rate":0,"timestamp":1548553597,"path_taken":["M","?","M","M","?","R","?","R","T","R","E","$","?","M","R","BOSS","M","?","$","M","?","R","M","R","T","M","R","E","M","$","R","BOSS","M","?","?","?","M","R","E","R","T","?","M","$","R","M","R","BOSS"],"build_version":"2019-01-23","purchased_purges":1,"victory":true,"max_hp_per_floor":[70,70,70,70,70,70,70,70,70,70,70,70,70,70,70,70,70,70,49,49,49,63,63,63,63,63,63,63,63,63,63,63,63,63,63,63,63,63,63,63,63,63,73,73,73,73,73,73,73,73],"card_choices":[{"not_picked":["Masterful Stab","Dagger Throw"],"picked":"Flying Knee","floor":1},{"not_picked":["Prepared","Deflect"],"picked":"Dagger Spray","floor":3},{"not_picked":["Skewer","Deflect"],"picked":"Cloak And Dagger","floor":4},{"not_picked":["Endless Agony","Deadly Poison"],"picked":"Tactician","floor":11},{"not_picked":["Sucker Punch","Bane"],"picked":"Infinite Blades","floor":14},{"not_picked":["Unload","Wraith Form v2"],"picked":"Tools of the Trade","floor":16},{"not_picked":["Dodge and Roll","Bane+1"],"picked":"Prepared+1","floor":18},{"not_picked":["Dagger Spray","Sucker Punch"],"picked":"Reflex","floor":21},{"not_picked":["Acrobatics","Expertise+1"],"picked":"Dagger Throw","floor":24},{"not_picked":["Expertise","Poisoned Stab"],"picked":"Finisher","floor":27},{"not_picked":["Sucker Punch","Poisoned Stab+1"],"picked":"Eviscerate+1","floor":29},{"not_picked":["Poisoned Stab","Deadly Poison","Deflect"],"picked":"SKIP","floor":30},{"not_picked":["Grand Finale","Wraith Form v2"],"picked":"Malaise+1","floor":33},{"not_picked":["Dagger Throw"],"picked":"SKIP","floor":35},{"not_picked":[],"picked":"Impatience+1","floor":38},{"not_picked":[],"picked":"Backflip+1","floor":39},{"not_picked":["Doppelganger+1"],"picked":"SKIP","floor":41},{"not_picked":["Expertise+1"],"picked":"SKIP","floor":44},{"not_picked":[],"picked":"Blade Dance+1","floor":45},{"not_picked":["PiercingWail+1"],"picked":"SKIP","floor":48}],"player_experience":237976,"relics_obtained":[{"floor":5,"key":"Ornamental Fan"},{"floor":9,"key":"Bottled Flame"},{"floor":11,"key":"Bottled Lightning"},{"floor":22,"key":"Mango"},{"floor":22,"key":"Kunai"},{"floor":26,"key":"Matryoshka"},{"floor":29,"key":"Dodecahedron"},{"floor":37,"key":"Pocketwatch"},{"floor":41,"key":"Blood Vial"},{"floor":43,"key":"Pear"},{"floor":43,"key":"Boot"}],"event_choices":[{"damage_healed":0,"gold_gain":175,"player_choice":"AGREE","damage_taken":0,"max_hp_gain":0,"max_hp_loss":0,"event_name":"Liars Game","floor":2,"gold_loss":0,"cards_obtained":["Doubt"]},{"cards_removed":["Doubt"],"damage_healed":0,"gold_gain":0,"player_choice":"Card Removal","damage_taken":7,"max_hp_gain":0,"max_hp_loss":0,"event_name":"Golden Wing","floor":7,"gold_loss":0},{"damage_healed":0,"gold_gain":75,"player_choice":"Gather Gold","damage_taken":11,"max_hp_gain":0,"max_hp_loss":0,"event_name":"World of Goop","floor":13,"gold_loss":0},{"damage_healed":0,"gold_gain":0,"player_choice":"Became a vampire","damage_taken":0,"max_hp_gain":0,"max_hp_loss":21,"event_name":"Vampires","floor":19,"gold_loss":0,"cards_obtained":["Bite","Bite","Bite","Bite","Bite"]},{"damage_healed":0,"gold_gain":0,"player_choice":"Fight","damage_taken":0,"max_hp_gain":0,"max_hp_loss":0,"event_name":"Colosseum","floor":22,"gold_loss":0},{"damage_healed":0,"gold_gain":0,"player_choice":"Fought Nobs","damage_taken":0,"max_hp_gain":0,"max_hp_loss":0,"event_name":"Colosseum","floor":22,"gold_loss":0},{"damage_healed":0,"gold_gain":0,"player_choice":"Paid","damage_taken":0,"relics_obtained":["Red Mask"],"max_hp_gain":0,"max_hp_loss":0,"event_name":"Tomb of Lord Red Mask","floor":36,"gold_loss":142},{"damage_healed":0,"gold_gain":0,"player_choice":"Fight","damage_taken":0,"max_hp_gain":0,"max_hp_loss":0,"event_name":"MindBloom","floor":37,"gold_loss":0},{"damage_healed":0,"gold_gain":0,"player_choice":"Memory 1","damage_taken":0,"max_hp_gain":0,"max_hp_loss":0,"event_name":"SensoryStone","floor":38,"gold_loss":0}],"is_beta":false,"boss_relics":[{"not_picked":["Fusion Hammer","Empty Cage"],"picked":"White Beast Statue"},{"not_picked":["Astrolabe","WristBlade"],"picked":"Busted Crown"}],"items_purged_floors":[12],"is_endless":false,"potions_floor_spawned":[1,11,18,21,22,22,24,27,29,30,33,35,37,39,41,44,45,48],"ascension_level":5}