{"gold_per_floor":[109,26,26,39,58,58,87,87,136,136,151,170,170,190,190,285,285,298,298,41,58,58,58,74,91,91,110,110,126,126,137,137,240,240,256,272,272,285,300,300,400,416,486,65,65,65],"floor_reached":46,"playtime":3284,"items_purged":["Defend_G","Decay"],"score":426,"play_id":"c1c402c1-eba9-470d-89cc-a406f15212b1","local_time":"20190130235640","is_ascension_mode":false,"campfire_choices":[{"data":"Dagger Spray","floor":6,"key":"SMITH"},{"data":"Neutralize","floor":8,"key":"SMITH"},{"data":"Cloak And Dagger","floor":13,"key":"SMITH"},{"data":"Noxious Fumes","floor":15,"key":"SMITH"},{"data":"Caltrops","floor":23,"key":"SMITH"},{"floor":28,"key":"REST"},{"data":"Deadly Poison","floor":30,"key":"SMITH"},{"floor":32,"key":"REST"},{"floor":40,"key":"REST"}],"neow_cost":"NONE","seed_source_timestamp":672971623860864,"circlet_count":0,"master_deck":["Defend_G","Defend_G","Defend_G","Defend_G","Strike_G","Strike_G","Survivor","Neutralize+1","Deadly Poison+1","Noxious Fumes+1","Dagger Spray+1","Caltrops+1","Bouncing Flask+1","Cloak And Dagger+1","Backflip","Backflip","Acrobatics+1","Infinite Blades+1","Masterful Stab+1","PiercingWail","Sadistic Nature","Deflect","PiercingWail","Clumsy","Backstab","Caltrops","Envenom","Escape Plan+1","Leg Sweep+1","Footwork","Finesse","Crippling Poison","Parasite"],"relics":["Cursed Key","Art of War","Blood Vial","Astrolabe","Blue Candle","Busted Crown","Girya","Pantograph","Bottled Tornado"],"potions_floor_usage":[7,12,12,24,38,39,42,46],"damage_taken":[{"damage":0,"enemies":"Small Slimes","floor":1,"turns":5},{"damage":0,"enemies":"Jaw Worm","floor":4,"turns":3},{"damage":0,"enemies":"Cultist","floor":5,"turns":3},{"damage":13,"enemies":"Lagavulin","floor":7,"turns":6},{"damage":0,"enemies":"Exordium Thugs","floor":11,"turns":4},{"damage":0,"enemies":"Gremlin Gang","floor":12,"turns":3},{"damage":5,"enemies":"Blue Slaver","floor":14,"turns":3},{"damage":27,"enemies":"Slime Boss","floor":16,"turns":7},{"damage":25,"enemies":"2 Thieves","floor":18,"turns":4},{"damage":0,"enemies":"Chosen","floor":21,"turns":4},{"damage":5,"enemies":"Snake Plant","floor":24,"turns":4},{"damage":0,"enemies":"Centurion and Healer","floor":25,"turns":4},{"damage":11,"enemies":"Snecko","floor":27,"turns":5},{"damage":12,"enemies":"Shelled Parasite and Fungi","floor":29,"turns":6},{"damage":3,"enemies":"Centurion and Healer","floor":31,"turns":6},{"damage":81,"enemies":"Automaton","floor":33,"turns":9},{"damage":10,"enemies":"3 Darklings","floor":35,"turns":4},{"damage":0,"enemies":"3 Shapes","floor":36,"turns":5},{"damage":23,"enemies":"Spire Growth","floor":38,"turns":5},{"damage":31,"enemies":"3 Darklings","floor":39,"turns":5},{"damage":4,"enemies":"Mind Bloom Boss Battle","floor":41,"turns":6},{"damage":32,"enemies":"Sphere and 2 Shapes","floor":42,"turns":6},{"damage":10,"enemies":"4 Shapes","floor":46,"turns":1}],"seed_played":"-1438962020415492097","potions_obtained":[{"floor":1,"key":"AttackPotion"},{"floor":4,"key":"Fire Potion"},{"floor":11,"key":"GamblersBrew"},{"floor":18,"key":"Weak Potion"},{"floor":27,"key":"FairyPotion"},{"floor":33,"key":"Ancient Potion"},{"floor":36,"key":"EssenceOfSteel"},{"floor":38,"key":"Dexterity Potion"},{"floor":41,"key":"Weak Potion"}],"is_trial":false,"path_per_floor":["M","$","?","M","M","R","E","R","T","?","M","M","R","M","R","B",null,"M","?","$","M","$","R","M","M","T","M","R","M","R","M","R","B",null,"M","M","?","M","M","R","?","M","T","$","T","M"],"character_chosen":"THE_SILENT","items_purchased":["Noxious Fumes","Dagger Spray","Sadistic Nature","Footwork","Finesse","Crippling Poison","Regen Potion"],"campfire_rested":3,"item_purchase_floors":[2,2,20,44,44,44,44],"current_hp_per_floor":[70,70,70,70,70,70,57,57,57,57,59,61,61,58,58,33,70,45,45,45,47,47,47,44,46,46,37,58,48,48,47,68,7,70,60,62,62,41,12,33,31,1,1,1,1,0],"gold":65,"neow_bonus":"BOSS_RELIC","is_prod":false,"is_daily":false,"chose_seed":false,"campfire_upgraded":6,"win_rate":0,"timestamp":1548914200,"path_taken":["M","$","?","M","M","R","E","R","T","?","M","?","R","M","R","BOSS","M","?","$","?","$","R","M","M","T","M","R","M","R","M","R","BOSS","M","?","?","M","M","R","?","M","T","$","?","M"],"build_version":"2019-01-23","purchased_purges":2,"victory":false,"max_hp_per_floor":[70,70,70,70,70,70,70,70,70,70,70,70,70,70,70,70,70,70,70,70,70,70,70,70,70,70,70,70,70,70,70,70,70,70,70,70,70,70,70,70,70,70,70,70,70,70],"card_choices":[{"not_picked":["Finisher","Dodge and Roll"],"picked":"Deadly Poison","floor":1},{"not_picked":["Choke","Prepared","Dagger Throw"],"picked":"SKIP","floor":4},{"not_picked":["All Out Attack","Dagger Throw"],"picked":"Caltrops","floor":5},{"not_picked":["Underhanded Strike","Deflect"],"picked":"Bouncing Flask","floor":7},{"not_picked":["Finisher","Skewer"],"picked":"Cloak And Dagger","floor":11},{"not_picked":["Quick Slash","Underhanded Strike"],"picked":"Backflip","floor":12},{"not_picked":["Concentrate","Deadly Poison"],"picked":"Backflip","floor":14},{"not_picked":["Dash","Riddle With Holes"],"picked":"PiercingWail","floor":18},{"not_picked":["Outmaneuver","Deadly Poison","Poisoned Stab+1"],"picked":"SKIP","floor":21},{"not_picked":["Outmaneuver","Underhanded Strike"],"picked":"Deflect","floor":24},{"not_picked":["Expertise","Blade Dance+1"],"picked":"PiercingWail","floor":25},{"not_picked":["Quick Slash","Bane"],"picked":"Backstab","floor":27},{"not_picked":["All Out Attack","Prepared+1","Blade Dance+1"],"picked":"SKIP","floor":29},{"not_picked":["Deflect","Noxious Fumes"],"picked":"Caltrops","floor":31},{"not_picked":["Doppelganger","After Image"],"picked":"Envenom","floor":33},{"not_picked":["Acrobatics+1"],"picked":"SKIP","floor":35},{"not_picked":[],"picked":"Escape Plan+1","floor":36},{"not_picked":["Flechettes"],"picked":"SKIP","floor":38},{"not_picked":["Skewer+1"],"picked":"SKIP","floor":39},{"not_picked":[],"picked":"Leg Sweep+1","floor":41},{"not_picked":["Heel Hook+1"],"picked":"SKIP","floor":42}],"player_experience":781907,"relics_obtained":[{"floor":7,"key":"Art of War"},{"floor":9,"key":"Blood Vial"},{"floor":26,"key":"Blue Candle"},{"floor":41,"key":"Girya"},{"floor":43,"key":"Pantograph"},{"floor":45,"key":"Bottled Tornado"}],"event_choices":[{"damage_healed":0,"gold_gain":0,"player_choice":"Ignored","damage_taken":0,"max_hp_gain":0,"max_hp_loss":0,"event_name":"Liars Game","floor":3,"gold_loss":0},{"damage_healed":0,"gold_gain":0,"player_choice":"Forge","damage_taken":0,"max_hp_gain":0,"max_hp_loss":0,"event_name":"Accursed Blacksmith","floor":10,"gold_loss":0,"cards_upgraded":["Bouncing Flask"]},{"cards_removed":["Doubt"],"damage_healed":0,"gold_gain":0,"player_choice":"Removed Curses","damage_taken":0,"max_hp_gain":0,"max_hp_loss":0,"event_name":"Fountain of Cleansing","floor":19,"gold_loss":0},{"damage_healed":0,"gold_gain":0,"player_choice":"Ignored","damage_taken":0,"max_hp_gain":0,"max_hp_loss":0,"event_name":"Tomb of Lord Red Mask","floor":37,"gold_loss":0},{"damage_healed":0,"gold_gain":0,"player_choice":"Fight","damage_taken":0,"max_hp_gain":0,"max_hp_loss":0,"event_name":"MindBloom","floor":41,"gold_loss":0}],"is_beta":true,"boss_relics":[{"not_picked":["Eternal Feather","Coffee Dripper"],"picked":"Astrolabe"},{"not_picked":["White Beast Statue","Lizard Tail"],"picked":"Busted Crown"}],"items_purged_floors":[20,44],"is_endless":false,"potions_floor_spawned":[1,4,11,18,27,33,36,38,41],"killed_by":"4 Shapes","ascension_level":0}