{"gold_per_floor":[112,62,137,156,176,207,207,219,219,44,44,79,79,93,93,188,188,208,227,227,239,251],"floor_reached":22,"playtime":1491,"items_purged":[],"score":230,"play_id":"985fb832-8ff5-439d-8a25-08f09969e56e","local_time":"20181014131126","is_ascension_mode":true,"campfire_choices":[{"data":"Consume","floor":7,"key":"SMITH"},{"floor":11,"key":"REST"},{"data":"Force Field","floor":13,"key":"SMITH"},{"data":"Lockon","floor":15,"key":"SMITH"}],"neow_cost":"","seed_source_timestamp":420696933740808,"circlet_count":0,"master_deck":["Strike_B","Strike_B","Strike_B","Defend_B","Defend_B","Defend_B","Defend_B","Zap","Dualcast","Force Field+1","Hello World","Consume+1","Leap","Steam","Apotheosis+1","Amplify+1","Lockon+1","Meteor Strike","Genetic Algorithm+1","White Noise+1","Necronomicurse"],"relics":["Cracked Core","Bottled Tornado","Toxic Egg 2","Pen Nib","Nuclear Battery","MawBank","Necronomicon"],"potions_floor_usage":[4,6,14,22],"damage_taken":[{"damage":3,"enemies":"Jaw Worm","floor":1,"turns":3},{"damage":5,"enemies":"Small Slimes","floor":4,"turns":3},{"damage":7,"enemies":"2 Louse","floor":5,"turns":2},{"damage":27,"enemies":"Gremlin Nob","floor":6,"turns":4},{"damage":10,"enemies":"Blue Slaver","floor":8,"turns":5},{"damage":0,"enemies":"Lagavulin","floor":12,"turns":6},{"damage":3,"enemies":"Gremlin Gang","floor":14,"turns":6},{"damage":23,"enemies":"Slime Boss","floor":16,"turns":7},{"damage":14,"enemies":"3 Byrds","floor":18,"turns":4},{"damage":10,"enemies":"Shell Parasite","floor":19,"turns":5},{"damage":5,"enemies":"Chosen and Byrds","floor":22,"turns":3}],"seed_played":"-7736126418923250646","potions_obtained":[{"floor":1,"key":"AttackPotion"},{"floor":4,"key":"Fruit Juice"},{"floor":6,"key":"SkillPotion"},{"floor":8,"key":"Dexterity Potion"},{"floor":18,"key":"Ancient Potion"}],"is_trial":false,"path_per_floor":["M","?","?","M","M","E","R","M","T","$","R","E","R","M","R","B",null,"M","M","?","?"],"character_chosen":"DEFECT","items_purchased":["Apotheosis+1"],"campfire_rested":1,"item_purchase_floors":[10],"current_hp_per_floor":[72,72,61,61,54,27,27,17,17,17,41,41,41,38,38,15,80,66,56,56,40,35],"gold":251,"neow_bonus":"","is_prod":false,"is_daily":false,"chose_seed":false,"campfire_upgraded":3,"win_rate":0,"timestamp":1539537086,"path_taken":["M","?","?","M","M","E","R","M","T","$","R","E","R","M","R","BOSS","M","?","?","?","M"],"build_version":"2018-10-11","purchased_purges":0,"victory":false,"max_hp_per_floor":[75,75,75,80,80,80,80,80,80,80,80,80,80,80,80,80,80,80,80,80,80,80],"card_choices":[{"not_picked":["Streamline","Barrage"],"picked":"Force Field","floor":1},{"not_picked":["Streamline","Chill"],"picked":"Hello World","floor":4},{"not_picked":["Hologram","Cold Snap"],"picked":"Consume","floor":5},{"not_picked":["Streamline","Sweeping Beam"],"picked":"Leap","floor":6},{"not_picked":["Go for the Eyes","Stack"],"picked":"Steam","floor":8},{"not_picked":["Reinforced Body+1","Rebound"],"picked":"Amplify+1","floor":12},{"not_picked":["Stack+1","Sweeping Beam"],"picked":"Lockon","floor":14},{"not_picked":["Rainbow+1","Machine Learning"],"picked":"Meteor Strike","floor":16},{"not_picked":["Hologram+1","Leap+1"],"picked":"Genetic Algorithm+1","floor":18},{"not_picked":["Redo+1","Aggregate+1"],"picked":"White Noise+1","floor":19}],"player_experience":153973,"relics_obtained":[{"floor":6,"key":"Bottled Tornado"},{"floor":9,"key":"Toxic Egg 2"},{"floor":12,"key":"Pen Nib"},{"floor":21,"key":"Necronomicon"}],"event_choices":[{"event_name":"The Cleric","player_choice":"Card Removal","floor":2,"damage_taken":0},{"event_name":"World of Goop","player_choice":"Gather Gold","floor":3,"damage_taken":0},{"event_name":"The Mausoleum","player_choice":"Yes","floor":20,"damage_taken":0},{"event_name":"Cursed Tome","player_choice":"Obtained Book","floor":21,"damage_taken":0}],"is_beta":false,"boss_relics":[{"not_picked":["Eternal Feather","White Beast Statue"],"picked":"Nuclear Battery"}],"items_purged_floors":[],"is_endless":false,"potions_floor_spawned":[1,4,6,8,18],"killed_by":"Chosen and Byrds","ascension_level":1}