{"gold_per_floor":[113,129,6,17,17,49,49,49,73,102,102,132,132,148,148,250,250,269,280,101,101,115,115,132,159,159,259,276,322,322,322,322,426,476,494,35,135,135,148,148,159,159,159,159,204,222,0,20,20,20],"floor_reached":51,"playtime":2890,"items_purged":["Strike_R","Strike_R"],"score":1112,"play_id":"60fab2e4-08df-47d6-bae4-5f1770a056b1","local_time":"20190215193432","is_ascension_mode":true,"campfire_choices":[{"data":"True Grit","floor":7.0,"key":"SMITH"},{"floor":11.0,"key":"REST"},{"data":"Armaments","floor":13.0,"key":"SMITH"},{"data":"Body Slam","floor":15.0,"key":"SMITH"},{"data":"Shockwave","floor":23.0,"key":"SMITH"},{"data":"Metallicize","floor":30.0,"key":"SMITH"},{"data":"Inflame","floor":32.0,"key":"SMITH"},{"data":"True Grit","floor":40,"key":"SMITH"},{"floor":42,"key":"RECALL"},{"data":"Shrug It Off","floor":44,"key":"SMITH"},{"floor":49,"key":"REST"}],"neow_cost":"NONE","seed_source_timestamp":175359638570269,"circlet_count":0,"master_deck":["AscendersBane","Strike_R","Strike_R","Strike_R","Defend_R+1","Defend_R","Defend_R","Defend_R","Bash+1","Inflame+1","True Grit+1","Heavy Blade+1","Armaments+1","Body Slam+1","Impervious","Shrug It Off+1","Shrug It Off","Shockwave+1","Flame Barrier+1","Metallicize+1","Heavy Blade+1","Offering","True Grit+1","Body Slam+1","Iron Wave+1","Rage+1"],"special_seed":0,"relics":["Burning Blood","Blood Vial","Ancient Tea Set","Happy Flower","Mango","FossilizedHelix","Mark of Pain","Art of War","Pen Nib","Shuriken","Boot","Tiny House","Turnip","Oddly Smooth Stone","Ice Cream","Bag of Marbles","Peace Pipe","Red Mask"],"potions_floor_usage":[33,35,45,50,50],"damage_taken":[{"damage":11.0,"enemies":"Jaw Worm","floor":1.0,"turns":6.0},{"damage":1.0,"enemies":"Cultist","floor":2.0,"turns":4.0},{"damage":10.0,"enemies":"Small Slimes","floor":4.0,"turns":4.0},{"damage":32.0,"enemies":"Gremlin Nob","floor":6.0,"turns":4.0},{"damage":26.0,"enemies":"Lagavulin","floor":10.0,"turns":5.0},{"damage":21.0,"enemies":"3 Sentries","floor":12.0,"turns":8.0},{"damage":0.0,"enemies":"2 Fungi Beasts","floor":14.0,"turns":4.0},{"damage":0.0,"enemies":"Slime Boss","floor":16.0,"turns":7.0},{"damage":0.0,"enemies":"Spheric Guardian","floor":18.0,"turns":4.0},{"damage":17.0,"enemies":"3 Byrds","floor":19.0,"turns":6.0},{"damage":33.0,"enemies":"3 Cultists","floor":22.0,"turns":9.0},{"damage":0.0,"enemies":"Snecko","floor":24.0,"turns":5.0},{"damage":45.0,"enemies":"Gremlin Leader","floor":25.0,"turns":9.0},{"damage":0.0,"enemies":"Snake Plant","floor":28.0,"turns":4.0},{"damage":44,"enemies":"Collector","floor":33,"turns":12},{"damage":42,"enemies":"3 Darklings","floor":35,"turns":5},{"damage":6,"enemies":"Mind Bloom Boss Battle","floor":37,"turns":8},{"damage":0,"enemies":"Orb Walker","floor":39,"turns":3},{"damage":2,"enemies":"3 Darklings","floor":41,"turns":8},{"damage":7,"enemies":"2 Orb Walkers","floor":45,"turns":6},{"damage":28,"enemies":"Transient","floor":46,"turns":5},{"damage":6,"enemies":"Jaw Worm Horde","floor":48,"turns":4},{"damage":54,"enemies":"Donu and Deca","floor":50,"turns":9}],"seed_played":"6484171047772652082","potions_obtained":[{"floor":2.0,"key":"AttackPotion"},{"floor":4.0,"key":"LiquidBronze"},{"floor":6.0,"key":"AttackPotion"},{"floor":12.0,"key":"PowerPotion"},{"floor":19.0,"key":"PowerPotion"},{"floor":25.0,"key":"Regen Potion"},{"floor":33,"key":"SteroidPotion"},{"floor":34,"key":"Strength Potion"},{"floor":39,"key":"EssenceOfSteel"}],"is_trial":false,"path_per_floor":["M","M","$","M","?","E","R","$","T","E","R","E","R","M","R","B",null,"M","M","$","?","M","R","M","E","T","?","M","T","R","?","R","B",null,"M","$","?","?","M","R","M","R","T","R","?","M","?","M","R","B",null],"character_chosen":"IRONCLAD","items_purchased":["Heavy Blade","Shockwave","Turnip","Oddly Smooth Stone"],"campfire_rested":2,"item_purchase_floors":[3,20,36,36],"current_hp_per_floor":[69,76,76,74,58,34,34,34,34,30,58,45,45,53,53,61,86,94,83,83,83,58,58,66,29,29,29,37,37,37,37,37,16,80,46,46,48,48,56,56,62,62,62,62,63,43,43,45,74,28],"gold":20,"neow_bonus":"RANDOM_COMMON_RELIC","is_prod":false,"is_daily":false,"chose_seed":false,"campfire_upgraded":8,"win_rate":0,"timestamp":1550288072,"path_taken":["M","M","$","M","?","E","R","?","T","E","R","E","R","M","R","BOSS","M","M","?","?","M","R","M","E","T","?","?","?","R","?","R","BOSS","M","$","?","?","M","R","M","R","T","R","?","M","?","M","R","BOSS"],"build_version":"2019-01-23","purchased_purges":2,"victory":true,"max_hp_per_floor":[80,80,80,80,80,80,80,80,80,94,94,94,94,94,94,94,94,94,94,94,94,94,94,94,94,94,94,94,94,94,94,94,94,99,99,99,99,99,99,99,99,99,99,99,99,99,99,99,99,99],"card_choices":[{"not_picked":["Twin Strike","Perfected Strike"],"picked":"Inflame","floor":1.0},{"not_picked":["Combust","Rupture"],"picked":"True Grit","floor":2.0},{"not_picked":["Seeing Red","Thunderclap","True Grit"],"picked":"SKIP","floor":4.0},{"not_picked":["Carnage","Fire Breathing","Fiend Fire"],"picked":"SKIP","floor":6.0},{"not_picked":["Twin Strike","Anger"],"picked":"Headbutt","floor":10.0},{"not_picked":["Disarm","Heavy Blade"],"picked":"Armaments","floor":12.0},{"not_picked":["Clothesline","Evolve"],"picked":"Body Slam","floor":14.0},{"not_picked":["Limit Break","Dark Embrace"],"picked":"Impervious","floor":16.0},{"not_picked":["Seeing Red","True Grit"],"picked":"Shrug It Off","floor":18.0},{"not_picked":["Combust","Heavy Blade"],"picked":"Shrug It Off","floor":19.0},{"not_picked":["Perfected Strike+1","Wild Strike+1","Searing Blow"],"picked":"SKIP","floor":22.0},{"not_picked":["Dual Wield","Exhume"],"picked":"Flame Barrier+1","floor":24.0},{"not_picked":["Whirlwind+1","Thunderclap"],"picked":"Metallicize","floor":25.0},{"not_picked":["Ghostly Armor","Uppercut"],"picked":"Heavy Blade+1","floor":28.0},{"not_picked":["Brutality","Bludgeon"],"picked":"Offering","floor":33},{"not_picked":["Feel No Pain+1","Sentinel"],"picked":"True Grit","floor":35},{"not_picked":["Flex","True Grit+1"],"picked":"Body Slam+1","floor":37},{"not_picked":["Sever Soul","Headbutt+1"],"picked":"Iron Wave+1","floor":39},{"not_picked":["Burning Pact","Sentinel","Heavy Blade+1"],"picked":"SKIP","floor":41},{"not_picked":["Havoc+1","Sword Boomerang+1"],"picked":"Rage+1","floor":45},{"not_picked":["Clash","Twin Strike+1","Cleave+1"],"picked":"SKIP","floor":46},{"not_picked":["Thunderclap","Bloodletting+1","Dual Wield"],"picked":"SKIP","floor":48}],"player_experience":380736,"relics_obtained":[{"floor":6.0,"key":"Ancient Tea Set"},{"floor":9.0,"key":"Happy Flower"},{"floor":10.0,"key":"Mango"},{"floor":12.0,"key":"FossilizedHelix"},{"floor":25.0,"key":"Pen Nib"},{"floor":26.0,"key":"Shuriken"},{"floor":29.0,"key":"Boot"},{"floor":37,"key":"Ice Cream"},{"floor":43,"key":"Bag of Marbles"},{"floor":45,"key":"Peace Pipe"}],"event_choices":[{"damage_healed":0.0,"max_hp_gain":0.0,"max_hp_loss":0.0,"gold_gain":0.0,"event_name":"Shining Light","player_choice":"Entered Light","floor":5.0,"gold_loss":0.0,"damage_taken":16.0,"cards_upgraded":["Bash","Heavy Blade"]},{"damage_healed":0.0,"max_hp_gain":0.0,"max_hp_loss":0.0,"gold_gain":0.0,"event_name":"Addict","player_choice":"Stole Relic","floor":21.0,"gold_loss":0.0,"damage_taken":0.0,"relics_obtained":["Art of War"],"cards_obtained":["Shame"]},{"damage_healed":0.0,"max_hp_gain":0.0,"max_hp_loss":0.0,"gold_gain":100.0,"event_name":"Golden Shrine","player_choice":"Pray","floor":27.0,"gold_loss":0.0,"damage_taken":0.0},{"cards_removed":["Shame"],"damage_healed":0.0,"max_hp_gain":0.0,"max_hp_loss":0.0,"gold_gain":0.0,"event_name":"Wheel of Change","player_choice":"Card Removal","floor":31.0,"gold_loss":0.0,"damage_taken":0.0},{"damage_healed":0,"gold_gain":0,"player_choice":"Fight","damage_taken":0,"max_hp_gain":0,"max_hp_loss":0,"event_name":"MindBloom","floor":37,"gold_loss":0},{"cards_removed":["Headbutt"],"damage_healed":0,"gold_gain":0,"player_choice":"Removed Attack","damage_taken":0,"max_hp_gain":0,"max_hp_loss":0,"event_name":"Falling","floor":38,"gold_loss":0},{"damage_healed":0,"gold_gain":0,"player_choice":"Fight","damage_taken":0,"max_hp_gain":0,"max_hp_loss":0,"event_name":"Mysterious Sphere","floor":45,"gold_loss":0},{"damage_healed":0,"gold_gain":0,"player_choice":"Paid","damage_taken":0,"relics_obtained":["Red Mask"],"max_hp_gain":0,"max_hp_loss":0,"event_name":"Tomb of Lord Red Mask","floor":47,"gold_loss":222}],"is_beta":false,"boss_relics":[{"not_picked":["Pandora\u0027s Box","Black Star"],"picked":"Mark of Pain"},{"not_picked":["Calling Bell","Snecko Eye"],"picked":"Tiny House"}],"items_purged_floors":[3,20],"is_endless":false,"potions_floor_spawned":[2,4,6,12,19,25,33,39,41],"ascension_level":10}