{"gold_per_floor":[116,86,98,108,118,149,149,149,176,176,201,212,242,242,242,340,340,353,366,366,366,366,366,395,395,421,23,54,54,73,103,103,179,179,191,202,202,216,216,216,285,304,304,304],"floor_reached":44,"playtime":1967,"items_purged":["Heavy Blade"],"score":948,"play_id":"fe9f0739-79ca-4180-91cb-4b660068d500","local_time":"20190205214043","is_ascension_mode":true,"campfire_choices":[{"floor":8,"key":"REST"},{"data":"Carnage","floor":10,"key":"SMITH"},{"floor":15,"key":"REST"},{"floor":23,"key":"REST"},{"floor":25,"key":"REST"},{"data":"Whirlwind","floor":29,"key":"SMITH"},{"floor":32,"key":"REST"},{"data":"Transmutation","floor":40,"key":"SMITH"}],"neow_cost":"NONE","seed_source_timestamp":1630367339401130,"circlet_count":0,"master_deck":["AscendersBane","Bash","Whirlwind+1","Carnage+1","Anger","Evolve","Thunderclap","Battle Trance","Shrug It Off","Reaper","Thunderclap","Wild Strike","Seeing Red","Thunderclap","Battle Trance","Rupture","Dropkick","Infernal Blade","Seeing Red","Burning Pact","Combust","Reckless Charge","Metallicize+1","Feed","Uppercut+1","Inflame","Mayhem","Sadistic Nature","Transmutation+1","Whirlwind"],"relics":["Burning Blood","Vajra","Orichalcum","Odd Mushroom","Bag of Preparation","Bloody Idol","Pandora\u0027s Box","Anchor","Pen Nib","Chemical X","Blood Vial","Champion Belt","Mark of Pain","Darkstone Periapt","Sundial"],"potions_floor_usage":[3,6,11,13,16,28,31,33,44],"damage_taken":[{"damage":4,"enemies":"Jaw Worm","floor":1,"turns":6},{"damage":2,"enemies":"Cultist","floor":3,"turns":4},{"damage":0,"enemies":"2 Louse","floor":4,"turns":2},{"damage":16,"enemies":"Blue Slaver","floor":5,"turns":4},{"damage":63,"enemies":"Gremlin Nob","floor":6,"turns":5},{"damage":7,"enemies":"The Mushroom Lair","floor":11,"turns":3},{"damage":7,"enemies":"2 Fungi Beasts","floor":12,"turns":3},{"damage":23,"enemies":"Lagavulin","floor":13,"turns":4},{"damage":34,"enemies":"Slime Boss","floor":16,"turns":8},{"damage":19,"enemies":"2 Thieves","floor":18,"turns":3},{"damage":19,"enemies":"Shell Parasite","floor":19,"turns":3},{"damage":28,"enemies":"Colosseum Slavers","floor":20,"turns":3},{"damage":47,"enemies":"Book of Stabbing","floor":24,"turns":4},{"damage":9,"enemies":"Gremlin Leader","floor":28,"turns":3},{"damage":14,"enemies":"Cultist and Chosen","floor":30,"turns":4},{"damage":36,"enemies":"Slavers","floor":31,"turns":3},{"damage":56,"enemies":"Collector","floor":33,"turns":6},{"damage":0,"enemies":"3 Darklings","floor":35,"turns":1},{"damage":2,"enemies":"Orb Walker","floor":36,"turns":2},{"damage":3,"enemies":"Jaw Worm Horde","floor":38,"turns":2},{"damage":24,"enemies":"Sphere and 2 Shapes","floor":42,"turns":3},{"damage":71,"enemies":"Nemesis","floor":44,"turns":4}],"seed_played":"5508165838263939954","potions_obtained":[{"floor":2,"key":"AttackPotion"},{"floor":2,"key":"PowerPotion"},{"floor":3,"key":"Energy Potion"},{"floor":11,"key":"AttackPotion"},{"floor":13,"key":"Explosive Potion"},{"floor":28,"key":"Dexterity Potion"},{"floor":33,"key":"Dexterity Potion"},{"floor":42,"key":"PowerPotion"}],"is_trial":false,"path_per_floor":["M","?","M","M","M","E","?","R","T","R","?","M","E","?","R","B",null,"M","M","?","?","?","R","E","R","T","$","E","R","M","E","R","B",null,"M","M","?","M","?","R","T","M","T","E"],"character_chosen":"IRONCLAD","items_purchased":["Chemical X","PowerPotion","AttackPotion"],"campfire_rested":5,"item_purchase_floors":[27,27,27],"current_hp_per_floor":[77,77,81,82,72,15,15,39,39,39,38,37,20,20,42,14,59,46,33,11,26,26,48,12,34,39,39,41,41,54,49,71,35,64,74,74,74,74,64,64,69,58,58,0],"gold":304,"neow_bonus":"TEN_PERCENT_HP_BONUS","is_prod":false,"is_daily":false,"chose_seed":false,"campfire_upgraded":3,"win_rate":0,"timestamp":1549420843,"path_taken":["M","?","M","M","?","E","?","R","T","R","?","M","E","?","R","BOSS","M","M","?","?","?","R","E","R","T","$","E","R","?","E","R","BOSS","M","M","?","M","?","R","?","M","T","E"],"build_version":"2019-01-23","purchased_purges":1,"victory":false,"max_hp_per_floor":[82,82,82,82,82,82,82,82,82,82,82,82,82,74,74,74,74,74,74,74,74,74,74,74,74,74,74,74,74,74,74,74,74,74,74,74,74,74,74,74,74,74,74,74],"card_choices":[{"not_picked":["Havoc","Shrug It Off"],"picked":"Whirlwind","floor":1},{"not_picked":["Clothesline","Warcry"],"picked":"Carnage","floor":3},{"not_picked":["Rampage","Body Slam","Warcry"],"picked":"SKIP","floor":4},{"not_picked":["Cleave","Flex"],"picked":"Anger","floor":5},{"not_picked":["Whirlwind","Wild Strike"],"picked":"Evolve","floor":6},{"not_picked":["Fire Breathing","Clash"],"picked":"Thunderclap","floor":11},{"not_picked":["Flame Barrier","Wild Strike"],"picked":"Battle Trance","floor":12},{"not_picked":["Havoc","Flex"],"picked":"Shrug It Off","floor":13},{"not_picked":["Bludgeon","Berserk"],"picked":"Reaper","floor":16},{"not_picked":["Armaments","Hemokinesis+1"],"picked":"Seeing Red","floor":18},{"not_picked":["Headbutt","Wild Strike+1"],"picked":"Burning Pact","floor":19},{"not_picked":["Pummel","Iron Wave"],"picked":"Combust","floor":24},{"not_picked":["Thunderclap","Limit Break"],"picked":"Headbutt","floor":28},{"not_picked":["Fire Breathing","Dropkick"],"picked":"Reckless Charge","floor":30},{"not_picked":["Perfected Strike","Rupture"],"picked":"Metallicize+1","floor":31},{"not_picked":["Dark Embrace","Exhume"],"picked":"Feed","floor":33},{"not_picked":["Perfected Strike+1","Burning Pact+1"],"picked":"Uppercut+1","floor":35},{"not_picked":["Perfected Strike","Intimidate"],"picked":"Inflame","floor":36},{"not_picked":["Rage","Armaments","True Grit"],"picked":"SKIP","floor":38},{"not_picked":["Purity","Trip"],"picked":"Mayhem","floor":39},{"not_picked":["Panache","The Bomb"],"picked":"Sadistic Nature","floor":39},{"not_picked":["Panacea","Good Instincts"],"picked":"Transmutation","floor":39},{"not_picked":["Flex+1","Armaments"],"picked":"Whirlwind","floor":42}],"player_experience":687396,"relics_obtained":[{"floor":6,"key":"Vajra"},{"floor":9,"key":"Orichalcum"},{"floor":11,"key":"Odd Mushroom"},{"floor":13,"key":"Bag of Preparation"},{"floor":24,"key":"Anchor"},{"floor":26,"key":"Pen Nib"},{"floor":28,"key":"Blood Vial"},{"floor":31,"key":"Champion Belt"},{"floor":41,"key":"Darkstone Periapt"},{"floor":43,"key":"Sundial"}],"event_choices":[{"damage_healed":0,"gold_gain":0,"player_choice":"Bought 2 Potions","damage_taken":0,"max_hp_gain":0,"max_hp_loss":0,"event_name":"The Woman in Blue","floor":2,"gold_loss":0},{"damage_healed":0,"gold_gain":0,"player_choice":"Ignored","damage_taken":0,"max_hp_gain":0,"max_hp_loss":0,"event_name":"Liars Game","floor":7,"gold_loss":0},{"damage_healed":0,"gold_gain":0,"player_choice":"Fought Mushrooms","damage_taken":0,"max_hp_gain":0,"max_hp_loss":0,"event_name":"Mushrooms","floor":11,"gold_loss":0},{"damage_healed":0,"gold_gain":0,"player_choice":"Lose Max HP","damage_taken":0,"relics_obtained":["Golden Idol"],"max_hp_gain":0,"max_hp_loss":8,"event_name":"Golden Idol","floor":14,"gold_loss":0},{"damage_healed":0,"gold_gain":0,"player_choice":"Fight","damage_taken":0,"max_hp_gain":0,"max_hp_loss":0,"event_name":"Colosseum","floor":20,"gold_loss":0},{"damage_healed":0,"gold_gain":0,"player_choice":"Fled From Nobs","damage_taken":0,"max_hp_gain":0,"max_hp_loss":0,"event_name":"Colosseum","floor":20,"gold_loss":0},{"damage_healed":15,"gold_gain":0,"player_choice":"Heal","damage_taken":0,"max_hp_gain":0,"max_hp_loss":0,"event_name":"The Library","floor":21,"gold_loss":0},{"damage_healed":0,"gold_gain":0,"player_choice":"Gave Idol","damage_taken":0,"relics_obtained":["Bloody Idol"],"max_hp_gain":0,"max_hp_loss":0,"event_name":"Forgotten Altar","floor":22,"relics_lost":["Golden Idol"],"gold_loss":0},{"cards_removed":["Headbutt"],"damage_healed":0,"gold_gain":0,"player_choice":"Removed Attack","damage_taken":0,"max_hp_gain":0,"max_hp_loss":0,"event_name":"Falling","floor":37,"gold_loss":0},{"damage_healed":0,"gold_gain":0,"player_choice":"Memory 3","damage_taken":10,"max_hp_gain":0,"max_hp_loss":0,"event_name":"SensoryStone","floor":39,"gold_loss":0}],"is_beta":false,"boss_relics":[{"not_picked":["Sozu","Runic Cube"],"picked":"Pandora\u0027s Box"},{"not_picked":["Snecko Eye","Calling Bell"],"picked":"Mark of Pain"}],"items_purged_floors":[27],"is_endless":false,"potions_floor_spawned":[3,4,11,13,20,28,30,33,42],"killed_by":"Nemesis","ascension_level":20}