{"gold_per_floor":[114,39,50,60,80,80,5,5,5,5,5,32,32,44,44,44],"floor_reached":16,"playtime":330,"items_purged":["Defend_R"],"score":140,"play_id":"d456cd13-986c-4399-be59-f636e5d8410c","local_time":"20190108100100","is_ascension_mode":true,"campfire_choices":[{"data":"Bash","floor":6,"key":"SMITH"},{"floor":8,"key":"REST"},{"data":"Rampage","floor":10,"key":"SMITH"},{"data":"True Grit","floor":15,"key":"SMITH"}],"neow_cost":"PERCENT_DAMAGE","seed_source_timestamp":1582907409957183,"circlet_count":0,"master_deck":["Strike_R","Strike_R","Strike_R","Defend_R","Defend_R","Defend_R","Bash+1","Cleave","Cleave","Iron Wave","Rampage+1","Searing Blow","True Grit+1"],"relics":["Burning Blood","Sundial","Meat on the Bone","Question Card"],"potions_floor_usage":[16],"damage_taken":[{"damage":7,"enemies":"Jaw Worm","floor":1,"turns":3},{"damage":6,"enemies":"Cultist","floor":3,"turns":3},{"damage":10,"enemies":"Small Slimes","floor":4,"turns":3},{"damage":23,"enemies":"Red Slaver","floor":5,"turns":4},{"damage":32,"enemies":"Gremlin Nob","floor":12,"turns":4},{"damage":8,"enemies":"3 Louse","floor":14,"turns":2},{"damage":53,"enemies":"Hexaghost","floor":16,"turns":11}],"seed_played":"956350100804201228","potions_obtained":[{"floor":5,"key":"Poison Potion"},{"floor":14,"key":"SpeedPotion"}],"is_trial":false,"path_per_floor":["M","$","M","M","M","R","$","R","T","R","?","E","?","M","R","B"],"character_chosen":"IRONCLAD","items_purchased":["Rampage"],"campfire_rested":1,"item_purchase_floors":[7],"current_hp_per_floor":[50,50,50,46,29,29,29,53,53,53,79,53,53,51,51,0],"gold":44,"neow_bonus":"REMOVE_TWO","is_prod":false,"is_daily":false,"chose_seed":false,"campfire_upgraded":3,"win_rate":0,"timestamp":1546959660,"path_taken":["M","$","M","M","M","R","$","R","T","R","?","E","?","M","R","BOSS"],"build_version":"2019-01-03v4","purchased_purges":1,"victory":false,"max_hp_per_floor":[80,80,80,80,80,80,80,80,80,80,80,80,80,80,80,80],"card_choices":[{"not_picked":["Shrug It Off","Flex"],"picked":"Cleave","floor":1},{"not_picked":["Perfected Strike","Infernal Blade"],"picked":"Cleave","floor":3},{"not_picked":["Perfected Strike","Intimidate"],"picked":"Iron Wave","floor":4},{"not_picked":["Wild Strike","Sever Soul","Corruption"],"picked":"SKIP","floor":5},{"not_picked":["Wild Strike","Body Slam"],"picked":"Searing Blow","floor":12},{"not_picked":["Iron Wave","Pommel Strike","Armaments"],"picked":"True Grit","floor":14}],"player_experience":343960,"relics_obtained":[{"floor":9,"key":"Sundial"},{"floor":12,"key":"Meat on the Bone"}],"event_choices":[{"damage_healed":26,"gold_gain":0,"player_choice":"Banana","damage_taken":0,"max_hp_gain":0,"max_hp_loss":0,"event_name":"Big Fish","floor":11,"gold_loss":0},{"damage_healed":0,"gold_gain":0,"player_choice":"Gave Potion","damage_taken":0,"relics_obtained":["Question Card"],"max_hp_gain":0,"max_hp_loss":0,"event_name":"WeMeetAgain","floor":13,"gold_loss":0}],"is_beta":false,"boss_relics":[],"items_purged_floors":[2],"is_endless":false,"potions_floor_spawned":[5,14],"killed_by":"Hexaghost","ascension_level":8}