{"gold_per_floor":[111,126,1,16,16,16,34,62,62,81,81,109,109,123,123,198,198,168],"floor_reached":18,"playtime":549,"items_purged":["Decay"],"score":292,"play_id":"e0d0a6a7-3b3d-458f-8099-ce7bb56ed370","local_time":"20190124103828","is_ascension_mode":true,"campfire_choices":[{"data":"Immolate","floor":6,"key":"SMITH"},{"data":"Sever Soul","floor":11,"key":"SMITH"},{"data":"Metallicize","floor":15,"key":"SMITH"}],"neow_cost":"CURSE","seed_source_timestamp":555213415515793,"circlet_count":0,"master_deck":["AscendersBane","Strike_R","Strike_R","Strike_R","Strike_R","Strike_R","Defend_R","Defend_R","Defend_R","Defend_R","Bash","Immolate+1","Metallicize+1","Sever Soul+1","Iron Wave","Reckless Charge","Limit Break","Metallicize+1","Seeing Red","Immolate"],"relics":["Black Blood","Centennial Puzzle","Self Forming Clay","Blood Vial","Omamori"],"potions_floor_usage":[7,8,8,16,16],"damage_taken":[{"damage":9,"enemies":"Jaw Worm","floor":1,"turns":2},{"damage":1,"enemies":"2 Louse","floor":2,"turns":2},{"damage":5,"enemies":"Small Slimes","floor":4,"turns":4},{"damage":12,"enemies":"Exordium Wildlife","floor":7,"turns":4},{"damage":16,"enemies":"Gremlin Nob","floor":8,"turns":3},{"damage":3,"enemies":"Looter","floor":10,"turns":3},{"damage":34,"enemies":"Lagavulin","floor":12,"turns":5},{"damage":0,"enemies":"2 Fungi Beasts","floor":14,"turns":4},{"damage":42,"enemies":"The Guardian","floor":16,"turns":9},{"damage":17,"enemies":"2 Thieves","floor":18,"turns":2}],"seed_played":"-2419361956211519396","potions_obtained":[{"floor":2,"key":"Fire Potion"},{"floor":7,"key":"Energy Potion"},{"floor":12,"key":"PowerPotion"},{"floor":14,"key":"BloodPotion"}],"is_trial":false,"path_per_floor":["M","M","$","M","?","R","M","E","T","M","R","E","?","M","R","B",null,"M"],"character_chosen":"IRONCLAD","items_purchased":["Strength Potion"],"campfire_rested":0,"item_purchase_floors":[3],"current_hp_per_floor":[65,70,70,71,64,64,58,48,48,53,53,27,27,35,35,8,58,43],"gold":168,"neow_bonus":"THREE_RARE_CARDS","is_prod":false,"is_daily":false,"chose_seed":false,"campfire_upgraded":3,"win_rate":0,"timestamp":1548344308,"path_taken":["M","M","$","M","?","R","M","E","T","M","R","E","?","M","R","BOSS","M"],"build_version":"2019-01-23","purchased_purges":1,"victory":false,"max_hp_per_floor":[75,75,75,75,75,75,75,75,75,75,75,75,75,75,75,75,75,75],"card_choices":[{"not_picked":["Dark Embrace","Bludgeon"],"picked":"Immolate","floor":0},{"not_picked":["Pommel Strike","Shrug It Off"],"picked":"Metallicize","floor":1},{"not_picked":["Wild Strike","Armaments"],"picked":"Sever Soul","floor":2},{"not_picked":["Searing Blow","Clash"],"picked":"Iron Wave","floor":4},{"not_picked":["Body Slam","Entrench"],"picked":"Reckless Charge","floor":7},{"not_picked":["Clothesline","Battle Trance"],"picked":"Limit Break","floor":8},{"not_picked":["Anger","Havoc","Combust"],"picked":"SKIP","floor":10},{"not_picked":["Sever Soul","Fire Breathing"],"picked":"Metallicize","floor":12},{"not_picked":["Armaments","Pommel Strike"],"picked":"Seeing Red","floor":14},{"not_picked":["Barricade","Juggernaut"],"picked":"Immolate","floor":16}],"player_experience":406177,"relics_obtained":[{"floor":8,"key":"Self Forming Clay"},{"floor":9,"key":"Blood Vial"},{"floor":12,"key":"Omamori"}],"event_choices":[{"damage_healed":0,"gold_gain":0,"player_choice":"Success","damage_taken":7,"relics_obtained":["Centennial Puzzle"],"max_hp_gain":0,"max_hp_loss":0,"event_name":"Scrap Ooze","floor":5,"gold_loss":0},{"damage_healed":0,"gold_gain":0,"player_choice":"Grow","damage_taken":0,"max_hp_gain":0,"max_hp_loss":0,"event_name":"Living Wall","floor":13,"gold_loss":0,"cards_upgraded":["Metallicize"]}],"is_beta":false,"boss_relics":[{"not_picked":["Black Star","Runic Pyramid"],"picked":"Black Blood"}],"items_purged_floors":[3],"is_endless":false,"potions_floor_spawned":[2,7,12,14],"killed_by":"2 Thieves","ascension_level":14}