{"gold_per_floor":[113,38,113,13,32,66,66,100,127,127,127,127,139,151,151,251,251,268,183,193,210,5,5,17,33,33,33,46,46,64,81,81,81],"floor_reached":33,"playtime":1034,"items_purged":["Strike_R","Defend_R","Strike_R"],"score":423,"play_id":"d98a7c56-22db-4c48-9d4a-eca274cb5067","local_time":"20181220174024","is_ascension_mode":true,"campfire_choices":[{"data":"Bash","floor":7,"key":"SMITH"},{"floor":10,"key":"RECALL"},{"data":"Inflame","floor":12,"key":"SMITH"},{"data":"Dropkick","floor":15,"key":"SMITH"},{"floor":23,"key":"REST"},{"data":"Dropkick","floor":32,"key":"SMITH"}],"neow_cost":"NONE","seed_source_timestamp":186428166381513,"circlet_count":0,"master_deck":["Defend_R","Defend_R","Defend_R","Bash+1","Inflame+1","Brutality+1","Dropkick+1","Bloodletting","Dropkick+1","Bite","Bite","Bite","Bite","Bite"],"relics":["Burning Blood","NeowsBlessing","Bronze Scales","Pear","Busted Crown","Oddly Smooth Stone","Bottled Tornado","Meat on the Bone"],"potions_floor_usage":[16,33,33],"damage_taken":[{"damage":0,"enemies":"Cultist","floor":1,"turns":1},{"damage":0,"enemies":"Small Slimes","floor":5,"turns":1},{"damage":0,"enemies":"Lagavulin","floor":6,"turns":1},{"damage":45,"enemies":"3 Sentries","floor":8,"turns":9},{"damage":16,"enemies":"2 Louse","floor":13,"turns":2},{"damage":17,"enemies":"Blue Slaver","floor":14,"turns":4},{"damage":40,"enemies":"Hexaghost","floor":16,"turns":8},{"damage":18,"enemies":"3 Byrds","floor":18,"turns":3},{"damage":10,"enemies":"Shell Parasite","floor":20,"turns":3},{"damage":21,"enemies":"Centurion and Healer","floor":21,"turns":5},{"damage":11,"enemies":"Chosen and Byrds","floor":24,"turns":3},{"damage":13,"enemies":"3 Cultists","floor":25,"turns":5},{"damage":32,"enemies":"Shelled Parasite and Fungi","floor":28,"turns":3},{"damage":45,"enemies":"Sentry and Sphere","floor":30,"turns":6},{"damage":35,"enemies":"Centurion and Healer","floor":31,"turns":5},{"damage":72,"enemies":"Champ","floor":33,"turns":5}],"seed_played":"-7005573722650610038","potions_obtained":[{"floor":13,"key":"Regen Potion"},{"floor":14,"key":"Weak Potion"},{"floor":20,"key":"Dexterity Potion"},{"floor":21,"key":"SpeedPotion"},{"floor":31,"key":"GamblersBrew"}],"is_trial":false,"path_per_floor":["M","$","?","$","M","E","R","E","T","R","?","R","M","M","R","B",null,"M","?","M","M","$","R","M","M","T","?","M","T","M","M","R","B"],"character_chosen":"IRONCLAD","items_purchased":["Dropkick"],"campfire_rested":1,"item_purchase_floors":[22],"current_hp_per_floor":[78,78,67,67,73,79,79,50,50,50,50,50,40,29,29,10,70,58,58,54,39,39,66,61,54,54,54,44,44,41,38,38,0],"gold":81,"neow_bonus":"THREE_ENEMY_KILL","is_prod":false,"is_daily":false,"chose_seed":false,"campfire_upgraded":4,"win_rate":0,"timestamp":1545345624,"path_taken":["M","$","?","$","M","E","R","E","T","R","?","R","M","M","R","BOSS","M","?","M","M","$","R","M","M","T","?","M","?","M","M","R","BOSS"],"build_version":"2018-12-13","purchased_purges":3,"victory":false,"max_hp_per_floor":[80,80,80,80,80,80,80,90,90,90,90,90,90,90,90,90,90,90,90,90,90,90,90,90,90,90,63,63,63,63,63,63,63],"card_choices":[{"not_picked":["Anger","Wild Strike","Burning Pact"],"picked":"SKIP","floor":1},{"not_picked":["Rage","Shrug It Off","Cleave"],"picked":"SKIP","floor":5},{"not_picked":["Pommel Strike","Armaments"],"picked":"Inflame","floor":6},{"not_picked":["Perfected Strike","Sword Boomerang"],"picked":"Brutality","floor":8},{"not_picked":["Entrench","Infernal Blade"],"picked":"Dropkick","floor":13},{"not_picked":["Perfected Strike","Combust","Anger"],"picked":"SKIP","floor":14},{"not_picked":["Warcry"],"picked":"SKIP","floor":18},{"not_picked":[],"picked":"Bloodletting","floor":20},{"not_picked":["Twin Strike"],"picked":"SKIP","floor":21},{"not_picked":["Cleave+1"],"picked":"SKIP","floor":24},{"not_picked":["Anger"],"picked":"SKIP","floor":25},{"not_picked":["Clothesline+1"],"picked":"SKIP","floor":28},{"not_picked":["Armaments+1"],"picked":"SKIP","floor":30},{"not_picked":["Shrug It Off+1"],"picked":"SKIP","floor":31}],"player_experience":300564,"relics_obtained":[{"floor":6,"key":"Bronze Scales"},{"floor":8,"key":"Pear"},{"floor":26,"key":"Bottled Tornado"},{"floor":29,"key":"Meat on the Bone"}],"event_choices":[{"damage_healed":0,"gold_gain":75,"player_choice":"Gather Gold","damage_taken":11,"max_hp_gain":0,"max_hp_loss":0,"event_name":"World of Goop","floor":3,"gold_loss":0},{"damage_healed":0,"gold_gain":0,"player_choice":"Grow","damage_taken":0,"max_hp_gain":0,"max_hp_loss":0,"event_name":"Living Wall","floor":11,"gold_loss":0,"cards_upgraded":["Brutality"]},{"damage_healed":0,"gold_gain":0,"player_choice":"Obtained Relic","damage_taken":0,"relics_obtained":["Oddly Smooth Stone"],"max_hp_gain":0,"max_hp_loss":0,"event_name":"Addict","floor":19,"gold_loss":85},{"damage_healed":0,"gold_gain":0,"player_choice":"Became a vampire","damage_taken":0,"max_hp_gain":0,"max_hp_loss":27,"event_name":"Vampires","floor":27,"gold_loss":0,"cards_obtained":["Bite","Bite","Bite","Bite","Bite"]}],"is_beta":false,"boss_relics":[{"not_picked":["Empty Cage","Coffee Dripper"],"picked":"Busted Crown"}],"items_purged_floors":[2,4,22],"is_endless":false,"potions_floor_spawned":[13,14,20,21,30,31],"killed_by":"Champ","ascension_level":8}