{"gold_per_floor":[214,230,242,392,38,38,69,69,69,86,98,113,113,113,113,184,184,201,217,235,1,19,44,44,44,44,44,44,18,18,18],"floor_reached":31,"playtime":1187,"items_purged":["Doubt"],"score":510,"play_id":"088d439c-dc8d-4381-94ab-0ec492e16523","local_time":"20190222165900","is_ascension_mode":true,"campfire_choices":[{"data":"Bash","floor":6,"key":"SMITH"},{"data":"Uppercut","floor":15,"key":"SMITH"},{"data":"Disarm","floor":24,"key":"SMITH"},{"data":"Disarm","floor":30,"key":"SMITH"}],"neow_cost":"NONE","seed_source_timestamp":281126603146975,"circlet_count":0,"master_deck":["AscendersBane","Strike_R+1","Strike_R","Strike_R+1","Strike_R","Defend_R","Defend_R","Defend_R","Defend_R","Bash+1","Sword Boomerang","Cleave","Impervious","Disarm+1","Anger","Disarm+1","Uppercut+1","Demon Form","Cleave","Anger+1","Iron Wave","Feel No Pain","Dark Shackles","Shrug It Off","Feel No Pain","True Grit"],"relics":["Burning Blood","Pantograph","Ornamental Fan","Whetstone","Coffee Dripper","Mummified Hand","Shuriken","MutagenicStrength"],"potions_floor_usage":[7,16,16,20,23,23],"damage_taken":[{"damage":11,"enemies":"2 Louse","floor":1,"turns":3},{"damage":2,"enemies":"Jaw Worm","floor":2,"turns":3},{"damage":4,"enemies":"Small Slimes","floor":3,"turns":4},{"damage":53,"enemies":"3 Sentries","floor":7,"turns":9},{"damage":6,"enemies":"Exordium Wildlife","floor":10,"turns":5},{"damage":3,"enemies":"2 Fungi Beasts","floor":11,"turns":4},{"damage":14,"enemies":"Blue Slaver","floor":12,"turns":3},{"damage":28,"enemies":"Hexaghost","floor":16,"turns":13},{"damage":8,"enemies":"Chosen","floor":18,"turns":5},{"damage":28,"enemies":"Shell Parasite","floor":19,"turns":4},{"damage":5,"enemies":"Snake Plant","floor":20,"turns":4},{"damage":28,"enemies":"Shelled Parasite and Fungi","floor":22,"turns":6},{"damage":13,"enemies":"Book of Stabbing","floor":23,"turns":7},{"damage":14,"enemies":"3 Cultists","floor":31,"turns":4}],"seed_played":"-3924726717218640145","potions_obtained":[{"floor":3,"key":"PowerPotion"},{"floor":11,"key":"Energy Potion"},{"floor":12,"key":"AttackPotion"},{"floor":14,"key":"Dexterity Potion"},{"floor":18,"key":"Fire Potion"},{"floor":20,"key":"Poison Potion"}],"is_trial":false,"path_per_floor":["M","M","M","?","$","R","E","?","T","M","M","M","?","?","R","B",null,"M","M","M","$","M","E","R","$","T","?","?","$","R","M"],"character_chosen":"IRONCLAD","items_purchased":["Pantograph","Feel No Pain","Dark Shackles","Poison Potion","True Grit"],"campfire_rested":0,"item_purchase_floors":[5,21,21,21,29],"current_hp_per_floor":[63,67,69,69,69,69,22,22,22,22,25,17,17,17,17,20,61,59,37,38,38,16,9,9,9,9,9,9,9,9,0],"gold":18,"neow_bonus":"HUNDRED_GOLD","is_prod":false,"is_daily":false,"chose_seed":false,"campfire_upgraded":4,"win_rate":0,"timestamp":1550872740,"path_taken":["M","M","M","?","$","R","E","?","T","M","M","?","?","?","R","BOSS","M","M","M","$","M","E","R","?","T","?","?","?","R","M"],"build_version":"2019-01-23","purchased_purges":1,"victory":false,"max_hp_per_floor":[75,75,75,75,75,75,75,75,75,75,75,75,75,75,75,75,75,75,75,75,75,75,75,75,75,75,75,75,75,75,75],"card_choices":[{"not_picked":["Havoc","Sever Soul"],"picked":"Sword Boomerang","floor":1},{"not_picked":["Twin Strike","Sword Boomerang"],"picked":"Cleave","floor":2},{"not_picked":["Second Wind","Carnage"],"picked":"Impervious","floor":3},{"not_picked":["Flex","Perfected Strike"],"picked":"Disarm","floor":7},{"not_picked":["Headbutt","Entrench"],"picked":"Anger","floor":10},{"not_picked":["Ghostly Armor","Power Through"],"picked":"Disarm","floor":11},{"not_picked":["Sword Boomerang","Rage"],"picked":"Uppercut","floor":12},{"not_picked":["Double Tap","Offering"],"picked":"Demon Form","floor":16},{"not_picked":["Sword Boomerang+1","Heavy Blade"],"picked":"Cleave","floor":18},{"not_picked":["True Grit","Dual Wield"],"picked":"Anger+1","floor":19},{"not_picked":["Anger","Shrug It Off"],"picked":"Iron Wave","floor":20},{"not_picked":["Clothesline","Bloodletting"],"picked":"Shrug It Off","floor":22},{"not_picked":["Warcry","Havoc"],"picked":"Feel No Pain","floor":23}],"player_experience":832554,"relics_obtained":[{"floor":7,"key":"Ornamental Fan"},{"floor":9,"key":"Whetstone"},{"floor":23,"key":"Mummified Hand"},{"floor":26,"key":"Shuriken"}],"event_choices":[{"damage_healed":0,"gold_gain":150,"player_choice":"AGREE","damage_taken":0,"max_hp_gain":0,"max_hp_loss":0,"event_name":"Liars Game","floor":4,"gold_loss":0,"cards_obtained":["Doubt"]},{"damage_healed":0,"gold_gain":0,"player_choice":"Ignored","damage_taken":0,"max_hp_gain":0,"max_hp_loss":0,"event_name":"Shining Light","floor":8,"gold_loss":0},{"cards_removed":["Strike_R"],"damage_healed":0,"gold_gain":0,"player_choice":"Forget","damage_taken":0,"max_hp_gain":0,"max_hp_loss":0,"event_name":"Living Wall","floor":13,"gold_loss":0},{"damage_healed":0,"gold_gain":0,"player_choice":"Got Potions","damage_taken":0,"max_hp_gain":0,"max_hp_loss":0,"event_name":"Lab","floor":14,"gold_loss":0},{"damage_healed":0,"gold_gain":0,"player_choice":"Inject Mutagens","damage_taken":0,"relics_obtained":["MutagenicStrength"],"max_hp_gain":0,"max_hp_loss":0,"event_name":"Drug Dealer","floor":27,"gold_loss":0},{"damage_healed":0,"gold_gain":0,"player_choice":"Ignored","damage_taken":0,"max_hp_gain":0,"max_hp_loss":0,"event_name":"Beggar","floor":28,"gold_loss":0}],"is_beta":false,"boss_relics":[{"not_picked":["Lizard Tail","Pandora\u0027s Box"],"picked":"Coffee Dripper"}],"items_purged_floors":[5],"is_endless":false,"potions_floor_spawned":[3,11,12,18,20,22],"killed_by":"3 Cultists","ascension_level":20}