{"gold_per_floor":[17,30,50,69,87,87,112,112,112,112,131,231,244,275,275,275],"floor_reached":16,"playtime":769,"items_purged":[],"score":125,"play_id":"c5a54fbf-bb45-4990-9471-7f443c8abc3a","local_time":"20190107201356","is_ascension_mode":true,"campfire_choices":[{"data":"Armaments","floor":6,"key":"SMITH"},{"data":"Uppercut","floor":8,"key":"SMITH"},{"data":"Metallicize","floor":10,"key":"SMITH"},{"floor":15,"key":"REST"}],"neow_cost":"NO_GOLD","seed_source_timestamp":35652061582959,"circlet_count":0,"master_deck":["Strike_R","Strike_R","Strike_R","Strike_R","Defend_R","Defend_R","Defend_R","Bash","Metallicize+1","Uppercut+1","Hemokinesis","Headbutt","Armaments+1","Exhume","Double Tap"],"relics":["Burning Blood","Centennial Puzzle","WingedGreaves","The Courier"],"potions_floor_usage":[14,16],"damage_taken":[{"damage":0,"enemies":"Small Slimes","floor":1,"turns":3},{"damage":2,"enemies":"Cultist","floor":2,"turns":4},{"damage":0,"enemies":"2 Louse","floor":3,"turns":3},{"damage":10,"enemies":"2 Fungi Beasts","floor":4,"turns":3},{"damage":26,"enemies":"Lots of Slimes","floor":5,"turns":5},{"damage":20,"enemies":"Lagavulin","floor":7,"turns":5},{"damage":7,"enemies":"Exordium Thugs","floor":11,"turns":4},{"damage":3,"enemies":"Blue Slaver","floor":13,"turns":4},{"damage":33,"enemies":"3 Sentries","floor":14,"turns":8},{"damage":42,"enemies":"Slime Boss","floor":16,"turns":7}],"seed_played":"2859553444223970252","potions_obtained":[{"floor":2,"key":"Dexterity Potion"},{"floor":3,"key":"SkillPotion"},{"floor":4,"key":"Dexterity Potion"},{"floor":14,"key":"SkillPotion"}],"is_trial":false,"path_per_floor":["M","M","M","M","M","R","E","R","T","R","M","?","M","E","R","B"],"character_chosen":"IRONCLAD","items_purchased":[],"campfire_rested":1,"item_purchase_floors":[],"current_hp_per_floor":[80,80,80,76,56,56,42,42,42,42,41,41,44,17,41,0],"gold":275,"neow_bonus":"REMOVE_TWO","is_prod":false,"is_daily":false,"chose_seed":false,"campfire_upgraded":3,"win_rate":0,"timestamp":1546859636,"path_taken":["M","M","M","M","M","R","E","R","T","R","M","?","M","E","R","BOSS"],"build_version":"2019-01-03v4","purchased_purges":0,"victory":false,"max_hp_per_floor":[80,80,80,80,80,80,80,80,80,80,80,80,80,80,80,80],"card_choices":[{"not_picked":["Clothesline","Sword Boomerang"],"picked":"Metallicize","floor":1},{"not_picked":["Clothesline","True Grit"],"picked":"Uppercut","floor":2},{"not_picked":["Pummel","Clothesline"],"picked":"Hemokinesis","floor":3},{"not_picked":["Body Slam","Ghostly Armor"],"picked":"Headbutt","floor":4},{"not_picked":["Cleave","Anger"],"picked":"Armaments","floor":5},{"not_picked":["Sword Boomerang","Clothesline"],"picked":"Exhume","floor":7},{"not_picked":["Clothesline","Sword Boomerang","Armaments"],"picked":"SKIP","floor":11},{"not_picked":["Pommel Strike","Armaments","Exhume"],"picked":"SKIP","floor":13},{"not_picked":["Disarm","Combust"],"picked":"Double Tap","floor":14}],"player_experience":154513,"relics_obtained":[{"floor":7,"key":"Centennial Puzzle"},{"floor":9,"key":"WingedGreaves"},{"floor":14,"key":"The Courier"}],"event_choices":[{"damage_healed":0,"gold_gain":100,"player_choice":"Gold","damage_taken":0,"max_hp_gain":0,"max_hp_loss":0,"event_name":"Wheel of Change","floor":12,"gold_loss":0}],"is_beta":false,"boss_relics":[],"items_purged_floors":[],"is_endless":false,"potions_floor_spawned":[2,3,4,14],"killed_by":"Slime Boss","ascension_level":2}