{"gold_per_floor":[112,127,141,66,16,72,87,87,114,147,147,147,158,177,177,177],"floor_reached":16,"playtime":654,"items_purged":["Strike_R"],"score":123,"play_id":"103c695b-7aad-4fd0-9018-50754ff2e72f","local_time":"20190107231902","is_ascension_mode":true,"campfire_choices":[{"data":"Rage","floor":8,"key":"SMITH"},{"floor":11,"key":"REST"},{"data":"Shockwave","floor":15,"key":"SMITH"}],"neow_cost":"TEN_PERCENT_HP_LOSS","seed_source_timestamp":46872964062469,"circlet_count":0,"master_deck":["Strike_R","Strike_R","Strike_R","Defend_R","Defend_R","Defend_R","Defend_R","Bash","Shockwave+1","Rage+1","Seeing Red","Impervious","Twin Strike","Limit Break","Heavy Blade"],"relics":["Burning Blood","Turnip","Tiny Chest","Vajra","Omamori"],"potions_floor_usage":[10,16],"damage_taken":[{"damage":6,"enemies":"2 Louse","floor":1,"turns":3},{"damage":2,"enemies":"Jaw Worm","floor":2,"turns":5},{"damage":5,"enemies":"Small Slimes","floor":3,"turns":3},{"damage":57,"enemies":"3 Sentries","floor":6,"turns":19},{"damage":7,"enemies":"Blue Slaver","floor":7,"turns":4},{"damage":25,"enemies":"Gremlin Nob","floor":10,"turns":5},{"damage":0,"enemies":"2 Fungi Beasts","floor":13,"turns":3},{"damage":7,"enemies":"Gremlin Gang","floor":14,"turns":5},{"damage":46,"enemies":"Slime Boss","floor":16,"turns":11}],"seed_played":"-7007899270014768745","potions_obtained":[{"floor":2,"key":"SpeedPotion"},{"floor":7,"key":"Regen Potion"},{"floor":14,"key":"Explosive Potion"}],"is_trial":false,"path_per_floor":["M","M","M","$","?","E","M","R","T","E","R","?","M","M","R","B"],"character_chosen":"IRONCLAD","items_purchased":[],"campfire_rested":1,"item_purchase_floors":[],"current_hp_per_floor":[72,72,72,72,72,21,20,20,20,15,36,36,42,41,41,0],"gold":177,"neow_bonus":"ONE_RARE_RELIC","is_prod":false,"is_daily":false,"chose_seed":false,"campfire_upgraded":2,"win_rate":0,"timestamp":1546870742,"path_taken":["M","M","M","$","?","E","M","R","T","E","R","?","M","M","R","BOSS"],"build_version":"2019-01-03v4","purchased_purges":1,"victory":false,"max_hp_per_floor":[72,72,72,72,72,72,72,72,72,72,72,72,72,72,72,72],"card_choices":[{"not_picked":["Clothesline","Shrug It Off"],"picked":"Shockwave","floor":1},{"not_picked":["Entrench","Warcry"],"picked":"Rage","floor":2},{"not_picked":["True Grit","Anger"],"picked":"Seeing Red","floor":3},{"not_picked":["Offering","Sever Soul"],"picked":"Impervious","floor":6},{"not_picked":["Flex","Thunderclap"],"picked":"Twin Strike","floor":7},{"not_picked":["Clash","Thunderclap"],"picked":"Limit Break","floor":10},{"not_picked":["Twin Strike","Anger"],"picked":"Heavy Blade","floor":13},{"not_picked":["Dual Wield","Power Through","Thunderclap"],"picked":"SKIP","floor":14}],"player_experience":162300,"relics_obtained":[{"floor":6,"key":"Tiny Chest"},{"floor":9,"key":"Vajra"},{"floor":10,"key":"Omamori"}],"event_choices":[{"cards_removed":["Strike_R"],"damage_healed":0,"gold_gain":0,"player_choice":"Card Removal","damage_taken":0,"max_hp_gain":0,"max_hp_loss":0,"event_name":"The Cleric","floor":5,"gold_loss":50},{"damage_healed":0,"gold_gain":0,"player_choice":"Searched \u00270\u0027 times","damage_taken":0,"max_hp_gain":0,"max_hp_loss":0,"event_name":"Dead Adventurer","floor":12,"gold_loss":0}],"is_beta":false,"boss_relics":[],"items_purged_floors":[4],"is_endless":false,"potions_floor_spawned":[2,7,14],"killed_by":"Slime Boss","ascension_level":2}