{"gold_per_floor":[114,189,20,40,40,70,70,20,90,100,100,110,130,141,141,141],"floor_reached":16,"playtime":479,"items_purged":[],"score":152,"play_id":"456d24dc-a810-4851-8b84-6dbe8ca8c05e","local_time":"20181222051506","is_ascension_mode":true,"campfire_choices":[{"data":"Skewer","floor":7,"key":"SMITH"},{"floor":11,"key":"RECALL"},{"data":"Neutralize","floor":15,"key":"SMITH"}],"neow_cost":"NONE","seed_source_timestamp":96780365637840,"circlet_count":0,"master_deck":["Defend_G","Defend_G","Defend_G","Defend_G","Defend_G","Strike_G","Strike_G","Strike_G","Strike_G","Survivor","Neutralize+1","Mayhem+1","Skewer+1","Quick Slash","Sucker Punch"],"relics":["Ring of the Snake","NeowsBlessing","Potion Belt"],"potions_floor_usage":[16,16],"damage_taken":[{"damage":0,"enemies":"2 Louse","floor":1,"turns":1},{"damage":0,"enemies":"Jaw Worm","floor":4,"turns":1},{"damage":0,"enemies":"3 Sentries","floor":6,"turns":1},{"damage":0,"enemies":"Cultist","floor":10,"turns":4},{"damage":15,"enemies":"Exordium Thugs","floor":12,"turns":4},{"damage":21,"enemies":"3 Louse","floor":13,"turns":3},{"damage":5,"enemies":"Exordium Wildlife","floor":14,"turns":4},{"damage":21,"enemies":"Hexaghost","floor":16,"turns":14}],"seed_played":"3725032605884615498","potions_obtained":[{"floor":1,"key":"PowerPotion"},{"floor":13,"key":"SpeedPotion"},{"floor":14,"key":"GamblersBrew"}],"is_trial":false,"path_per_floor":["M","?","$","M","?","E","R","?","T","M","R","M","M","M","R","B"],"character_chosen":"THE_SILENT","items_purchased":["Mayhem"],"campfire_rested":0,"item_purchase_floors":[3],"current_hp_per_floor":[70,59,59,59,59,59,59,59,59,59,59,44,23,18,18,0],"gold":141,"neow_bonus":"THREE_ENEMY_KILL","is_prod":false,"is_daily":false,"chose_seed":false,"campfire_upgraded":2,"win_rate":0,"timestamp":1545473706,"path_taken":["M","?","$","M","?","E","R","?","T","M","R","M","M","M","R","BOSS"],"build_version":"2018-12-20","purchased_purges":0,"victory":false,"max_hp_per_floor":[70,70,70,70,70,70,70,70,70,70,70,70,70,70,70,70],"card_choices":[{"not_picked":["Riddle With Holes","Prepared","Distraction"],"picked":"SKIP","floor":1},{"not_picked":["Prepared","Acrobatics"],"picked":"Skewer","floor":4},{"not_picked":["Finisher","Slice","Dagger Spray"],"picked":"SKIP","floor":6},{"not_picked":["Bane","Escape Plan","Distraction"],"picked":"SKIP","floor":10},{"not_picked":["Deflect","Blade Dance","Catalyst"],"picked":"SKIP","floor":12},{"not_picked":["Backstab","Concentrate"],"picked":"Quick Slash","floor":13},{"not_picked":["Acrobatics","Poisoned Stab"],"picked":"Sucker Punch","floor":14}],"player_experience":306218,"relics_obtained":[{"floor":6,"key":"Potion Belt"}],"event_choices":[{"damage_healed":0,"gold_gain":75,"player_choice":"Gather Gold","damage_taken":11,"max_hp_gain":0,"max_hp_loss":0,"event_name":"World of Goop","floor":2,"gold_loss":0},{"damage_healed":0,"gold_gain":0,"player_choice":"Grow","damage_taken":0,"max_hp_gain":0,"max_hp_loss":0,"event_name":"Living Wall","floor":5,"gold_loss":0,"cards_upgraded":["Mayhem"]},{"cards_removed":["Strike_G"],"damage_healed":0,"gold_gain":0,"player_choice":"Card Removal","damage_taken":0,"max_hp_gain":0,"max_hp_loss":0,"event_name":"The Cleric","floor":8,"gold_loss":50}],"is_beta":false,"boss_relics":[],"items_purged_floors":[],"is_endless":false,"potions_floor_spawned":[1,13,14],"killed_by":"Hexaghost","ascension_level":4}