{"gold_per_floor":[119,194,270,420,468,468,484,484,484,484,497,527,527,538,538,614,614,565,490,571,621,122,122,151,151,151,180,190,190,30,30,30,102,102,113,124,138,0,0,0,13,30,30,30,61,61,94,113,113,113],"floor_reached":51,"playtime":2231,"items_purged":["Strike_R"],"score":1556,"play_id":"f907ec7c-c1ba-416d-8a9c-37de5caa25b2","local_time":"20190304213008","is_ascension_mode":true,"campfire_choices":[{"data":"Bash","floor":6.0,"key":"SMITH"},{"data":"Shrug It Off","floor":8.0,"key":"SMITH"},{"data":"Defend_R","floor":10.0,"key":"SMITH"},{"data":"Demon Form","floor":13.0,"key":"SMITH"},{"floor":15.0,"key":"REST"},{"floor":23,"key":"REST"},{"floor":25,"key":"RECALL"},{"floor":29,"key":"REST"},{"floor":32,"key":"REST"},{"floor":40,"key":"REST"},{"floor":44,"key":"REST"},{"floor":46,"key":"REST"},{"floor":49,"key":"REST"}],"neow_cost":"NONE","seed_source_timestamp":241419301325437,"circlet_count":0,"master_deck":["AscendersBane","Strike_R","Strike_R","Strike_R","Strike_R","Defend_R","Defend_R","Defend_R","Defend_R+1","Bash+1","Battle Trance","Shrug It Off+1","Rage","Demon Form+1","Body Slam","Impervious","Armaments+1","Apotheosis","Barricade","Body Slam","Shrug It Off","Entrench","Demon Form","Demon Form"],"special_seed":0,"relics":["Burning Blood","NeowsBlessing","Mummified Hand","Pen Nib","Darkstone Periapt","Lantern","Fusion Hammer","Question Card","Bottled Tornado","Bottled Flame","Blood Vial","Bag of Preparation","Enchiridion","Philosopher\u0027s Stone","Red Mask","Orichalcum","Art of War","Pantograph"],"potions_floor_usage":[18,24,33,37,37,50,50],"damage_taken":[{"damage":0.0,"enemies":"Jaw Worm","floor":1.0,"turns":1.0},{"damage":0.0,"enemies":"2 Louse","floor":7.0,"turns":1.0},{"damage":0.0,"enemies":"Cultist","floor":11.0,"turns":1.0},{"damage":51.0,"enemies":"Lagavulin","floor":12.0,"turns":9.0},{"damage":6.0,"enemies":"2 Fungi Beasts","floor":14.0,"turns":6.0},{"damage":17,"enemies":"Slime Boss","floor":16,"turns":8},{"damage":15,"enemies":"2 Thieves","floor":18,"turns":5},{"damage":7,"enemies":"Book of Stabbing","floor":24,"turns":5},{"damage":24,"enemies":"Gremlin Leader","floor":27,"turns":6},{"damage":0,"enemies":"Chosen","floor":28,"turns":5},{"damage":0,"enemies":"Automaton","floor":33,"turns":7},{"damage":7,"enemies":"Orb Walker","floor":35,"turns":4},{"damage":29,"enemies":"3 Darklings","floor":36,"turns":6},{"damage":25,"enemies":"Spire Growth","floor":37,"turns":4},{"damage":2,"enemies":"Transient","floor":41,"turns":6},{"damage":0,"enemies":"Sphere and 2 Shapes","floor":42,"turns":5},{"damage":0,"enemies":"Reptomancer","floor":45,"turns":2},{"damage":0,"enemies":"Giant Head","floor":47,"turns":5},{"damage":2,"enemies":"3 Darklings","floor":48,"turns":5},{"damage":19,"enemies":"Awakened One","floor":50,"turns":9}],"seed_played":"632605700312861689","potions_obtained":[{"floor":1.0,"key":"Ancient Potion"},{"floor":12.0,"key":"Dexterity Potion"},{"floor":14.0,"key":"LiquidBronze"},{"floor":16,"key":"Fruit Juice"},{"floor":18,"key":"Fire Potion"},{"floor":28,"key":"Explosive Potion"},{"floor":36,"key":"SkillPotion"},{"floor":42,"key":"FearPotion"},{"floor":45,"key":"PowerPotion"},{"floor":47,"key":"SkillPotion"}],"is_trial":false,"path_per_floor":["M","?","T","?","T","R","M","R","T","R","M","E","R","M","R","B",null,"M","?","T","?","$","R","E","R","T","E","M","R","$","?","R","B",null,"M","M","M","?","$","R","M","M","T","R","E","R","E","M","R","B",null],"character_chosen":"IRONCLAD","items_purchased":["Apotheosis","Barricade","Body Slam","Shrug It Off","Bag of Preparation"],"campfire_rested":8,"item_purchase_floors":[22,22,22,22,30],"current_hp_per_floor":[74,63,63,63,63,63,69,69,69,69,75,30,30,30,52,41,67,63,63,63,63,63,80,79,79,79,61,69,80,80,59,80,80,80,79,57,40,40,40,64,70,78,78,80,80,80,80,80,80,67],"gold":113,"neow_bonus":"THREE_ENEMY_KILL","is_prod":false,"is_daily":false,"chose_seed":false,"campfire_upgraded":4,"win_rate":0,"timestamp":1551763808,"path_taken":["M","?","?","?","?","R","M","R","T","R","?","E","R","M","R","BOSS","M","?","?","?","$","R","E","R","T","E","M","R","$","?","R","BOSS","M","M","M","?","$","R","M","M","T","R","E","R","E","M","R","BOSS"],"build_version":"2019-01-23","purchased_purges":1,"victory":true,"max_hp_per_floor":[75,75,75,75,75,75,75,75,75,75,75,75,75,75,75,75,75,80,80,80,80,80,80,80,80,80,80,80,80,80,80,80,80,80,80,80,80,80,80,80,80,80,80,80,80,80,80,80,80,80],"card_choices":[{"not_picked":["Clash","Armaments"],"picked":"Battle Trance","floor":1.0},{"not_picked":["Headbutt","Dual Wield"],"picked":"Shrug It Off","floor":7.0},{"not_picked":["Headbutt","Twin Strike"],"picked":"Rage","floor":11.0},{"not_picked":["Shrug It Off","Spot Weakness"],"picked":"Demon Form","floor":12.0},{"not_picked":["Seeing Red","Twin Strike"],"picked":"Body Slam","floor":14.0},{"not_picked":["Immolate","Fiend Fire"],"picked":"Impervious","floor":16},{"not_picked":["Body Slam","Thunderclap"],"picked":"Armaments+1","floor":18},{"not_picked":["Blood for Blood","Searing Blow","Heavy Blade","Perfected Strike+1"],"picked":"SKIP","floor":24},{"not_picked":["Fiend Fire","Berserk","Armaments"],"picked":"Entrench","floor":27},{"not_picked":["Clash","Flex+1","Combust+1","Dark Embrace"],"picked":"SKIP","floor":28},{"not_picked":["Fiend Fire","Double Tap","Juggernaut"],"picked":"Demon Form","floor":33},{"not_picked":["Havoc","Ghostly Armor","Feel No Pain","Heavy Blade"],"picked":"SKIP","floor":35},{"not_picked":["Anger","Sever Soul","Rupture","Carnage+1"],"picked":"SKIP","floor":36},{"not_picked":["Seeing Red","Iron Wave+1","Sentinel","Headbutt+1"],"picked":"SKIP","floor":37},{"not_picked":["Shockwave","Pommel Strike","Clash+1","Second Wind"],"picked":"SKIP","floor":41},{"not_picked":["Dual Wield","Second Wind","Clothesline","Perfected Strike"],"picked":"SKIP","floor":42},{"not_picked":["Clothesline","Reaper","Headbutt+1"],"picked":"Demon Form","floor":45},{"not_picked":["Clash","Flex","Hemokinesis","Havoc+1"],"picked":"SKIP","floor":47},{"not_picked":["Entrench","Armaments","Cleave","Anger+1"],"picked":"SKIP","floor":48}],"player_experience":604862,"relics_obtained":[{"floor":3.0,"key":"Mummified Hand"},{"floor":5.0,"key":"Pen Nib"},{"floor":9.0,"key":"Darkstone Periapt"},{"floor":12.0,"key":"Lantern"},{"floor":20,"key":"Question Card"},{"floor":24,"key":"Bottled Tornado"},{"floor":26,"key":"Bottled Flame"},{"floor":27,"key":"Blood Vial"},{"floor":31,"key":"Enchiridion"},{"floor":43,"key":"Orichalcum"},{"floor":45,"key":"Art of War"},{"floor":47,"key":"Pantograph"}],"event_choices":[{"damage_healed":0.0,"max_hp_gain":0.0,"max_hp_loss":0.0,"gold_gain":75.0,"event_name":"World of Goop","player_choice":"Gather Gold","floor":2.0,"gold_loss":0.0,"damage_taken":11.0},{"damage_healed":0.0,"max_hp_gain":0.0,"max_hp_loss":0.0,"gold_gain":150.0,"event_name":"Liars Game","player_choice":"AGREE","floor":4.0,"gold_loss":0.0,"damage_taken":0.0,"cards_obtained":["Doubt"]},{"cards_removed":["Doubt"],"damage_healed":0,"gold_gain":0,"player_choice":"Gave Gold","damage_taken":0,"max_hp_gain":0,"max_hp_loss":0,"event_name":"Beggar","floor":19,"gold_loss":75},{"damage_healed":0,"gold_gain":50,"player_choice":"Stole From Cult","damage_taken":0,"max_hp_gain":0,"max_hp_loss":0,"event_name":"Nest","floor":21,"gold_loss":0},{"damage_healed":0,"gold_gain":0,"player_choice":"Obtained Book","damage_taken":21,"max_hp_gain":0,"max_hp_loss":0,"event_name":"Cursed Tome","floor":31,"gold_loss":0},{"damage_healed":0,"gold_gain":0,"player_choice":"Paid","damage_taken":0,"relics_obtained":["Red Mask"],"max_hp_gain":0,"max_hp_loss":0,"event_name":"Tomb of Lord Red Mask","floor":38,"gold_loss":138}],"is_beta":false,"boss_relics":[{"not_picked":["Lizard Tail","Runic Cube"],"picked":"Fusion Hammer"},{"not_picked":["Orrery","Snecko Eye"],"picked":"Philosopher\u0027s Stone"}],"items_purged_floors":[22],"is_endless":false,"potions_floor_spawned":[1,12,14,16,18,28,36,42,45,47],"ascension_level":17}