{"gold_per_floor":[113,123,143,143,159,187,207,282,309,323,323,333,333,368,368,473,473,487,499,191,22,22,54,54,66,66,80,96,96,96,111,111,209,209,226,226,243,243,243,243,273,273,273,284,284,1,1,14,14,14],"floor_reached":51,"playtime":2555,"items_purged":["Strike_R","Strike_R","Strike_R"],"score":973,"play_id":"ecfb9bc1-5e62-482b-a2b6-ac9438e533e0","local_time":"20190117105331","is_ascension_mode":true,"campfire_choices":[{"floor":11,"key":"REST"},{"data":"Heavy Blade","floor":15,"key":"SMITH"},{"data":"True Grit","floor":24,"key":"SMITH"},{"data":"Inflame","floor":30,"key":"SMITH"},{"data":"Inflame","floor":32,"key":"SMITH"},{"data":"Limit Break","floor":40,"key":"SMITH"},{"data":"Sword Boomerang","floor":42,"key":"SMITH"},{"floor":45,"key":"REST"},{"data":"Shrug It Off","floor":49,"key":"SMITH"}],"neow_cost":"NONE","seed_source_timestamp":2202653982338,"circlet_count":0,"master_deck":["Strike_R","Defend_R","Defend_R","Defend_R","Defend_R","Bash","Spot Weakness","Heavy Blade+1","Battle Trance","Twin Strike","Shrug It Off+1","True Grit+1","Headbutt","Burning Pact","Impervious","Reaper","Inflame+1","Inflame+1","Uppercut+1","Sword Boomerang+1","Limit Break+1","Demon Form+1"],"relics":["Burning Blood","Ancient Tea Set","Red Skull","Strawberry","Mark of Pain","Bronze Scales","Orichalcum","Pear","Velvet Choker","Frozen Egg 2","Vajra"],"potions_floor_usage":[6,10,16,33,33,50,50],"damage_taken":[{"damage":4,"enemies":"Small Slimes","floor":1,"turns":5},{"damage":3,"enemies":"2 Louse","floor":2,"turns":3},{"damage":4,"enemies":"Cultist","floor":3,"turns":4},{"damage":33,"enemies":"Lots of Slimes","floor":5,"turns":6},{"damage":28,"enemies":"Gremlin Nob","floor":6,"turns":5},{"damage":0,"enemies":"Large Slime","floor":7,"turns":6},{"damage":15,"enemies":"Exordium Thugs","floor":10,"turns":4},{"damage":1,"enemies":"2 Fungi Beasts","floor":12,"turns":2},{"damage":15,"enemies":"3 Sentries","floor":14,"turns":5},{"damage":27,"enemies":"Hexaghost","floor":16,"turns":9},{"damage":2,"enemies":"Chosen","floor":18,"turns":4},{"damage":22,"enemies":"Spheric Guardian","floor":19,"turns":4},{"damage":49,"enemies":"Gremlin Leader","floor":23,"turns":7},{"damage":15,"enemies":"Snake Plant","floor":25,"turns":4},{"damage":24,"enemies":"Sentry and Sphere","floor":27,"turns":4},{"damage":17,"enemies":"3 Cultists","floor":28,"turns":4},{"damage":27,"enemies":"Snake Plant","floor":31,"turns":3},{"damage":69,"enemies":"Collector","floor":33,"turns":11},{"damage":0,"enemies":"Orb Walker","floor":35,"turns":3},{"damage":16,"enemies":"3 Shapes","floor":37,"turns":23},{"damage":27,"enemies":"Nemesis","floor":41,"turns":7},{"damage":28,"enemies":"Sphere and 2 Shapes","floor":44,"turns":9},{"damage":0,"enemies":"Maw","floor":48,"turns":4},{"damage":77,"enemies":"Time Eater","floor":50,"turns":6}],"seed_played":"-1510896060350481449","potions_obtained":[{"floor":2,"key":"FearPotion"},{"floor":5,"key":"Block Potion"},{"floor":6,"key":"Fire Potion"},{"floor":7,"key":"PowerPotion"},{"floor":10,"key":"FearPotion"},{"floor":23,"key":"LiquidBronze"},{"floor":41,"key":"Strength Potion"},{"floor":48,"key":"Block Potion"}],"is_trial":false,"path_per_floor":["M","M","M","?","M","E","M","?","T","M","R","M","?","E","R","B",null,"M","M","$","$","?","E","R","M","T","M","M","?","R","M","R","B",null,"M","?","M","?","?","R","E","R","T","M","R","$","?","M","R","B",null],"character_chosen":"IRONCLAD","items_purchased":["Inflame","Flex","Bronze Scales","Inflame","Demon Form+1"],"campfire_rested":2,"item_purchase_floors":[20,20,20,21,46],"current_hp_per_floor":[74,77,79,79,52,30,36,25,25,16,40,45,45,43,43,22,71,82,73,73,73,73,58,58,55,65,47,63,97,97,76,76,70,90,97,97,87,87,87,87,67,67,67,45,72,72,72,92,92,21],"gold":14,"neow_bonus":"REMOVE_CARD","is_prod":false,"is_daily":false,"chose_seed":false,"campfire_upgraded":7,"win_rate":0,"timestamp":1547690011,"path_taken":["M","M","M","?","M","E","M","?","T","M","R","M","?","E","R","BOSS","M","?","?","$","?","E","R","M","T","M","M","?","R","M","R","BOSS","M","?","M","?","?","R","E","R","T","M","R","$","?","?","R","BOSS"],"build_version":"2019-01-10","purchased_purges":3,"victory":true,"max_hp_per_floor":[80,80,80,80,80,80,80,80,80,80,80,80,80,87,87,87,87,87,87,87,87,87,87,87,87,97,97,97,97,97,97,97,97,97,97,97,97,97,92,92,92,92,92,92,92,92,92,92,92,92],"card_choices":[{"not_picked":["Cleave","Clash"],"picked":"Spot Weakness","floor":1},{"not_picked":["Body Slam","Disarm"],"picked":"Bloodletting","floor":2},{"not_picked":["Corruption","Feel No Pain"],"picked":"Heavy Blade","floor":3},{"not_picked":["Feel No Pain","Blood for Blood"],"picked":"Battle Trance","floor":5},{"not_picked":["Wild Strike","Pommel Strike"],"picked":"Twin Strike","floor":6},{"not_picked":["Second Wind","True Grit"],"picked":"Shrug It Off","floor":7},{"not_picked":["Wild Strike","Shrug It Off"],"picked":"True Grit","floor":10},{"not_picked":["Sword Boomerang","True Grit"],"picked":"Headbutt","floor":12},{"not_picked":["Hemokinesis","Fire Breathing"],"picked":"Impervious","floor":14},{"not_picked":["Double Tap","Berserk"],"picked":"Reaper","floor":16},{"not_picked":["Armaments","Body Slam","Wild Strike"],"picked":"SKIP","floor":18},{"not_picked":["Sever Soul","Iron Wave","Perfected Strike"],"picked":"SKIP","floor":19},{"not_picked":["Searing Blow+1","Thunderclap"],"picked":"Uppercut+1","floor":23},{"not_picked":["True Grit","Headbutt","Clothesline+1"],"picked":"SKIP","floor":25},{"not_picked":["Havoc+1","Clothesline"],"picked":"Sword Boomerang","floor":27},{"not_picked":["Thunderclap","Flex","Warcry"],"picked":"SKIP","floor":28},{"not_picked":["Shrug It Off","Body Slam","Headbutt"],"picked":"SKIP","floor":31},{"not_picked":["Exhume","Reaper"],"picked":"Limit Break","floor":33},{"not_picked":["Corruption+1","Pommel Strike","Havoc+1"],"picked":"SKIP","floor":35},{"not_picked":["Thunderclap","Pommel Strike","Sword Boomerang+1"],"picked":"SKIP","floor":37},{"not_picked":["Sword Boomerang","Headbutt+1","Burning Pact"],"picked":"SKIP","floor":41},{"not_picked":["Berserk+1","Sword Boomerang+1","Inflame+1"],"picked":"SKIP","floor":44},{"not_picked":["Bloodletting+1","Twin Strike","Clash"],"picked":"SKIP","floor":48}],"player_experience":239278,"relics_obtained":[{"floor":6,"key":"Ancient Tea Set"},{"floor":9,"key":"Red Skull"},{"floor":14,"key":"Strawberry"},{"floor":23,"key":"Orichalcum"},{"floor":26,"key":"Pear"},{"floor":41,"key":"Frozen Egg 2"},{"floor":43,"key":"Vajra"}],"event_choices":[{"damage_healed":0,"gold_gain":0,"player_choice":"Ignored","damage_taken":0,"max_hp_gain":0,"max_hp_loss":0,"event_name":"Golden Idol","floor":4,"gold_loss":0},{"damage_healed":0,"gold_gain":75,"player_choice":"Gather Gold","damage_taken":11,"max_hp_gain":0,"max_hp_loss":0,"event_name":"World of Goop","floor":8,"gold_loss":0},{"damage_healed":0,"gold_gain":0,"player_choice":"1 cards matched","damage_taken":0,"max_hp_gain":0,"max_hp_loss":0,"event_name":"Match and Keep!","floor":13,"gold_loss":0,"cards_obtained":["Burning Pact"]},{"cards_removed":["Bloodletting"],"damage_healed":34,"gold_gain":0,"player_choice":"Offered Uncommon","damage_taken":0,"max_hp_gain":0,"max_hp_loss":0,"event_name":"Bonfire Elementals","floor":29,"gold_loss":0},{"damage_healed":0,"gold_gain":0,"player_choice":"Ignored","damage_taken":0,"max_hp_gain":0,"max_hp_loss":0,"event_name":"Tomb of Lord Red Mask","floor":36,"gold_loss":0},{"cards_removed":["Flex"],"damage_healed":0,"gold_gain":0,"player_choice":"Removed Skill","damage_taken":0,"max_hp_gain":0,"max_hp_loss":0,"event_name":"Falling","floor":38,"gold_loss":0},{"damage_healed":0,"gold_gain":0,"player_choice":"Max HP","damage_taken":0,"max_hp_gain":0,"max_hp_loss":5,"event_name":"Winding Halls","floor":39,"gold_loss":0},{"damage_healed":0,"gold_gain":0,"player_choice":"Memory 1","damage_taken":0,"max_hp_gain":0,"max_hp_loss":0,"event_name":"SensoryStone","floor":47,"gold_loss":0}],"is_beta":false,"boss_relics":[{"not_picked":["White Beast Statue","Busted Crown"],"picked":"Mark of Pain"},{"not_picked":["Philosopher\u0027s Stone","Runic Cube"],"picked":"Velvet Choker"}],"items_purged_floors":[20,21,46],"is_endless":false,"potions_floor_spawned":[2,5,6,7,10,23,27,28,41,48],"ascension_level":7}