{"gold_per_floor":[116,132,57,130,146,146,179,179,203,217,217,245,265,287,287,287],"floor_reached":16,"playtime":586,"items_purged":[],"score":220,"play_id":"4efa0dc7-a95a-495e-91ad-2eeb17302e5c","local_time":"20190201081534","is_ascension_mode":true,"campfire_choices":[{"data":"Body Slam","floor":6,"key":"SMITH"},{"data":"Body Slam","floor":8,"key":"SMITH"},{"floor":11,"key":"REST"},{"floor":15,"key":"REST"}],"neow_cost":"NONE","seed_source_timestamp":1237882258803192,"circlet_count":0,"master_deck":["AscendersBane","Strike_R","Strike_R","Strike_R","Strike_R","Defend_R","Defend_R","Defend_R","Defend_R","Bash","Body Slam+1","Shrug It Off","Body Slam+1","Dark Embrace","Seeing Red","Uppercut"],"relics":["Burning Blood","NeowsBlessing","Paper Frog","Strawberry","Juzu Bracelet","Ornamental Fan","Odd Mushroom"],"potions_floor_usage":[7,12,13,16],"damage_taken":[{"damage":0,"enemies":"Jaw Worm","floor":1,"turns":1},{"damage":0,"enemies":"2 Louse","floor":2,"turns":1},{"damage":0,"enemies":"Small Slimes","floor":5,"turns":1},{"damage":32,"enemies":"Gremlin Nob","floor":7,"turns":4},{"damage":29,"enemies":"Exordium Thugs","floor":10,"turns":4},{"damage":35,"enemies":"Lagavulin","floor":12,"turns":7},{"damage":13,"enemies":"Large Slime","floor":13,"turns":4},{"damage":15,"enemies":"The Mushroom Lair","floor":14,"turns":5},{"damage":38,"enemies":"The Guardian","floor":16,"turns":10}],"seed_played":"13818596907458454","potions_obtained":[{"floor":2,"key":"GamblersBrew"},{"floor":7,"key":"Swift Potion"},{"floor":10,"key":"LiquidBronze"},{"floor":12,"key":"AttackPotion"}],"is_trial":false,"path_per_floor":["M","M","?","T","M","R","E","R","T","M","R","E","M","?","R","B"],"character_chosen":"IRONCLAD","items_purchased":[],"campfire_rested":2,"item_purchase_floors":[],"current_hp_per_floor":[74,75,75,75,75,75,56,56,56,33,57,28,21,12,36,0],"gold":287,"neow_bonus":"THREE_ENEMY_KILL","is_prod":false,"is_daily":false,"chose_seed":false,"campfire_upgraded":2,"win_rate":0,"timestamp":1549026934,"path_taken":["M","M","?","?","M","R","E","R","T","M","R","E","M","?","R","BOSS"],"build_version":"2019-01-23","purchased_purges":0,"victory":false,"max_hp_per_floor":[75,75,75,75,75,75,82,82,82,82,82,82,82,82,82,82],"card_choices":[{"not_picked":["Twin Strike","Havoc"],"picked":"Body Slam","floor":1},{"not_picked":["Hemokinesis","Feel No Pain"],"picked":"Shrug It Off","floor":2},{"not_picked":["Rupture","Warcry"],"picked":"Body Slam","floor":5},{"not_picked":["Thunderclap","Perfected Strike"],"picked":"Dark Embrace","floor":7},{"not_picked":["Reckless Charge","Twin Strike","Infernal Blade"],"picked":"SKIP","floor":10},{"not_picked":["Inflame","Wild Strike"],"picked":"Seeing Red","floor":12},{"not_picked":["Headbutt","Dropkick"],"picked":"Uppercut","floor":13}],"player_experience":613192,"relics_obtained":[{"floor":4,"key":"Paper Frog"},{"floor":7,"key":"Strawberry"},{"floor":9,"key":"Juzu Bracelet"},{"floor":12,"key":"Ornamental Fan"},{"floor":14,"key":"Odd Mushroom"}],"event_choices":[{"cards_removed":["Strike_R"],"damage_healed":0,"gold_gain":0,"player_choice":"Card Removal","damage_taken":0,"max_hp_gain":0,"max_hp_loss":0,"event_name":"The Cleric","floor":3,"gold_loss":75},{"damage_healed":0,"gold_gain":0,"player_choice":"Fought Mushrooms","damage_taken":0,"max_hp_gain":0,"max_hp_loss":0,"event_name":"Mushrooms","floor":14,"gold_loss":0}],"is_beta":false,"boss_relics":[],"items_purged_floors":[],"is_endless":false,"potions_floor_spawned":[2,7,10,12],"killed_by":"The Guardian","ascension_level":20}