{"gold_per_floor":[116,41,41,216,235,270,270,170,197,213,213,65,104,123,123,123],"floor_reached":16,"playtime":791,"items_purged":["Pain","Doubt"],"score":167,"play_id":"8c3a2aa1-417c-433d-bc04-483016a24e66","local_time":"20190128130845","is_ascension_mode":true,"campfire_choices":[{"data":"Storm","floor":7,"key":"SMITH"},{"data":"Chill","floor":11,"key":"SMITH"},{"data":"Buffer","floor":15,"key":"SMITH"}],"neow_cost":"CURSE","seed_source_timestamp":909623912939548,"circlet_count":0,"master_deck":["AscendersBane","Strike_B","Strike_B+1","Strike_B","Strike_B+1","Defend_B","Defend_B","Defend_B","Defend_B","Zap","Dualcast","Turbo","Conserve Battery","Storm+1","Chill+1","Buffer+1","Force Field"],"relics":["Cracked Core","Bird Faced Urn","Golden Idol","Mummified Hand","PreservedInsect","Whetstone"],"potions_floor_usage":[6,16],"damage_taken":[{"damage":8,"enemies":"Jaw Worm","floor":1,"turns":4},{"damage":0,"enemies":"Small Slimes","floor":5,"turns":3},{"damage":31,"enemies":"Gremlin Nob","floor":6,"turns":5},{"damage":6,"enemies":"Cultist","floor":10,"turns":4},{"damage":6,"enemies":"3 Sentries","floor":13,"turns":11},{"damage":9,"enemies":"Looter","floor":14,"turns":3},{"damage":50,"enemies":"Slime Boss","floor":16,"turns":10}],"seed_played":"5632312999109851561","potions_obtained":[{"floor":5,"key":"Dexterity Potion"},{"floor":6,"key":"FairyPotion"},{"floor":14,"key":"FearPotion"}],"is_trial":false,"path_per_floor":["M","$","?","?","M","E","R","$","T","M","R","$","E","M","R","B"],"character_chosen":"DEFECT","items_purchased":["PreservedInsect"],"campfire_rested":0,"item_purchase_floors":[12],"current_hp_per_floor":[60,60,60,60,60,29,29,29,29,25,25,25,21,16,16,0],"gold":123,"neow_bonus":"ONE_RARE_RELIC","is_prod":false,"is_daily":false,"chose_seed":false,"campfire_upgraded":3,"win_rate":0,"timestamp":1548698925,"path_taken":["M","$","?","?","M","E","R","?","T","M","R","$","E","?","R","BOSS"],"build_version":"2019-01-23","purchased_purges":2,"victory":false,"max_hp_per_floor":[75,75,69,69,69,69,69,69,69,69,69,69,69,69,69,69],"card_choices":[{"not_picked":["Steam Power","Barrage"],"picked":"Turbo","floor":1},{"not_picked":["Turbo","Coolheaded"],"picked":"Conserve Battery","floor":5},{"not_picked":["Double Energy","Chill"],"picked":"Storm","floor":6},{"not_picked":["Stack","Doom and Gloom"],"picked":"Chill","floor":10},{"not_picked":["Steam Power","Recycle"],"picked":"Buffer","floor":13},{"not_picked":["Reinforced Body","Turbo"],"picked":"Force Field","floor":14}],"player_experience":524305,"relics_obtained":[{"floor":6,"key":"Mummified Hand"},{"floor":13,"key":"Whetstone"}],"event_choices":[{"damage_healed":0,"gold_gain":0,"player_choice":"Lose Max HP","damage_taken":0,"relics_obtained":["Golden Idol"],"max_hp_gain":0,"max_hp_loss":6,"event_name":"Golden Idol","floor":3,"gold_loss":0},{"damage_healed":0,"gold_gain":175,"player_choice":"AGREE","damage_taken":0,"max_hp_gain":0,"max_hp_loss":0,"event_name":"Liars Game","floor":4,"gold_loss":0,"cards_obtained":["Doubt"]}],"is_beta":false,"boss_relics":[],"items_purged_floors":[2,8],"is_endless":false,"potions_floor_spawned":[5,6,14],"killed_by":"Slime Boss","ascension_level":11}