{"gold_per_floor":[110,110,122,47,47,47,81,81,81,115,115,135,135,155,155,232,232,252,49,66,66,66,66],"floor_reached":23,"playtime":762,"items_purged":["Strike_R","Strike_R"],"score":422,"play_id":"f79042c2-d118-4c0f-9c5a-eee242733ef1","local_time":"20190130104644","is_ascension_mode":true,"campfire_choices":[{"data":"Armaments","floor":6,"key":"SMITH"},{"data":"Searing Blow","floor":8,"key":"SMITH"},{"data":"Carnage","floor":11,"key":"SMITH"},{"data":"Searing Blow+1","floor":13,"key":"SMITH"},{"data":"Searing Blow+2","floor":15,"key":"SMITH"}],"neow_cost":"NONE","seed_source_timestamp":1073964490811693,"circlet_count":0,"master_deck":["AscendersBane","Defend_R","Defend_R","Defend_R","Defend_R","Bash","Armaments+1","Carnage+1","Searing Blow+3","Brutality+1","Shrug It Off","Inflame+1","Barricade+1","Shrug It Off","Good Instincts","Clash","Twin Strike"],"relics":["Burning Blood","NeowsBlessing","Anchor","Frozen Egg 2","Letter Opener","Blood Vial","Eternal Feather"],"potions_floor_usage":[16,23],"damage_taken":[{"damage":0,"enemies":"2 Louse","floor":1,"turns":1},{"damage":0,"enemies":"Cultist","floor":3,"turns":1},{"damage":0,"enemies":"Lagavulin","floor":7,"turns":1},{"damage":22,"enemies":"3 Sentries","floor":10,"turns":7},{"damage":0,"enemies":"Small Slimes","floor":12,"turns":2},{"damage":3,"enemies":"Red Slaver","floor":14,"turns":4},{"damage":36,"enemies":"Slime Boss","floor":16,"turns":7},{"damage":48,"enemies":"3 Byrds","floor":18,"turns":8},{"damage":14,"enemies":"Shell Parasite","floor":20,"turns":9},{"damage":38,"enemies":"Gremlin Leader","floor":23,"turns":4}],"seed_played":"-5388352113816400379","potions_obtained":[{"floor":12,"key":"SpeedPotion"},{"floor":14,"key":"AttackPotion"},{"floor":20,"key":"SkillPotion"}],"is_trial":false,"path_per_floor":["M","?","M","$","?","R","E","R","T","E","R","M","R","M","R","B",null,"M","$","M","?","?","E"],"character_chosen":"IRONCLAD","items_purchased":["Good Instincts"],"campfire_rested":0,"item_purchase_floors":[19],"current_hp_per_floor":[74,74,75,75,75,75,75,75,75,59,59,67,67,72,72,44,67,27,27,21,21,36,0],"gold":66,"neow_bonus":"THREE_ENEMY_KILL","is_prod":false,"is_daily":false,"chose_seed":false,"campfire_upgraded":5,"win_rate":0,"timestamp":1548863204,"path_taken":["M","?","?","$","?","R","E","R","T","E","R","M","R","?","R","BOSS","M","$","?","?","?","E"],"build_version":"2019-01-23","purchased_purges":2,"victory":false,"max_hp_per_floor":[75,75,75,75,75,75,75,75,75,75,75,75,75,75,75,75,75,75,75,75,75,75,75],"card_choices":[{"not_picked":["Blood for Blood","Havoc"],"picked":"Armaments","floor":1},{"not_picked":["Sword Boomerang","Thunderclap"],"picked":"Perfected Strike","floor":3},{"not_picked":["Shrug It Off","Seeing Red"],"picked":"Searing Blow","floor":7},{"not_picked":["Ghostly Armor","Dropkick"],"picked":"Brutality+1","floor":10},{"not_picked":["Pummel","Seeing Red"],"picked":"Shrug It Off","floor":12},{"not_picked":["Power Through","Cleave"],"picked":"Inflame+1","floor":14},{"not_picked":["Juggernaut+1","Fiend Fire"],"picked":"Barricade+1","floor":16},{"not_picked":["Warcry","Thunderclap"],"picked":"Shrug It Off","floor":18},{"not_picked":["Heavy Blade","Anger","Clothesline"],"picked":"SKIP","floor":20}],"player_experience":566025,"relics_obtained":[{"floor":7,"key":"Frozen Egg 2"},{"floor":9,"key":"Letter Opener"},{"floor":10,"key":"Blood Vial"}],"event_choices":[{"damage_healed":0,"gold_gain":0,"cards_transformed":["Strike_R"],"player_choice":"Transformed","damage_taken":0,"max_hp_gain":0,"max_hp_loss":0,"event_name":"Transmorgrifier","floor":2,"gold_loss":0,"cards_obtained":["Carnage"]},{"cards_removed":["Perfected Strike"],"damage_healed":0,"gold_gain":0,"player_choice":"Gave Card","damage_taken":0,"relics_obtained":["Anchor"],"max_hp_gain":0,"max_hp_loss":0,"event_name":"WeMeetAgain","floor":5,"gold_loss":0},{"damage_healed":0,"gold_gain":0,"cards_transformed":["Strike_R","Strike_R"],"player_choice":"Became Test Subject","damage_taken":0,"max_hp_gain":0,"max_hp_loss":0,"event_name":"Drug Dealer","floor":21,"gold_loss":0,"cards_obtained":["Clash","Twin Strike"]},{"damage_healed":15,"gold_gain":0,"player_choice":"Heal","damage_taken":0,"max_hp_gain":0,"max_hp_loss":0,"event_name":"The Library","floor":22,"gold_loss":0}],"is_beta":false,"boss_relics":[{"not_picked":["Coffee Dripper","Mark of Pain"],"picked":"Eternal Feather"}],"items_purged_floors":[4,19],"is_endless":false,"potions_floor_spawned":[12,14,20],"killed_by":"Gremlin Leader","ascension_level":18}