{"gold_per_floor":[117,117,97,112,37,37,63,73,73,98,98,19,19,36,36,136,136,147,134,134,59,11,39,39,39,39,39,16,34,44,71,71,169,169,189,189,189],"floor_reached":37,"playtime":1606,"items_purged":["Strike_R"],"score":657,"play_id":"269cecd1-bec5-43b7-8aa9-3dbb349bef3b","local_time":"20190110134504","is_ascension_mode":true,"campfire_choices":[{"data":"Bash","floor":6,"key":"SMITH"},{"data":"Reckless Charge","floor":11,"key":"SMITH"},{"data":"Strike_R","floor":15,"key":"SMITH"},{"floor":25,"key":"REST"},{"data":"Heavy Blade","floor":27,"key":"SMITH"},{"floor":32,"key":"REST"}],"neow_cost":"NONE","seed_source_timestamp":70254877173620,"circlet_count":0,"master_deck":["AscendersBane","Strike_R+1","Strike_R+1","Defend_R+1","Defend_R+1","Defend_R+1","Bash+1","Reckless Charge+1","Power Through+1","True Grit+1","Flame Barrier+1","Spot Weakness+1","Warcry+1","Double Tap+1","Heavy Blade+1","Flame Barrier+1","Feel No Pain+1","True Grit+1","Wild Strike","Heavy Blade","Fiend Fire","Pommel Strike+1"],"relics":["Burning Blood","NeowsBlessing","Toxic Egg 2","Lantern","Pantograph","Philosopher\u0027s Stone","War Paint","PreservedInsect","Red Skull","Fusion Hammer"],"potions_floor_usage":[10,10,16,23,23,30,31,37,37,37],"damage_taken":[{"damage":0,"enemies":"2 Louse","floor":1,"turns":1},{"damage":0,"enemies":"Cultist","floor":4,"turns":1},{"damage":0,"enemies":"Lagavulin","floor":7,"turns":1},{"damage":7,"enemies":"Small Slimes","floor":8,"turns":5},{"damage":35,"enemies":"3 Sentries","floor":10,"turns":19},{"damage":0,"enemies":"Looter","floor":14,"turns":2},{"damage":29,"enemies":"Hexaghost","floor":16,"turns":11},{"damage":17,"enemies":"Spheric Guardian","floor":18,"turns":6},{"damage":12,"enemies":"2 Thieves","floor":19,"turns":4},{"damage":32,"enemies":"Slavers","floor":23,"turns":8},{"damage":6,"enemies":"Cultist and Chosen","floor":29,"turns":9},{"damage":15,"enemies":"Snake Plant","floor":30,"turns":2},{"damage":22,"enemies":"Gremlin Leader","floor":31,"turns":2},{"damage":62,"enemies":"Champ","floor":33,"turns":10},{"damage":4,"enemies":"3 Shapes","floor":35,"turns":12},{"damage":91,"enemies":"2 Orb Walkers","floor":37,"turns":6}],"seed_played":"-2881286844036453838","potions_obtained":[{"floor":3,"key":"Block Potion"},{"floor":7,"key":"Weak Potion"},{"floor":8,"key":"Block Potion"},{"floor":10,"key":"SkillPotion"},{"floor":16,"key":"Ancient Potion"},{"floor":18,"key":"Energy Potion"},{"floor":23,"key":"Dexterity Potion"},{"floor":30,"key":"Swift Potion"},{"floor":33,"key":"Poison Potion"},{"floor":35,"key":"Regen Potion"}],"is_trial":false,"path_per_floor":["M","?","?","M","$","R","E","M","T","E","R","$","?","M","R","B",null,"M","M","?","?","$","E","?","R","T","R","$","M","M","E","R","B",null,"M","?","?"],"character_chosen":"IRONCLAD","items_purchased":["Spot Weakness+1","Strength Potion","True Grit+1"],"campfire_rested":2,"item_purchase_floors":[12,22,28],"current_hp_per_floor":[78,71,71,77,77,77,80,79,79,50,50,50,34,40,40,42,71,60,54,54,54,54,28,28,52,52,52,52,52,43,27,51,20,65,67,67,0],"gold":189,"neow_bonus":"THREE_ENEMY_KILL","is_prod":false,"is_daily":false,"chose_seed":false,"campfire_upgraded":4,"win_rate":0,"timestamp":1547145904,"path_taken":["M","?","?","?","$","R","E","M","T","E","R","$","?","M","R","BOSS","M","M","?","?","$","E","?","R","T","R","$","M","M","E","R","BOSS","M","?","?"],"build_version":"2019-01-03v4","purchased_purges":1,"victory":false,"max_hp_per_floor":[80,80,80,80,80,80,80,80,80,80,80,80,80,80,80,80,80,80,80,80,80,80,80,80,80,80,80,80,80,80,80,80,80,80,80,76,76],"card_choices":[{"not_picked":["Twin Strike","Sword Boomerang","Intimidate"],"picked":"SKIP","floor":1},{"not_picked":["Seeing Red","Cleave"],"picked":"Reckless Charge","floor":4},{"not_picked":["True Grit","Juggernaut"],"picked":"Power Through","floor":7},{"not_picked":["Havoc+1","Inflame"],"picked":"True Grit+1","floor":8},{"not_picked":["Sword Boomerang","Flex+1"],"picked":"Flame Barrier+1","floor":10},{"not_picked":["Sword Boomerang","Heavy Blade"],"picked":"Warcry+1","floor":14},{"not_picked":["Feed","Immolate"],"picked":"Double Tap+1","floor":16},{"not_picked":["Cleave","Ghostly Armor+1"],"picked":"Heavy Blade","floor":18},{"not_picked":["Clothesline","Battle Trance+1"],"picked":"Flame Barrier+1","floor":19},{"not_picked":["Cleave","Shockwave+1"],"picked":"Feel No Pain+1","floor":23},{"not_picked":["Uppercut","Clash+1"],"picked":"Wild Strike","floor":29},{"not_picked":["Flex+1","Battle Trance+1"],"picked":"Heavy Blade","floor":30},{"not_picked":["Sentinel+1","Blood for Blood","Clash"],"picked":"SKIP","floor":31},{"not_picked":["Exhume+1","Berserk"],"picked":"Fiend Fire","floor":33},{"not_picked":["True Grit+1","Body Slam+1"],"picked":"Pommel Strike+1","floor":35}],"player_experience":361837,"relics_obtained":[{"floor":7,"key":"Toxic Egg 2"},{"floor":9,"key":"Lantern"},{"floor":10,"key":"Pantograph"},{"floor":23,"key":"War Paint"},{"floor":26,"key":"PreservedInsect"},{"floor":31,"key":"Red Skull"}],"event_choices":[{"cards_removed":["Strike_R"],"damage_healed":0,"gold_gain":0,"player_choice":"Card Removal","damage_taken":7,"max_hp_gain":0,"max_hp_loss":0,"event_name":"Golden Wing","floor":2,"gold_loss":0},{"damage_healed":0,"gold_gain":0,"player_choice":"Bought 1 Potion","damage_taken":0,"max_hp_gain":0,"max_hp_loss":0,"event_name":"The Woman in Blue","floor":3,"gold_loss":0},{"damage_healed":0,"gold_gain":0,"player_choice":"Entered Light","damage_taken":16,"max_hp_gain":0,"max_hp_loss":0,"event_name":"Shining Light","floor":13,"gold_loss":0,"cards_upgraded":["Defend_R","Strike_R"]},{"damage_healed":0,"gold_gain":0,"player_choice":"Ignored","damage_taken":0,"max_hp_gain":0,"max_hp_loss":0,"event_name":"Vampires","floor":20,"gold_loss":0},{"cards_removed":["Strike_R"],"damage_healed":0,"gold_gain":0,"player_choice":"Gave Gold","damage_taken":0,"max_hp_gain":0,"max_hp_loss":0,"event_name":"Beggar","floor":21,"gold_loss":75},{"cards_removed":["Defend_R"],"damage_healed":0,"gold_gain":0,"player_choice":"Elegance","damage_taken":0,"max_hp_gain":0,"max_hp_loss":0,"event_name":"Back to Basics","floor":24,"gold_loss":0},{"damage_healed":0,"gold_gain":0,"player_choice":"Max HP","damage_taken":0,"max_hp_gain":0,"max_hp_loss":4,"event_name":"Winding Halls","floor":36,"gold_loss":0},{"damage_healed":0,"gold_gain":0,"player_choice":"Fight","damage_taken":0,"max_hp_gain":0,"max_hp_loss":0,"event_name":"Mysterious Sphere","floor":37,"gold_loss":0}],"is_beta":false,"boss_relics":[{"not_picked":["Snecko Eye","White Beast Statue"],"picked":"Philosopher\u0027s Stone"},{"not_picked":["Calling Bell","Coffee Dripper"],"picked":"Fusion Hammer"}],"items_purged_floors":[5],"is_endless":false,"potions_floor_spawned":[7,8,10,16,18,23,30,33,35],"killed_by":"2 Orb Walkers","ascension_level":10}