{"gold_per_floor":[111,125,143,143,157,157,184,203,203,203,216,216,41,54,54,154,154,173,191,191,203,203],"floor_reached":22,"playtime":1254,"items_purged":[],"score":234,"play_id":"fc19573d-eadb-4ca6-b4d9-5967c3b14645","local_time":"20181023134049","is_ascension_mode":true,"campfire_choices":[{"data":"Infinite Blades","floor":6,"key":"SMITH"},{"floor":10,"key":"REST"},{"data":"Neutralize","floor":15,"key":"SMITH"}],"neow_cost":"NONE","seed_source_timestamp":675766890576879,"circlet_count":0,"master_deck":["Defend_G","Defend_G","Defend_G","Defend_G","Defend_G","Strike_G","Strike_G","Strike_G","Strike_G","Strike_G","Survivor","Neutralize+1","Infinite Blades+1","Deflect","Blade Dance","Reflex","Blade Dance","Blade Dance","Corpse Explosion","Parasite","Blade Dance","Dagger Throw","Adrenaline","Prepared","Shame","Concentrate"],"relics":["Ring of the Serpent","Pantograph","Du-Vu Doll","Regal Pillow","Snake Skull","Bag of Preparation"],"potions_floor_usage":[7,16,21,22],"damage_taken":[{"damage":3,"enemies":"Cultist","floor":1,"turns":5},{"damage":0,"enemies":"Small Slimes","floor":2,"turns":3},{"damage":2,"enemies":"2 Louse","floor":3,"turns":4},{"damage":17,"enemies":"Exordium Wildlife","floor":5,"turns":6},{"damage":23,"enemies":"3 Sentries","floor":7,"turns":9},{"damage":20,"enemies":"3 Louse","floor":8,"turns":4},{"damage":23,"enemies":"Exordium Thugs","floor":11,"turns":4},{"damage":6,"enemies":"Blue Slaver","floor":14,"turns":5},{"damage":16,"enemies":"Slime Boss","floor":16,"turns":7},{"damage":14,"enemies":"2 Thieves","floor":18,"turns":3},{"damage":6,"enemies":"3 Byrds","floor":19,"turns":3},{"damage":25,"enemies":"Shelled Parasite and Fungi","floor":21,"turns":4},{"damage":26,"enemies":"Snake Plant","floor":22,"turns":4}],"seed_played":"2252972078986245191","potions_obtained":[{"floor":3,"key":"Poison Potion"},{"floor":7,"key":"SteroidPotion"},{"floor":16,"key":"AttackPotion"},{"floor":21,"key":"Block Potion"}],"is_trial":false,"path_per_floor":["M","M","M","T","M","R","E","M","T","R","M","?","$","M","R","B",null,"M","M","?","M"],"character_chosen":"THE_SILENT","items_purchased":["Snake Skull","Blade Dance"],"campfire_rested":1,"item_purchase_floors":[13,13],"current_hp_per_floor":[74,74,72,72,55,55,32,12,12,50,27,46,46,40,40,49,77,63,57,57,32,6],"gold":203,"neow_bonus":"TEN_PERCENT_HP_BONUS","is_prod":false,"is_daily":false,"chose_seed":false,"campfire_upgraded":2,"win_rate":0,"timestamp":1540316449,"path_taken":["M","M","M","?","M","R","E","M","T","R","M","?","?","M","R","BOSS","M","M","?","M","?"],"build_version":"2018-10-18","purchased_purges":0,"victory":false,"max_hp_per_floor":[77,77,77,77,77,77,77,77,77,77,77,77,77,77,77,77,77,77,77,77,77,77],"card_choices":[{"not_picked":["Dagger Throw","Dagger Spray"],"picked":"Infinite Blades","floor":1},{"not_picked":["Quick Slash","Deadly Poison"],"picked":"Deflect","floor":2},{"not_picked":["Backstab","Footwork"],"picked":"Blade Dance","floor":3},{"not_picked":["Leg Sweep","Eviscerate"],"picked":"Reflex","floor":5},{"not_picked":["Outmaneuver","Deflect"],"picked":"Blade Dance","floor":7},{"not_picked":["Skewer","Setup"],"picked":"Blade Dance","floor":8},{"not_picked":["Leg Sweep","Eviscerate"],"picked":"Corpse Explosion","floor":11},{"not_picked":["Underhanded Strike","Outmaneuver"],"picked":"Dagger Throw","floor":14},{"not_picked":["Doppelganger","Bullet Time"],"picked":"Adrenaline","floor":16},{"not_picked":["Distraction","Poisoned Stab+1"],"picked":"Prepared","floor":18},{"not_picked":["Sucker Punch","Dodge and Roll+1","Predator"],"picked":"SKIP","floor":19},{"not_picked":["Predator+1","Flying Knee"],"picked":"Concentrate","floor":21}],"player_experience":219198,"relics_obtained":[{"floor":4,"key":"Pantograph"},{"floor":7,"key":"Du-Vu Doll"},{"floor":9,"key":"Regal Pillow"}],"event_choices":[{"damage_healed":19,"gold_gain":0,"player_choice":"Healed and dodged fight","damage_taken":0,"max_hp_gain":0,"max_hp_loss":0,"event_name":"Mushrooms","floor":12,"gold_loss":0,"cards_obtained":["Parasite"]},{"damage_healed":0,"gold_gain":0,"player_choice":"Stole Relic","damage_taken":0,"relics_obtained":["Bag of Preparation"],"max_hp_gain":0,"max_hp_loss":0,"event_name":"Addict","floor":20,"gold_loss":0,"cards_obtained":["Shame"]}],"is_beta":false,"boss_relics":[{"not_picked":["Busted Crown","Fusion Hammer"],"picked":"Ring of the Serpent"}],"items_purged_floors":[],"is_endless":false,"potions_floor_spawned":[3,7,16,21],"killed_by":"Snake Plant","ascension_level":2}