{"gold_per_floor":[18,32,32,46,60,60,135,150,150,150,177,177,177,204,204,308,308,321,321,321],"floor_reached":20,"playtime":923,"items_purged":[],"score":237,"play_id":"95b28191-69e8-4ff9-a565-5bf6a20079b8","local_time":"20190304133912","is_ascension_mode":true,"campfire_choices":[{"data":"Neutralize","floor":6,"key":"SMITH"},{"data":"Bane","floor":12,"key":"SMITH"},{"data":"Catalyst","floor":15,"key":"SMITH"}],"neow_cost":"NO_GOLD","seed_source_timestamp":8790381547570,"circlet_count":0,"master_deck":["Defend_G","Defend_G","Defend_G","Defend_G","Defend_G","Strike_G","Survivor","Neutralize+1","Dagger Spray","Envenom+1","Catalyst+1","Well Laid Plans","Backflip","Bane+1","Endless Agony","PiercingWail","Corpse Explosion","Regret","Noxious Fumes+1","Grand Finale+1","Blur+1"],"special_seed":0,"relics":["Ring of the Snake","Ginger","Bottled Tornado","Girya","Astrolabe"],"potions_floor_usage":[5,14,16],"damage_taken":[{"damage":2.0,"enemies":"Cultist","floor":1.0,"turns":4.0},{"damage":1.0,"enemies":"Jaw Worm","floor":2.0,"turns":5.0},{"damage":2.0,"enemies":"Small Slimes","floor":4.0,"turns":3.0},{"damage":2,"enemies":"3 Louse","floor":5,"turns":2},{"damage":0,"enemies":"Gremlin Gang","floor":8,"turns":5},{"damage":17,"enemies":"3 Sentries","floor":11,"turns":7},{"damage":20,"enemies":"Gremlin Nob","floor":14,"turns":4},{"damage":14,"enemies":"Slime Boss","floor":16,"turns":10},{"damage":20,"enemies":"Shell Parasite","floor":18,"turns":4},{"damage":36,"enemies":"3 Byrds","floor":20,"turns":2}],"seed_played":"3224512194310264418","potions_obtained":[{"floor":2.0,"key":"FearPotion"},{"floor":4.0,"key":"GhostInAJar"},{"floor":5,"key":"SpeedPotion"},{"floor":11,"key":"Regen Potion"},{"floor":16,"key":"EssenceOfSteel"},{"floor":18,"key":"SpeedPotion"}],"is_trial":false,"path_per_floor":["M","M","?","M","M","R","?","M","T","?","E","R","?","E","R","B",null,"M","?","M"],"character_chosen":"THE_SILENT","items_purchased":[],"campfire_rested":0,"item_purchase_floors":[],"current_hp_per_floor":[61,60,60,58,56,56,45,45,45,62,45,45,45,37,37,23,56,36,36,0],"gold":321,"neow_bonus":"TRANSFORM_TWO_CARDS","is_prod":false,"is_daily":false,"chose_seed":false,"campfire_upgraded":3,"win_rate":0,"timestamp":1551674352,"path_taken":["M","M","?","?","M","R","?","M","T","?","E","R","?","E","R","BOSS","M","?","?"],"build_version":"2019-01-23","purchased_purges":0,"victory":false,"max_hp_per_floor":[70,70,70,70,70,70,70,70,70,70,70,70,70,70,70,70,67,67,67,67],"card_choices":[{"not_picked":["Slice","Expertise"],"picked":"Catalyst","floor":1.0},{"not_picked":["Backflip","Prepared"],"picked":"Well Laid Plans","floor":2.0},{"not_picked":["Outmaneuver","Reflex"],"picked":"Backflip","floor":4.0},{"not_picked":["Escape Plan","Finisher"],"picked":"Bane","floor":5},{"not_picked":["Skewer","Bane"],"picked":"Endless Agony","floor":8},{"not_picked":["Underhanded Strike","Doppelganger"],"picked":"PiercingWail","floor":11},{"not_picked":["Blade Dance","Doppelganger","Eviscerate"],"picked":"SKIP","floor":14},{"not_picked":["Night Terror","Storm of Steel"],"picked":"Corpse Explosion","floor":16},{"not_picked":["Blade Dance","Eviscerate+1"],"picked":"Blur","floor":18}],"player_experience":377029,"relics_obtained":[{"floor":9,"key":"Ginger"},{"floor":11,"key":"Bottled Tornado"},{"floor":14,"key":"Girya"}],"event_choices":[{"damage_healed":0.0,"max_hp_gain":0.0,"max_hp_loss":0.0,"gold_gain":0.0,"event_name":"Upgrade Shrine","player_choice":"Upgraded","floor":3.0,"gold_loss":0.0,"damage_taken":0.0,"cards_upgraded":["Envenom"]},{"damage_healed":0,"gold_gain":75,"player_choice":"Gather Gold","damage_taken":11,"max_hp_gain":0,"max_hp_loss":0,"event_name":"World of Goop","floor":7,"gold_loss":0},{"damage_healed":17,"gold_gain":0,"player_choice":"Healed and dodged fight","damage_taken":0,"max_hp_gain":0,"max_hp_loss":0,"event_name":"Mushrooms","floor":10,"gold_loss":0,"cards_obtained":["Parasite"]},{"damage_healed":0,"gold_gain":0,"player_choice":"Ignored","damage_taken":0,"max_hp_gain":0,"max_hp_loss":0,"event_name":"Liars Game","floor":13,"gold_loss":0},{"damage_healed":0,"gold_gain":0,"player_choice":"Upgraded","damage_taken":0,"max_hp_gain":0,"max_hp_loss":0,"event_name":"Upgrade Shrine","floor":19,"gold_loss":0,"cards_upgraded":["Blur"]}],"is_beta":false,"boss_relics":[{"not_picked":["White Beast Statue","Empty Cage"],"picked":"Astrolabe"}],"items_purged_floors":[],"is_endless":false,"potions_floor_spawned":[2,4,5,11,16,18],"killed_by":"3 Byrds","ascension_level":6}