{"gold_per_floor":[119,194,32,32,52,79,79,56,81,81,81,100,100,119,119,222,222,241,36,36,49,49,49,49],"floor_reached":24,"playtime":1218,"items_purged":[],"score":326,"play_id":"c3bdb5a1-a529-4c5a-8adc-baece3a6275a","local_time":"20190216000620","is_ascension_mode":true,"campfire_choices":[{"data":"Apotheosis","floor":7,"key":"SMITH"},{"data":"Zap","floor":11,"key":"SMITH"},{"data":"Dualcast","floor":13,"key":"SMITH"},{"data":"Go for the Eyes","floor":15,"key":"SMITH"},{"floor":23,"key":"REST"}],"neow_cost":"NONE","seed_source_timestamp":187057833630404,"circlet_count":0,"master_deck":["AscendersBane","Strike_B","Strike_B","Defend_B","Defend_B","Defend_B","Defend_B","Zap+1","Dualcast+1","Apotheosis+1","Cold Snap","Coolheaded","Go for the Eyes+1","Seek"],"relics":["Cracked Core","NeowsBlessing","Orichalcum","Smiling Mask","Sozu","Medical Kit"],"potions_floor_usage":[],"damage_taken":[{"damage":0,"enemies":"Small Slimes","floor":1,"turns":1},{"damage":0,"enemies":"Cultist","floor":5,"turns":1},{"damage":0,"enemies":"3 Sentries","floor":6,"turns":2},{"damage":1,"enemies":"2 Louse","floor":12,"turns":3},{"damage":3,"enemies":"Gremlin Gang","floor":14,"turns":4},{"damage":36,"enemies":"Hexaghost","floor":16,"turns":15},{"damage":1,"enemies":"Spheric Guardian","floor":18,"turns":4},{"damage":12,"enemies":"2 Thieves","floor":21,"turns":4},{"damage":81,"enemies":"Gremlin Leader","floor":24,"turns":10}],"seed_played":"2518142181586204138","potions_obtained":[{"floor":5,"key":"Fire Potion"}],"is_trial":false,"path_per_floor":["M","?","$","?","M","E","R","$","T","$","R","M","R","M","R","B",null,"M","$","?","M","?","R","E"],"character_chosen":"DEFECT","items_purchased":["Apotheosis","Coolheaded","Medical Kit"],"campfire_rested":1,"item_purchase_floors":[3,8,19],"current_hp_per_floor":[68,57,57,57,57,57,57,57,57,57,57,56,56,53,53,17,61,60,60,60,48,48,70,0],"gold":49,"neow_bonus":"THREE_ENEMY_KILL","is_prod":false,"is_daily":false,"chose_seed":false,"campfire_upgraded":4,"win_rate":0,"timestamp":1550304380,"path_taken":["M","?","$","?","?","E","R","$","T","?","R","M","R","M","R","BOSS","M","$","?","M","?","R","E"],"build_version":"2019-01-23","purchased_purges":0,"victory":false,"max_hp_per_floor":[75,75,75,75,75,75,75,75,75,75,75,75,75,75,75,75,75,75,75,75,75,75,75,75],"card_choices":[{"not_picked":["Rebound","Barrage","Streamline"],"picked":"SKIP","floor":1},{"not_picked":["Beam Cell","Ball Lightning"],"picked":"Cold Snap","floor":5},{"not_picked":["Streamline","Beam Cell","Stack"],"picked":"SKIP","floor":6},{"not_picked":["Storm","Double Energy"],"picked":"Go for the Eyes","floor":12},{"not_picked":["Fission","Double Energy","Go for the Eyes"],"picked":"SKIP","floor":14},{"not_picked":["Electrodynamics","Multi-Cast"],"picked":"Seek","floor":16},{"not_picked":["Streamline","Hologram","Leap"],"picked":"SKIP","floor":18},{"not_picked":["Leap+1","Sweeping Beam+1","Gash"],"picked":"SKIP","floor":21}],"player_experience":390677,"relics_obtained":[{"floor":6,"key":"Orichalcum"},{"floor":9,"key":"Smiling Mask"}],"event_choices":[{"damage_healed":0,"gold_gain":75,"player_choice":"Gather Gold","damage_taken":11,"max_hp_gain":0,"max_hp_loss":0,"event_name":"World of Goop","floor":2,"gold_loss":0},{"cards_removed":["Strike_B"],"damage_healed":0,"gold_gain":0,"player_choice":"Purged","damage_taken":0,"max_hp_gain":0,"max_hp_loss":0,"event_name":"Purifier","floor":4,"gold_loss":0},{"damage_healed":0,"gold_gain":0,"player_choice":"Ignored","damage_taken":0,"max_hp_gain":0,"max_hp_loss":0,"event_name":"Ghosts","floor":20,"gold_loss":0},{"cards_removed":["Strike_B"],"damage_healed":0,"gold_gain":0,"player_choice":"Offered Basic","damage_taken":0,"max_hp_gain":0,"max_hp_loss":0,"event_name":"Bonfire Elementals","floor":22,"gold_loss":0}],"is_beta":false,"boss_relics":[{"not_picked":["Orrery","Eternal Feather"],"picked":"Sozu"}],"items_purged_floors":[],"is_endless":false,"potions_floor_spawned":[5,18],"killed_by":"Gremlin Leader","ascension_level":10}