{"gold_per_floor":[366,366,384,90,107,139,139,139,193,13,30,56,56,56,56,135,135,152,20,31,31,31,31,47,47,116,151,151,162,179,179,179,250,250,266,266],"floor_reached":36,"playtime":2163,"items_purged":["Pain","Pain"],"score":644,"play_id":"41ccf268-9fa7-47bb-bf55-12bd9c233c04","local_time":"20190223222644","is_ascension_mode":true,"campfire_choices":[{"floor":7.0,"key":"REST"},{"data":"Defragment","floor":13.0,"key":"SMITH"},{"data":"Zap","floor":15.0,"key":"SMITH"},{"data":"Dualcast","floor":23.0,"key":"SMITH"},{"floor":25,"key":"REST"},{"floor":28,"key":"REST"},{"floor":32,"key":"REST"}],"neow_cost":"CURSE","seed_source_timestamp":0,"circlet_count":0,"master_deck":["AscendersBane","Strike_B","Strike_B","Strike_B","Strike_B","Defend_B","Defend_B","Defend_B","Defend_B","Zap+1","Dualcast+1","Conserve Battery","Defragment+1","Conserve Battery","Cold Snap","Undo","Sunder","Buffer","Go for the Eyes","Echo Form"],"special_seed":0,"relics":["Cracked Core","Membership Card","Regal Pillow","WarpedTongs","DataDisk","Pantograph","Emotion Chip","Toxic Egg 2","Philosopher\u0027s Stone","OrangePellets","Darkstone Periapt","Potion Belt","Snecko Eye"],"potions_floor_usage":[33,33,33,36],"damage_taken":[{"damage":5.0,"enemies":"Cultist","floor":1.0,"turns":3.0},{"damage":8.0,"enemies":"Small Slimes","floor":3.0,"turns":3.0},{"damage":2.0,"enemies":"Jaw Worm","floor":5.0,"turns":3.0},{"damage":22.0,"enemies":"Lagavulin","floor":6.0,"turns":9.0},{"damage":0.0,"enemies":"2 Fungi Beasts","floor":11.0,"turns":3.0},{"damage":2.0,"enemies":"3 Sentries","floor":12.0,"turns":8.0},{"damage":8.0,"enemies":"Slime Boss","floor":16.0,"turns":10.0},{"damage":27.0,"enemies":"3 Byrds","floor":18.0,"turns":3.0},{"damage":0.0,"enemies":"Spheric Guardian","floor":20.0,"turns":3.0},{"damage":38,"enemies":"Snake Plant","floor":24,"turns":5},{"damage":41,"enemies":"Gremlin Leader","floor":27,"turns":8},{"damage":9,"enemies":"Snecko","floor":29,"turns":5},{"damage":13,"enemies":"Chosen and Byrds","floor":30,"turns":6},{"damage":30,"enemies":"Collector","floor":33,"turns":18},{"damage":65,"enemies":"3 Darklings","floor":35,"turns":9},{"damage":19,"enemies":"3 Shapes","floor":36,"turns":1}],"seed_played":"-6183203821232966532","potions_obtained":[{"floor":1.0,"key":"LiquidBronze"},{"floor":3.0,"key":"EssenceOfSteel"},{"floor":16.0,"key":"Fire Potion"},{"floor":24,"key":"Ancient Potion"},{"floor":27,"key":"PowerPotion"},{"floor":31,"key":"FocusPotion"},{"floor":31,"key":"Weak Potion"},{"floor":35,"key":"Regen Potion"}],"is_trial":false,"path_per_floor":["M","?","M","$","M","E","R","?","T","$","M","E","R","T","R","B",null,"M","$","M","?","?","R","M","R","T","E","R","M","M","?","R","B",null,"M","M"],"character_chosen":"DEFECT","items_purchased":["Membership Card","Defragment","Conserve Battery","Pantograph","OrangePellets","Regen Potion"],"campfire_rested":4,"item_purchase_floors":[4,4,4,10,19,19],"current_hp_per_floor":[63,56,48,48,46,24,61,61,61,61,61,59,59,59,59,67,73,46,46,55,41,41,41,3,42,42,1,40,31,18,18,57,50,73,8,0],"gold":266,"neow_bonus":"TWO_FIFTY_GOLD","is_prod":false,"is_daily":false,"chose_seed":false,"campfire_upgraded":3,"win_rate":0,"timestamp":1550989604,"path_taken":["M","?","?","$","M","E","R","?","T","$","?","E","R","?","R","BOSS","M","$","M","?","?","R","M","R","T","E","R","M","?","?","R","BOSS","M","?"],"build_version":"2019-01-23","purchased_purges":2,"victory":false,"max_hp_per_floor":[75,75,75,75,75,75,75,75,75,75,75,75,75,75,75,75,75,75,75,75,80,80,80,80,80,80,80,80,80,80,80,80,80,80,80,80],"card_choices":[{"not_picked":["Streamline","Recycle","Skim"],"picked":"SKIP","floor":1.0},{"not_picked":["Coolheaded","Beam Cell"],"picked":"Conserve Battery","floor":3.0},{"not_picked":["Fusion","Compile Driver"],"picked":"Cold Snap","floor":5.0},{"not_picked":["Hologram","Streamline","Compile Driver"],"picked":"SKIP","floor":6.0},{"not_picked":["Recycle","Streamline"],"picked":"Undo","floor":11.0},{"not_picked":["Undo","Leap"],"picked":"Sunder","floor":12.0},{"not_picked":["Thunder Strike","Machine Learning"],"picked":"Buffer","floor":16.0},{"not_picked":["Steam Power+1","Skim+1","Steam+1"],"picked":"SKIP","floor":18.0},{"not_picked":["Cold Snap","Hologram+1","Conserve Battery+1"],"picked":"SKIP","floor":20.0},{"not_picked":["Rebound","Recycle+1","Beam Cell"],"picked":"SKIP","floor":24},{"not_picked":["Steam+1","Chaos+1","Meteor Strike"],"picked":"SKIP","floor":27},{"not_picked":["Streamline","Doom and Gloom"],"picked":"Go for the Eyes","floor":29},{"not_picked":["Hello World","Reinforced Body+1","Hologram+1"],"picked":"SKIP","floor":30},{"not_picked":["Fission+1","Rainbow+1"],"picked":"Echo Form","floor":33},{"not_picked":["Rebound","Redo+1","Fusion+1"],"picked":"SKIP","floor":35}],"player_experience":485168,"relics_obtained":[{"floor":6.0,"key":"Regal Pillow"},{"floor":9.0,"key":"DataDisk"},{"floor":12.0,"key":"Emotion Chip"},{"floor":14.0,"key":"Toxic Egg 2"},{"floor":26,"key":"Darkstone Periapt"},{"floor":27,"key":"Potion Belt"}],"event_choices":[{"damage_healed":0.0,"max_hp_gain":0.0,"max_hp_loss":0.0,"gold_gain":0.0,"event_name":"Wheel of Change","player_choice":"Damaged","floor":2.0,"gold_loss":0.0,"damage_taken":7.0},{"damage_healed":0.0,"max_hp_gain":0.0,"max_hp_loss":0.0,"gold_gain":0.0,"event_name":"Accursed Blacksmith","player_choice":"Rummage","floor":8.0,"gold_loss":0.0,"damage_taken":0.0,"relics_obtained":["WarpedTongs"],"cards_obtained":["Pain"]},{"damage_healed":0.0,"max_hp_gain":5.0,"max_hp_loss":0.0,"gold_gain":0.0,"event_name":"Forgotten Altar","player_choice":"Shed Blood","floor":21.0,"gold_loss":0.0,"damage_taken":19.0},{"damage_healed":0.0,"max_hp_gain":0.0,"max_hp_loss":0.0,"gold_gain":0.0,"event_name":"WeMeetAgain","player_choice":"Ignored","floor":22.0,"gold_loss":0.0,"damage_taken":0.0},{"damage_healed":0,"gold_gain":0,"player_choice":"Got Potions","damage_taken":0,"max_hp_gain":0,"max_hp_loss":0,"event_name":"Lab","floor":31,"gold_loss":0}],"is_beta":false,"boss_relics":[{"not_picked":["Runic Pyramid","White Beast Statue"],"picked":"Philosopher\u0027s Stone"},{"not_picked":["Cursed Key","Tiny House"],"picked":"Snecko Eye"}],"items_purged_floors":[4,10],"is_endless":false,"potions_floor_spawned":[1,3,16,24,27,35],"killed_by":"3 Shapes","ascension_level":13}