{"gold_per_floor":[116,116,116,41,41,41,61,78,78,106,106,124,124,141,141,242,242,242],"floor_reached":18,"playtime":894,"items_purged":["Doubt"],"score":200,"play_id":"bebf1a7b-7da2-4780-8a77-c8482a2b19fc","local_time":"20190210152524","is_ascension_mode":true,"campfire_choices":[{"data":"Zap","floor":6.0,"key":"SMITH"},{"floor":11,"key":"REST"},{"data":"Dualcast","floor":13,"key":"SMITH"},{"data":"Reinforced Body","floor":15,"key":"SMITH"}],"neow_cost":"CURSE","seed_source_timestamp":64205581084771,"circlet_count":0,"master_deck":["Strike_B+1","Strike_B+1","Strike_B","Strike_B","Defend_B","Defend_B","Defend_B","Defend_B","Zap+1","Dualcast+1","Coolheaded","Cold Snap","Reinforced Body+1","Electrodynamics"],"special_seed":0,"relics":["Cracked Core","Ice Cream","Boot","Gambling Chip","Blood Vial","Snecko Eye"],"potions_floor_usage":[16,16],"damage_taken":[{"damage":7.0,"enemies":"2 Louse","floor":1.0,"turns":3.0},{"damage":0.0,"enemies":"Jaw Worm","floor":7.0,"turns":3.0},{"damage":0.0,"enemies":"Small Slimes","floor":8.0,"turns":2.0},{"damage":31,"enemies":"Gremlin Nob","floor":10,"turns":4},{"damage":7,"enemies":"Exordium Wildlife","floor":12,"turns":6},{"damage":6,"enemies":"3 Louse","floor":14,"turns":3},{"damage":26,"enemies":"Slime Boss","floor":16,"turns":11},{"damage":39,"enemies":"Shell Parasite","floor":18,"turns":9}],"seed_played":"-4240804695925054738","potions_obtained":[{"floor":8,"key":"SteroidPotion"},{"floor":10,"key":"PowerPotion"},{"floor":14,"key":"Explosive Potion"}],"is_trial":false,"path_per_floor":["M","?","?","$","?","R","M","M","T","E","R","M","R","M","R","B",null,"M"],"character_chosen":"DEFECT","items_purchased":[],"campfire_rested":1,"item_purchase_floors":[],"current_hp_per_floor":[68,68,61,61,46,46,46,46,46,15,37,32,32,28,28,4,57,20],"gold":242,"neow_bonus":"ONE_RARE_RELIC","is_prod":false,"is_daily":false,"chose_seed":false,"campfire_upgraded":3,"win_rate":0,"timestamp":1549841124,"path_taken":["M","?","?","$","?","R","M","M","T","E","R","M","R","?","R","BOSS","M"],"build_version":"2019-01-23","purchased_purges":1,"victory":false,"max_hp_per_floor":[75,75,75,75,75,75,75,75,75,75,75,75,75,75,75,75,75,75],"card_choices":[{"not_picked":["Tempest","Hologram","Redo"],"picked":"SKIP","floor":1.0},{"not_picked":["Hologram","Gash","Compile Driver"],"picked":"SKIP","floor":7.0},{"not_picked":["Ball Lightning","Chaos"],"picked":"Coolheaded","floor":8},{"not_picked":["BootSequence","Rebound","Compile Driver"],"picked":"SKIP","floor":10},{"not_picked":["Recycle","Conserve Battery"],"picked":"Cold Snap","floor":12},{"not_picked":["Fusion","Sunder"],"picked":"Reinforced Body","floor":14},{"not_picked":["Thunder Strike","Hyperbeam"],"picked":"Electrodynamics","floor":16}],"player_experience":327709,"relics_obtained":[{"floor":9,"key":"Gambling Chip"},{"floor":10,"key":"Blood Vial"}],"event_choices":[{"damage_healed":0.0,"max_hp_gain":0.0,"max_hp_loss":0.0,"gold_gain":0.0,"event_name":"Big Fish","player_choice":"Box","floor":2.0,"gold_loss":0.0,"damage_taken":0.0,"relics_obtained":["Boot"],"cards_obtained":["Regret"]},{"cards_removed":["Regret"],"damage_healed":0.0,"max_hp_gain":0.0,"max_hp_loss":0.0,"gold_gain":0.0,"event_name":"Golden Wing","player_choice":"Card Removal","floor":3.0,"gold_loss":0.0,"damage_taken":7.0},{"damage_healed":0.0,"max_hp_gain":0.0,"max_hp_loss":0.0,"gold_gain":0.0,"event_name":"Shining Light","player_choice":"Entered Light","floor":5.0,"gold_loss":0.0,"damage_taken":15.0,"cards_upgraded":["Strike_B","Strike_B"]}],"is_beta":false,"boss_relics":[{"not_picked":["Nuclear Battery","Calling Bell"],"picked":"Snecko Eye"}],"items_purged_floors":[4],"is_endless":false,"potions_floor_spawned":[8,10,14],"killed_by":"Shell Parasite","ascension_level":5}