{"gold_per_floor":[109,184,184,136,136,136,146,146,146,173,173,173,192,211,211,312,312,299,279,292,15,35,35,51,70,95,95,95,108,122,21,21,126,126,140,15,15,15,25,25,38,38,38,73,73,126,126,145,145,145],"floor_reached":51,"playtime":2389,"items_purged":[],"score":925,"play_id":"605144ec-1b51-4489-8a91-c2e9bb2372de","local_time":"20181202111616","is_ascension_mode":true,"campfire_choices":[{"data":"Body Slam","floor":6,"key":"SMITH"},{"data":"Ghostly Armor","floor":8,"key":"SMITH"},{"data":"Offering","floor":11,"key":"SMITH"},{"data":"Carnage","floor":15,"key":"SMITH"},{"floor":23,"key":"REST"},{"data":"Clothesline","floor":28,"key":"SMITH"},{"floor":32,"key":"REST"},{"floor":40,"key":"REST"},{"data":"Barricade","floor":42,"key":"SMITH"},{"data":"Body Slam","floor":47,"key":"SMITH"},{"data":"Immolate","floor":49,"key":"SMITH"}],"neow_cost":"NONE","seed_source_timestamp":141171035078256,"circlet_count":0,"master_deck":["Strike_R","Strike_R","Strike_R","Strike_R","Defend_R","Defend_R","Defend_R","Defend_R","Bash+1","Ghostly Armor+1","Body Slam+1","Offering+1","Carnage+1","Barricade+1","Immolate+1","Clothesline+1","Disarm","Seeing Red+1","Corruption+1","Impervious","Body Slam+1","Juggernaut","Finesse","Blind","Thinking Ahead","Madness","Madness","True Grit+1","Havoc+1","Shrug It Off+1"],"relics":["Black Blood","NeowsBlessing","Regal Pillow","Matryoshka","Membership Card","Smiling Mask","Juzu Bracelet","PreservedInsect","Dead Branch","Philosopher\u0027s Stone","Bottled Tornado","Shuriken","The Courier","Charon\u0027s Ashes"],"potions_floor_usage":[20,24,30,50,50],"damage_taken":[{"damage":0,"enemies":"Jaw Worm","floor":1,"turns":1},{"damage":0,"enemies":"Small Slimes","floor":7,"turns":1},{"damage":0,"enemies":"3 Sentries","floor":10,"turns":2},{"damage":6,"enemies":"Cultist","floor":13,"turns":2},{"damage":15,"enemies":"Large Slime","floor":14,"turns":6},{"damage":40,"enemies":"The Guardian","floor":16,"turns":9},{"damage":21,"enemies":"2 Thieves","floor":18,"turns":4},{"damage":41,"enemies":"3 Byrds","floor":20,"turns":8},{"damage":19,"enemies":"Shelled Parasite and Fungi","floor":22,"turns":6},{"damage":11,"enemies":"Chosen and Byrds","floor":24,"turns":5},{"damage":26,"enemies":"Snecko","floor":25,"turns":5},{"damage":9,"enemies":"Shelled Parasite and Fungi","floor":29,"turns":2},{"damage":29,"enemies":"Centurion and Healer","floor":30,"turns":4},{"damage":70,"enemies":"Champ","floor":33,"turns":11},{"damage":18,"enemies":"Orb Walker","floor":35,"turns":2},{"damage":13,"enemies":"3 Darklings","floor":39,"turns":2},{"damage":6,"enemies":"Maw","floor":41,"turns":5},{"damage":6,"enemies":"Giant Head","floor":44,"turns":1},{"damage":1,"enemies":"2 Orb Walkers","floor":46,"turns":3},{"damage":6,"enemies":"Jaw Worm Horde","floor":48,"turns":1},{"damage":14,"enemies":"Donu and Deca","floor":50,"turns":4}],"seed_played":"-4560771563043429338","potions_obtained":[{"floor":7,"key":"BloodPotion"},{"floor":13,"key":"SpeedPotion"},{"floor":19,"key":"EssenceOfSteel"},{"floor":20,"key":"GamblersBrew"},{"floor":25,"key":"Explosive Potion"},{"floor":29,"key":"Fire Potion"},{"floor":39,"key":"FearPotion"},{"floor":44,"key":"Block Potion"}],"is_trial":false,"path_per_floor":["M","?","?","$","?","R","M","R","T","E","R","?","M","M","R","B",null,"M","?","M","$","M","R","M","M","T","T","R","M","M","$","R","B",null,"M","$","?","?","M","R","M","R","T","E","?","?","R","M","R","B",null],"character_chosen":"IRONCLAD","items_purchased":["Body Slam","Membership Card","Immolate","Impervious","Body Slam","Bottled Tornado"],"campfire_rested":3,"item_purchase_floors":[4,21,21,31,31,36],"current_hp_per_floor":[80,69,69,69,69,69,75,75,75,80,80,85,85,76,76,42,74,63,63,40,40,31,71,70,54,54,54,54,55,36,36,76,16,68,60,60,50,39,36,76,80,80,80,84,84,85,85,85,85,81],"gold":145,"neow_bonus":"THREE_ENEMY_KILL","is_prod":false,"is_daily":false,"chose_seed":false,"campfire_upgraded":8,"win_rate":0,"timestamp":1543767376,"path_taken":["M","?","?","$","?","R","?","R","T","E","R","?","M","M","R","BOSS","M","?","M","$","M","R","M","?","T","?","R","M","M","$","R","BOSS","M","$","?","?","M","R","M","R","T","E","?","?","R","M","R","BOSS"],"build_version":"2018-11-15","purchased_purges":0,"victory":true,"max_hp_per_floor":[80,80,80,80,80,80,80,80,80,80,80,85,85,85,85,85,85,85,85,85,85,85,85,85,85,85,85,85,85,85,85,85,85,85,85,85,85,85,85,85,85,85,85,85,85,85,85,85,85,85],"card_choices":[{"not_picked":["Armaments","Thunderclap"],"picked":"Ghostly Armor","floor":1},{"not_picked":["Wild Strike","Anger","Fire Breathing"],"picked":"SKIP","floor":7},{"not_picked":["Iron Wave","Sever Soul"],"picked":"Offering","floor":10},{"not_picked":["Iron Wave","Flex"],"picked":"Shrug It Off","floor":13},{"not_picked":["Headbutt","Clash"],"picked":"Carnage","floor":14},{"not_picked":["Fiend Fire","Impervious"],"picked":"Barricade","floor":16},{"not_picked":["True Grit","Headbutt+1","Havoc"],"picked":"SKIP","floor":18},{"not_picked":["Thunderclap","Infernal Blade+1","Sword Boomerang"],"picked":"SKIP","floor":20},{"not_picked":["Thunderclap+1","Dual Wield+1"],"picked":"Clothesline","floor":22},{"not_picked":["Pummel+1","Warcry+1"],"picked":"Disarm","floor":24},{"not_picked":["Reckless Charge","Anger+1","Thunderclap+1"],"picked":"SKIP","floor":25},{"not_picked":["Heavy Blade+1","Perfected Strike+1"],"picked":"Seeing Red+1","floor":29},{"not_picked":["Searing Blow","Warcry"],"picked":"Corruption+1","floor":30},{"not_picked":["Barricade","Double Tap"],"picked":"Juggernaut","floor":33},{"not_picked":["Heavy Blade+1","Rampage","Perfected Strike+1"],"picked":"SKIP","floor":35},{"not_picked":["Sadistic Nature","Swift Strike"],"picked":"Finesse","floor":37},{"not_picked":["Madness","Forethought"],"picked":"Blind","floor":37},{"not_picked":["Dark Shackles","Secret Weapon"],"picked":"Thinking Ahead","floor":37},{"not_picked":["Clash+1","Rampage"],"picked":"True Grit+1","floor":39},{"not_picked":["Clothesline","Pommel Strike+1"],"picked":"Havoc+1","floor":41},{"not_picked":["Cleave+1","Flex+1","Sword Boomerang"],"picked":"SKIP","floor":44},{"not_picked":["Iron Wave+1","Headbutt+1"],"picked":"Shrug It Off+1","floor":46},{"not_picked":["Heavy Blade","Armaments","Clash+1"],"picked":"SKIP","floor":48}],"player_experience":273050,"relics_obtained":[{"floor":9,"key":"Regal Pillow"},{"floor":10,"key":"Matryoshka"},{"floor":26,"key":"Smiling Mask"},{"floor":26,"key":"Juzu Bracelet"},{"floor":27,"key":"PreservedInsect"},{"floor":27,"key":"Dead Branch"},{"floor":43,"key":"Shuriken"},{"floor":44,"key":"The Courier"},{"floor":46,"key":"Charon\u0027s Ashes"}],"event_choices":[{"damage_healed":0,"gold_gain":75,"player_choice":"Gather Gold","damage_taken":11,"max_hp_gain":0,"max_hp_loss":0,"event_name":"World of Goop","floor":2,"gold_loss":0},{"damage_healed":0,"gold_gain":0,"player_choice":"Grow","damage_taken":0,"max_hp_gain":0,"max_hp_loss":0,"event_name":"Living Wall","floor":3,"gold_loss":0,"cards_upgraded":["Bash"]},{"cards_removed":["Strike_R"],"damage_healed":0,"gold_gain":0,"player_choice":"Card Removal","damage_taken":0,"max_hp_gain":0,"max_hp_loss":0,"event_name":"Wheel of Change","floor":5,"gold_loss":0},{"damage_healed":0,"gold_gain":0,"player_choice":"Donut","damage_taken":0,"max_hp_gain":5,"max_hp_loss":0,"event_name":"Big Fish","floor":12,"gold_loss":0},{"damage_healed":0,"gold_gain":0,"player_choice":"Bought 1 Potion","damage_taken":0,"max_hp_gain":0,"max_hp_loss":0,"event_name":"The Woman in Blue","floor":19,"gold_loss":0},{"damage_healed":0,"gold_gain":0,"player_choice":"Memory 3","damage_taken":10,"max_hp_gain":0,"max_hp_loss":0,"event_name":"SensoryStone","floor":37,"gold_loss":0},{"damage_healed":0,"gold_gain":0,"player_choice":"Embrace Madness","damage_taken":11,"max_hp_gain":0,"max_hp_loss":0,"event_name":"Winding Halls","floor":38,"gold_loss":0,"cards_obtained":["Madness","Madness"]},{"cards_removed":["Shrug It Off"],"damage_healed":0,"gold_gain":0,"player_choice":"Card Removal","damage_taken":0,"max_hp_gain":0,"max_hp_loss":0,"event_name":"Wheel of Change","floor":45,"gold_loss":0},{"damage_healed":0,"gold_gain":0,"player_choice":"Fight","damage_taken":0,"max_hp_gain":0,"max_hp_loss":0,"event_name":"Mysterious Sphere","floor":46,"gold_loss":0}],"is_beta":false,"boss_relics":[{"not_picked":["Lizard Tail","Runic Pyramid"],"picked":"Black Blood"},{"not_picked":["Coffee Dripper","Velvet Choker"],"picked":"Philosopher\u0027s Stone"}],"items_purged_floors":[],"is_endless":false,"potions_floor_spawned":[7,13,20,25,29,39,44],"ascension_level":5}