{"gold_per_floor":[119,194,194,194,194,194,227,227,251,269,296,316,330,365,365,365],"floor_reached":16,"playtime":524,"items_purged":[],"score":175,"play_id":"ef0c2dab-1d62-4d73-998d-d1f2426555f9","local_time":"20190110005253","is_ascension_mode":true,"campfire_choices":[{"data":"Neutralize","floor":6,"key":"SMITH"},{"data":"Cloak And Dagger","floor":8,"key":"SMITH"},{"data":"Cloak And Dagger","floor":15,"key":"SMITH"}],"neow_cost":"NONE","seed_source_timestamp":52637879446976,"circlet_count":0,"master_deck":["Defend_G","Defend_G","Defend_G","Defend_G","Defend_G","Strike_G","Strike_G","Strike_G","Strike_G","Strike_G","Survivor","Neutralize+1","Cloak And Dagger+1","Backflip","PiercingWail","Deflect","Blur","Cloak And Dagger+1"],"relics":["Ring of the Snake","NeowsBlessing","Pear","Bag of Marbles","Mercury Hourglass","Art of War"],"potions_floor_usage":[16,16],"damage_taken":[{"damage":0,"enemies":"2 Louse","floor":1,"turns":1},{"damage":0,"enemies":"Lagavulin","floor":7,"turns":1},{"damage":0,"enemies":"Small Slimes","floor":10,"turns":1},{"damage":19,"enemies":"3 Sentries","floor":11,"turns":12},{"damage":0,"enemies":"Cultist","floor":12,"turns":3},{"damage":1,"enemies":"Blue Slaver","floor":13,"turns":3},{"damage":16,"enemies":"Gremlin Nob","floor":14,"turns":4},{"damage":60,"enemies":"Hexaghost","floor":16,"turns":18}],"seed_played":"-6851899233229165734","potions_obtained":[{"floor":1,"key":"Swift Potion"},{"floor":7,"key":"EssenceOfSteel"},{"floor":10,"key":"Block Potion"},{"floor":11,"key":"FairyPotion"}],"is_trial":false,"path_per_floor":["M","?","?","?","?","R","E","R","T","M","E","M","M","E","R","B"],"character_chosen":"THE_SILENT","items_purchased":[],"campfire_rested":0,"item_purchase_floors":[],"current_hp_per_floor":[70,59,64,64,75,75,85,85,85,85,66,66,65,49,49,0],"gold":365,"neow_bonus":"THREE_ENEMY_KILL","is_prod":false,"is_daily":false,"chose_seed":false,"campfire_upgraded":3,"win_rate":0,"timestamp":1547049173,"path_taken":["M","?","?","?","?","R","E","R","T","?","E","M","M","E","R","BOSS"],"build_version":"2019-01-03v4","purchased_purges":0,"victory":false,"max_hp_per_floor":[70,70,75,75,75,75,85,85,85,85,85,85,85,85,85,85],"card_choices":[{"not_picked":["Setup","Flying Knee"],"picked":"Predator","floor":1},{"not_picked":["Dagger Throw","Outmaneuver"],"picked":"Cloak And Dagger","floor":7},{"not_picked":["Outmaneuver","Blade Dance"],"picked":"Backflip","floor":10},{"not_picked":["Outmaneuver","Backflip"],"picked":"PiercingWail","floor":11},{"not_picked":["Corpse Explosion","Backflip"],"picked":"Deflect","floor":12},{"not_picked":["Deflect","Slice"],"picked":"Blur","floor":13},{"not_picked":["Prepared","Deflect"],"picked":"Cloak And Dagger","floor":14}],"player_experience":188252,"relics_obtained":[{"floor":7,"key":"Pear"},{"floor":9,"key":"Bag of Marbles"},{"floor":11,"key":"Mercury Hourglass"},{"floor":14,"key":"Art of War"}],"event_choices":[{"damage_healed":0,"gold_gain":75,"player_choice":"Gather Gold","damage_taken":11,"max_hp_gain":0,"max_hp_loss":0,"event_name":"World of Goop","floor":2,"gold_loss":0},{"damage_healed":0,"gold_gain":0,"player_choice":"Donut","damage_taken":0,"max_hp_gain":5,"max_hp_loss":0,"event_name":"Big Fish","floor":3,"gold_loss":0},{"damage_healed":0,"gold_gain":0,"player_choice":"Ignored","damage_taken":0,"max_hp_gain":0,"max_hp_loss":0,"event_name":"Shining Light","floor":4,"gold_loss":0},{"cards_removed":["Predator"],"damage_healed":11,"gold_gain":0,"player_choice":"Offered Uncommon","damage_taken":0,"max_hp_gain":0,"max_hp_loss":0,"event_name":"Bonfire Elementals","floor":5,"gold_loss":0}],"is_beta":false,"boss_relics":[],"items_purged_floors":[],"is_endless":false,"potions_floor_spawned":[1,7,10,11],"killed_by":"Hexaghost","ascension_level":1}