{"gold_per_floor":[116,116,116,41,55,80,80,115,115,131,166,166,186,199,199,275,275,294,294,274,26,37,37,37,67,67,67,67,42,71,71,71,71],"floor_reached":33,"playtime":3059,"items_purged":[],"score":577,"play_id":"e85ee3c9-47fa-4071-97cf-208796d25e97","local_time":"20180629122814","is_ascension_mode":true,"campfire_choices":[{"data":"1","floor":7.0,"key":"LIFT"},{"floor":12.0,"key":"REST"},{"data":"Leap","floor":15.0,"key":"SMITH"},{"data":"Blizzard","floor":23.0,"key":"SMITH"},{"data":"Glacier","floor":32,"key":"SMITH"}],"neow_cost":"","seed_source_timestamp":0,"circlet_count":0,"master_deck":["Strike_B","Strike_B","Strike_B","Defend_B","Defend_B","Defend_B","Defend_B","Zap+1","Dualcast","AscendersBane","Cold Snap","Leap","Rebound","Coolheaded","Hologram","Self Repair","Glacier+1","Leap+1","Creative AI","Double Energy","Creative AI","Doubt","Decay","Injury","Leap+1","Blizzard+1","White Noise","BootSequence","RitualDagger","Sweeping Beam","Ball Lightning","Ghostly","Ghostly","Ghostly","Ghostly","Ghostly"],"special_seed":0,"relics":["Inserter","Girya","Toolbox","Blue Candle","Lantern","Calling Bell","DataDisk","Centennial Puzzle","Thread and Needle","Bottled Lightning","Dream Catcher","Symbiotic Virus","Turnip","Darkstone Periapt"],"potions_floor_usage":[],"damage_taken":[{"damage":3.0,"enemies":"Jaw Worm","floor":1.0,"turns":4.0},{"damage":1.0,"enemies":"Cultist","floor":5.0,"turns":3.0},{"damage":20.0,"enemies":"3 Sentries","floor":6.0,"turns":8.0},{"damage":9.0,"enemies":"Lagavulin","floor":8.0,"turns":10.0},{"damage":8.0,"enemies":"2 Louse","floor":10.0,"turns":5.0},{"damage":14.0,"enemies":"3 Sentries","floor":11.0,"turns":12.0},{"damage":8.0,"enemies":"Exordium Wildlife","floor":13.0,"turns":7.0},{"damage":6.0,"enemies":"Exordium Thugs","floor":14.0,"turns":4.0},{"damage":23.0,"enemies":"Hexaghost","floor":16.0,"turns":14.0},{"damage":5.0,"enemies":"Spheric Guardian","floor":18.0,"turns":10.0},{"damage":1.0,"enemies":"Shell Parasite","floor":22.0,"turns":11.0},{"damage":38.0,"enemies":"Book of Stabbing","floor":25.0,"turns":9.0},{"damage":13.0,"enemies":"Slavers","floor":30.0,"turns":9.0},{"damage":17.0,"enemies":"Snecko","floor":31.0,"turns":8.0},{"damage":24,"enemies":"Automaton","floor":33,"turns":12}],"seed_played":"7200698264609867047","potions_obtained":[{"floor":1.0,"key":"Strength Potion"},{"floor":8.0,"key":"SteroidPotion"},{"floor":13.0,"key":"AttackPotion"},{"floor":16.0,"key":"SkillPotion"},{"floor":18.0,"key":"SkillPotion"},{"floor":20.0,"key":"Fire Potion"}],"is_trial":false,"path_per_floor":["M","?","?","$","M","E","R","E","T","M","E","R","M","M","R","B",null,"M","?","?","$","M","R","?","E","T","?","T","$","E","?","R"],"character_chosen":"DEFECT","items_purchased":["Leap","Rebound","Bottled Lightning","Sweeping Beam"],"campfire_rested":1,"item_purchase_floors":[],"current_hp_per_floor":[61,61,54,54,53,33,33,24,24,23,16,37,36,37,37,21,59,61,61,61,61,67,67,67,36,36,30,30,30,24,14,14,0],"gold":71,"neow_bonus":"","is_prod":false,"is_daily":false,"chose_seed":false,"campfire_upgraded":3,"win_rate":0,"timestamp":1530268094,"path_taken":["M","?","?","$","M","E","R","E","T","M","E","R","?","?","R","BOSS","M","?","?","$","M","R","?","E","T","?","?","$","E","?","R","BOSS"],"build_version":"2018-06-28","purchased_purges":0,"victory":false,"max_hp_per_floor":[71,71,71,71,71,71,71,71,71,71,71,71,71,71,71,71,71,71,71,71,71,71,71,71,71,71,71,71,71,71,35,35,35],"card_choices":[{"not_picked":["Beam Cell","Coolheaded"],"picked":"Cold Snap","floor":1.0},{"not_picked":["Beam Cell","Sweeping Beam"],"picked":"Coolheaded","floor":5.0},{"not_picked":["Turbo","Aggregate"],"picked":"Hologram","floor":6.0},{"not_picked":["Undo","Steam"],"picked":"Self Repair","floor":8.0},{"not_picked":["Gash","Capacitor"],"picked":"Glacier","floor":10.0},{"not_picked":["Steam","Lockon"],"picked":"Leap","floor":11.0},{"not_picked":["Steam Power","Blizzard"],"picked":"Creative AI","floor":13.0},{"not_picked":["Recycle","Reprogram"],"picked":"Double Energy","floor":14.0},{"not_picked":["Biased Cognition","Multi-Cast"],"picked":"Creative AI","floor":16.0},{"not_picked":["Compile Driver","Reprogram"],"picked":"Leap+1","floor":18.0},{"not_picked":["Rebound","Static Discharge"],"picked":"White Noise","floor":22.0},{"not_picked":["Genetic Algorithm+1","Compile Driver"],"picked":"BootSequence","floor":25.0},{"not_picked":["Creative AI","White Noise"],"picked":"Ball Lightning","floor":30.0}],"player_experience":536078,"relics_obtained":[{"floor":6.0,"key":"Girya"},{"floor":8.0,"key":"Toolbox"},{"floor":9.0,"key":"Blue Candle"},{"floor":11.0,"key":"Lantern"},{"floor":17.0,"key":"DataDisk"},{"floor":17.0,"key":"Centennial Puzzle"},{"floor":17.0,"key":"Thread and Needle"},{"floor":25.0,"key":"Dream Catcher"},{"floor":26.0,"key":"Symbiotic Virus"},{"floor":28.0,"key":"Turnip"},{"floor":30.0,"key":"Darkstone Periapt"}],"event_choices":[{"event_name":"Upgrade Shrine","player_choice":"Upgraded","floor":2.0,"damage_taken":0.0},{"event_name":"Golden Wing","player_choice":"Card Removal","floor":3.0,"damage_taken":0.0},{"event_name":"The Library","player_choice":"Read","floor":19.0,"damage_taken":0.0},{"event_name":"The Woman in Blue","player_choice":"Bought 1 Potion","floor":20.0,"damage_taken":0.0},{"event_name":"Drug Dealer","player_choice":"Ignored","floor":24.0,"damage_taken":0.0},{"event_name":"Nest","player_choice":"Joined the Cult","floor":27.0,"damage_taken":0.0},{"event_name":"Ghosts","player_choice":"Became a Ghost","floor":31,"damage_taken":0}],"boss_relics":[{"not_picked":["Runic Dome","Velvet Choker"],"picked":"Calling Bell"}],"items_purged_floors":[],"is_endless":false,"potions_floor_spawned":[1,8,11,13,16,18,25,31],"killed_by":"Automaton","ascension_level":15}