{"path_per_floor":["M","?","$","?","M","E","?","M","T","T","E","M","M","E","R","B",null,"M","?","$","M","M","E","R","E","T","M","M","$","R","M","R","B",null,"M","?","M","?","M","R","M","E","T","?","M","R","$","M","R"],"character_chosen":"DEFECT","items_purchased":["Toxic Egg 2","Capacitor","Consume+1","Bottled Flame","Jack Of All Trades+1","Ball Lightning","Creative AI","Chaos+1","Melter"],"gold_per_floor":[212,287,6,6,16,51,51,64,91,114,145,155,175,201,201,305,305,323,323,7,19,35,61,61,89,116,129,142,5,5,20,20,119,119,135,135,149,197,213,213,232,262,262,262,273,273,45,56,56,56],"floor_reached":50,"campfire_rested":2,"playtime":9643,"item_purchase_floors":[],"current_hp_per_floor":[75,64,64,64,58,43,43,43,50,50,41,40,33,27,51,27,82,75,75,75,75,62,54,54,47,47,36,36,36,36,20,20,14,82,55,45,42,15,13,52,46,53,53,53,60,60,60,60,60,0],"items_purged":[],"gold":56,"score":586,"play_id":"8e8f323b-4fd8-48f2-a809-261a5e9d55f4","local_time":"20180601054048","is_prod":false,"is_daily":false,"chose_seed":false,"is_ascension_mode":true,"campfire_upgraded":5,"win_rate":0.0,"timestamp":1527824448,"campfire_choices":[{"floor":15.0,"key":"REST"},{"data":"Zap","floor":24.0,"key":"SMITH"},{"data":"Machine Learning","floor":30.0,"key":"SMITH"},{"data":"Heatsinks","floor":32.0,"key":"SMITH"},{"floor":40,"key":"REST"},{"data":"Self Repair","floor":46,"key":"SMITH"},{"data":"Creative AI","floor":49,"key":"SMITH"}],"path_taken":["M","?","$","?","M","E","?","?","T","?","E","M","M","E","R","BOSS","M","?","$","M","M","E","R","E","T","M","?","?","R","M","R","BOSS","M","?","M","?","?","R","M","E","T","?","M","R","$","M","R","BOSS"],"build_version":"2018-05-31","seed_source_timestamp":0,"purchased_purges":0,"victory":false,"master_deck":["Strike_B+1","Strike_B+1","Strike_B+1","Strike_B+1","Defend_B+1","Defend_B+1","Defend_B+1","Defend_B+1","Zap+1","Dualcast","Double Energy","Capacitor+1","Coolheaded+1","Reinforced Body+1","Consume+1","Leap+1","Fission+1","Tempest+1","Steam Power+1","Coolheaded+1","Machine Learning+1","Cold Snap+1","Consume+1","Redo+1","Darkness+1","Reboot+1","Leap+1","FTL+1","Storm+1","Jack Of All Trades+1","Heatsinks+1","Seek+1","Conserve Battery+1","Secret Weapon+1","Deep Breath+1","Secret Weapon+1","Gash+1","Coolheaded+1","Storm","Self Repair+1","Chaos+1","Double Energy+1","Conserve Battery+1","Creative AI+1","Chaos+1","Melter","Hologram+1"],"max_hp_per_floor":[75,75,75,75,75,75,75,75,82,82,82,82,82,82,82,82,82,82,82,82,82,82,82,82,82,82,82,82,82,82,82,82,82,82,82,82,82,82,82,82,82,82,82,82,82,82,82,82,82,82],"relics":["Cracked Core","Toxic Egg 2","Orichalcum","Strawberry","Dream Catcher","Bag of Preparation","Omamori","Nuclear Battery","Bottled Flame","Regal Pillow","Pen Nib","Whetstone","Inserter","Gambling Chip","Vajra","Smiling Mask"],"card_choices":[{"not_picked":["Storm","Cold Snap"],"picked":"Double Energy","floor":1.0},{"not_picked":["Hello World","Conserve Battery+1"],"picked":"Coolheaded+1","floor":5.0},{"not_picked":["Consume+1","Compile Driver"],"picked":"Reinforced Body+1","floor":6.0},{"not_picked":["Beam Cell","Streamline"],"picked":"Consume+1","floor":8.0},{"not_picked":["Go for the Eyes","Storm"],"picked":"Leap+1","floor":11.0},{"not_picked":["Stack+1","Conserve Battery+1"],"picked":"Fission+1","floor":12.0},{"not_picked":["Blizzard","Coolheaded+1"],"picked":"Tempest+1","floor":13.0},{"not_picked":["Melter","Aggregate+1"],"picked":"Steam Power+1","floor":14.0},{"not_picked":["Beam Cell","Cold Snap"],"picked":"Coolheaded+1","floor":15.0},{"not_picked":["Buffer","Biased Cognition"],"picked":"Machine Learning","floor":16.0},{"not_picked":["Genetic Algorithm+1","Sweeping Beam"],"picked":"Cold Snap+1","floor":18.0},{"not_picked":["Glacier+1","Gash+1"],"picked":"Redo+1","floor":21.0},{"not_picked":["Coolheaded+1","Streamline"],"picked":"Darkness+1","floor":22.0},{"not_picked":["Self Repair","Capacitor+1"],"picked":"Reboot+1","floor":23.0},{"not_picked":["Streamline","Stack+1"],"picked":"Leap+1","floor":25.0},{"not_picked":["Cold Snap","Compile Driver"],"picked":"FTL+1","floor":27.0},{"not_picked":["Steam+1","Loop"],"picked":"Storm+1","floor":28.0},{"not_picked":["Hologram+1","FTL"],"picked":"Heatsinks","floor":31.0},{"not_picked":["Reboot+1","Buffer"],"picked":"Seek+1","floor":33.0},{"not_picked":["Steam+1","Reinforced Body+1"],"picked":"Conserve Battery+1","floor":35},{"not_picked":["Purity+1","Finesse+1"],"picked":"Secret Weapon+1","floor":36},{"not_picked":["Sadistic Nature","Magnetism"],"picked":"Deep Breath+1","floor":36},{"not_picked":["Sadistic Nature","Enlightenment+1"],"picked":"Secret Weapon+1","floor":36},{"not_picked":["Scrape+1","Leap+1"],"picked":"Gash+1","floor":37},{"not_picked":["Self Repair","Auto Shields+1"],"picked":"Coolheaded+1","floor":38},{"not_picked":["Leap+1","Gash"],"picked":"Storm","floor":39},{"not_picked":["Leap+1","Reprogram+1"],"picked":"Self Repair","floor":40},{"not_picked":["Leap+1","Barrage"],"picked":"Chaos+1","floor":41},{"not_picked":["Scrape","Coolheaded+1"],"picked":"Double Energy+1","floor":42},{"not_picked":["Beam Cell","Compile Driver"],"picked":"Conserve Battery+1","floor":45},{"not_picked":["Stack+1","Ball Lightning+1"],"picked":"Hologram+1","floor":48}],"player_experience":414266,"potions_floor_usage":[38,42,45,50,50],"damage_taken":[{"damage":0.0,"enemies":"Cultist","floor":1.0,"turns":4.0},{"damage":6.0,"enemies":"Jaw Worm","floor":5.0,"turns":4.0},{"damage":15.0,"enemies":"3 Sentries","floor":6.0,"turns":8.0},{"damage":0.0,"enemies":"2 Louse","floor":8.0,"turns":4.0},{"damage":9.0,"enemies":"Lagavulin","floor":11.0,"turns":9.0},{"damage":1.0,"enemies":"Looter","floor":12.0,"turns":3.0},{"damage":7.0,"enemies":"2 Fungi Beasts","floor":13.0,"turns":5.0},{"damage":6.0,"enemies":"3 Sentries","floor":14.0,"turns":7.0},{"damage":24.0,"enemies":"Hexaghost","floor":16.0,"turns":9.0},{"damage":7.0,"enemies":"Shell Parasite","floor":18.0,"turns":4.0},{"damage":0.0,"enemies":"Chosen","floor":21.0,"turns":5.0},{"damage":13.0,"enemies":"Snake Plant","floor":22.0,"turns":3.0},{"damage":8.0,"enemies":"Slavers","floor":23.0,"turns":5.0},{"damage":7.0,"enemies":"Gremlin Leader","floor":25.0,"turns":5.0},{"damage":11.0,"enemies":"Cultist and Chosen","floor":27.0,"turns":5.0},{"damage":0.0,"enemies":"Chosen and Byrds","floor":28.0,"turns":4.0},{"damage":16.0,"enemies":"Snake Plant","floor":31.0,"turns":2.0},{"damage":21.0,"enemies":"Automaton","floor":33.0,"turns":14.0},{"damage":27,"enemies":"3 Darklings","floor":35,"turns":6},{"damage":3,"enemies":"Orb Walker","floor":37,"turns":3},{"damage":27,"enemies":"Mysterious Sphere","floor":38,"turns":6},{"damage":2,"enemies":"Maw","floor":39,"turns":7},{"damage":13,"enemies":"4 Shapes","floor":41,"turns":5},{"damage":4,"enemies":"Giant Head","floor":42,"turns":8},{"damage":0,"enemies":"Sphere and 2 Shapes","floor":45,"turns":4},{"damage":0,"enemies":"Maw","floor":48,"turns":6},{"damage":73,"enemies":"Awakened One","floor":50,"turns":3}],"relics_obtained":[{"floor":6.0,"key":"Orichalcum"},{"floor":9.0,"key":"Strawberry"},{"floor":10.0,"key":"Dream Catcher"},{"floor":11.0,"key":"Bag of Preparation"},{"floor":14.0,"key":"Omamori"},{"floor":23.0,"key":"Regal Pillow"},{"floor":25.0,"key":"Pen Nib"},{"floor":26.0,"key":"Whetstone"},{"floor":38,"key":"Gambling Chip"},{"floor":42,"key":"Vajra"},{"floor":43,"key":"Smiling Mask"}],"event_choices":[{"event_name":"World of Goop","player_choice":"Gather Gold","floor":2.0,"damage_taken":0.0},{"event_name":"The Cleric","player_choice":"Leave","floor":4.0,"damage_taken":0.0},{"event_name":"Living Wall","player_choice":"Grow","floor":7.0,"damage_taken":0.0},{"event_name":"Back to Basics","player_choice":"Simplicity","floor":19.0,"damage_taken":0.0},{"event_name":"SensoryStone","player_choice":"Memory 3","floor":36,"damage_taken":0},{"event_name":"Mysterious Sphere","player_choice":"Fight","floor":38,"damage_taken":0}],"boss_relics":[{"not_picked":["Calling Bell","White Beast Statue"],"picked":"Inserter"}],"items_purged_floors":[],"potions_floor_spawned":[1,6,12,14,16,22,25,27,31,33,35,41,42,48],"seed_played":"4314722764959282624","killed_by":"Awakened One","ascension_level":1,"potions_obtained":[{"floor":1.0,"key":"AttackPotion"},{"floor":6.0,"key":"Fire Potion"},{"floor":12.0,"key":"Explosive Potion"},{"floor":14.0,"key":"Explosive Potion"},{"floor":16.0,"key":"FearPotion"},{"floor":22.0,"key":"Weak Potion"},{"floor":25.0,"key":"Energy Potion"},{"floor":27.0,"key":"AttackPotion"},{"floor":31.0,"key":"Regen Potion"},{"floor":33.0,"key":"Weak Potion"},{"floor":35,"key":"Strength Potion"},{"floor":41,"key":"Energy Potion"},{"floor":42,"key":"AttackPotion"},{"floor":48,"key":"Regen Potion"}],"is_trial":false}