{"gold_per_floor":[115,168,318,318,332,367,222,222,222,222,249,324,324,284,284,363,363,376,388,303,303,303,303,328,342,342,360,373,373,163,163,163,240,240,258,276,276,53,0,0,16,28,80,80,91,91,91,91,91,91,91],"floor_reached":52,"playtime":2156,"items_purged":[],"score":1802,"play_id":"07404b48-222f-416b-98a4-b80fe6ff759a","local_time":"20190211231230","is_ascension_mode":true,"campfire_choices":[{"data":"Whirlwind","floor":8.0,"key":"SMITH"},{"data":"Bash","floor":10.0,"key":"SMITH"},{"data":"Combust","floor":15.0,"key":"SMITH"},{"floor":23.0,"key":"REST"},{"floor":29.0,"key":"REST"},{"floor":32.0,"key":"REST"},{"data":"Demon Form","floor":40.0,"key":"SMITH"},{"floor":44.0,"key":"REST"},{"data":"Double Tap","floor":47.0,"key":"SMITH"},{"data":"Juggernaut","floor":49.0,"key":"SMITH"}],"neow_cost":"NONE","seed_source_timestamp":353304416291901,"circlet_count":0,"master_deck":["AscendersBane","Strike_R","Strike_R","Strike_R","Strike_R","Defend_R","Defend_R","Defend_R","Defend_R","Bash+1","Clothesline","Doubt","Pummel","Combust+1","Whirlwind+1","Shrug It Off","Exhume","Disarm+1","Juggernaut+1","Perfected Strike+1","Clothesline+1","Pommel Strike+1","Shrug It Off","Armaments+1","Corruption","Double Tap+1","Demon Form+1","Pommel Strike+1","Clothesline+1","Writhe"],"special_seed":0,"relics":["Burning Blood","NeowsBlessing","Ginger","Ancient Tea Set","Kunai","Molten Egg 2","Snecko Eye","Du-Vu Doll","Bag of Marbles","Shuriken","Sozu","Chemical X","Red Mask","Orichalcum"],"potions_floor_usage":[51],"damage_taken":[{"damage":0.0,"enemies":"Small Slimes","floor":1.0,"turns":1.0},{"damage":0.0,"enemies":"Jaw Worm","floor":5.0,"turns":1.0},{"damage":0.0,"enemies":"Lagavulin","floor":6.0,"turns":1.0},{"damage":0.0,"enemies":"3 Sentries","floor":11.0,"turns":3.0},{"damage":40.0,"enemies":"Slime Boss","floor":16.0,"turns":7.0},{"damage":31.0,"enemies":"2 Thieves","floor":18.0,"turns":4.0},{"damage":13.0,"enemies":"3 Byrds","floor":19.0,"turns":5.0},{"damage":41.0,"enemies":"Slavers","floor":24.0,"turns":3.0},{"damage":5.0,"enemies":"Centurion and Healer","floor":25.0,"turns":5.0},{"damage":4.0,"enemies":"3 Cultists","floor":27.0,"turns":4.0},{"damage":0.0,"enemies":"Snecko","floor":28.0,"turns":2.0},{"damage":0.0,"enemies":"Centurion and Healer","floor":31.0,"turns":1.0},{"damage":34.0,"enemies":"Automaton","floor":33.0,"turns":6.0},{"damage":15.0,"enemies":"3 Shapes","floor":35.0,"turns":3.0},{"damage":7.0,"enemies":"Orb Walker","floor":36.0,"turns":3.0},{"damage":26.0,"enemies":"Transient","floor":41.0,"turns":6.0},{"damage":0.0,"enemies":"Sphere and 2 Shapes","floor":42.0,"turns":1.0},{"damage":12.0,"enemies":"Maw","floor":45.0,"turns":5.0},{"damage":42.0,"enemies":"Time Eater","floor":50.0,"turns":6.0},{"damage":28,"enemies":"Awakened One","floor":51,"turns":6}],"seed_played":"-4842719368272730019","potions_obtained":[{"floor":1.0,"key":"Poison Potion"},{"floor":16.0,"key":"FearPotion"},{"floor":25.0,"key":"SkillPotion"},{"floor":27.0,"key":"SmokeBomb"},{"floor":33.0,"key":"Strength Potion"}],"is_trial":false,"path_per_floor":["M","?","?","?","M","E","$","R","T","R","E","?","?","$","R","B",null,"M","M","?","?","?","R","E","M","T","M","M","R","$","M","R","B",null,"M","M","?","$","?","R","M","M","T","R","M","?","R","?","R","B","B",null],"character_chosen":"IRONCLAD","items_purchased":["Whirlwind","Shrug It Off","Disarm","Corruption","Double Tap","Chemical X"],"campfire_rested":4,"item_purchase_floors":[7,7,14,30,30,38],"current_hp_per_floor":[74,74,74,69,75,75,75,75,75,75,75,64,64,64,64,30,64,39,32,32,32,32,54,19,20,20,22,28,50,50,56,75,47,68,59,58,58,58,58,58,38,44,44,66,60,60,60,75,75,39,17],"gold":91,"neow_bonus":"THREE_ENEMY_KILL","is_prod":false,"is_daily":false,"chose_seed":false,"campfire_upgraded":6,"win_rate":0,"timestamp":1549944750,"path_taken":["M","?","?","?","M","E","?","R","T","R","E","?","?","$","R","BOSS","M","M","?","?","?","R","E","M","T","M","M","R","$","M","R","BOSS","M","?","?","$","?","R","M","M","T","R","M","?","R","?","R","BOSS","BOSS"],"build_version":"2019-01-23","purchased_purges":0,"victory":true,"max_hp_per_floor":[75,75,75,75,75,75,75,75,75,75,75,75,75,75,75,75,75,75,75,75,75,75,75,75,75,75,75,75,75,75,75,75,75,75,75,75,75,75,75,75,75,75,75,75,75,75,75,75,75,75,75],"card_choices":[{"not_picked":["Pummel","Headbutt"],"picked":"Clothesline","floor":1.0},{"not_picked":["Perfected Strike","Body Slam"],"picked":"Pummel","floor":5.0},{"not_picked":["Sentinel","Rupture"],"picked":"Combust","floor":6.0},{"not_picked":["Ghostly Armor","Perfected Strike"],"picked":"Exhume","floor":11.0},{"not_picked":["Berserk","Dark Embrace"],"picked":"Juggernaut","floor":16.0},{"not_picked":["Pummel+1","Havoc"],"picked":"Perfected Strike+1","floor":18.0},{"not_picked":["Warcry","Twin Strike+1","Cleave+1"],"picked":"SKIP","floor":19.0},{"not_picked":["Sword Boomerang+1","Dropkick+1"],"picked":"Pommel Strike+1","floor":24.0},{"not_picked":["Twin Strike+1","Pommel Strike+1"],"picked":"Shrug It Off","floor":25.0},{"not_picked":["Iron Wave+1","True Grit","Feel No Pain"],"picked":"SKIP","floor":27.0},{"not_picked":["Carnage+1","Clash+1"],"picked":"Armaments+1","floor":28.0},{"not_picked":["Fiend Fire+1","Impervious"],"picked":"Demon Form","floor":33.0},{"not_picked":["Warcry","Twin Strike+1","Clash+1"],"picked":"SKIP","floor":35.0},{"not_picked":["Clothesline+1","Burning Pact","Thunderclap+1"],"picked":"SKIP","floor":36.0},{"not_picked":["Thunderclap+1","Evolve","Sword Boomerang+1"],"picked":"SKIP","floor":41.0},{"not_picked":["Sword Boomerang+1","Iron Wave+1"],"picked":"Pommel Strike+1","floor":42.0},{"not_picked":["Inflame+1","Fire Breathing"],"picked":"Clothesline+1","floor":45.0}],"player_experience":455288,"relics_obtained":[{"floor":6.0,"key":"Ancient Tea Set"},{"floor":9.0,"key":"Kunai"},{"floor":11.0,"key":"Molten Egg 2"},{"floor":24.0,"key":"Bag of Marbles"},{"floor":26.0,"key":"Shuriken"},{"floor":43.0,"key":"Orichalcum"}],"event_choices":[{"damage_healed":0.0,"max_hp_gain":0.0,"max_hp_loss":0.0,"gold_gain":53.0,"event_name":"Golden Wing","player_choice":"Gained Gold","floor":2.0,"gold_loss":0.0,"damage_taken":0.0},{"damage_healed":0.0,"max_hp_gain":0.0,"max_hp_loss":0.0,"gold_gain":150.0,"event_name":"Liars Game","player_choice":"AGREE","floor":3.0,"gold_loss":0.0,"damage_taken":0.0,"cards_obtained":["Doubt"]},{"damage_healed":0.0,"max_hp_gain":0.0,"max_hp_loss":0.0,"gold_gain":0.0,"event_name":"Scrap Ooze","player_choice":"Success","floor":4.0,"gold_loss":0.0,"damage_taken":5.0,"relics_obtained":["Ginger"]},{"damage_healed":0.0,"max_hp_gain":0.0,"max_hp_loss":0.0,"gold_gain":75.0,"event_name":"World of Goop","player_choice":"Gather Gold","floor":12.0,"gold_loss":0.0,"damage_taken":11.0},{"damage_healed":0.0,"max_hp_gain":0.0,"max_hp_loss":0.0,"gold_gain":0.0,"event_name":"The Cleric","player_choice":"Leave","floor":13.0,"gold_loss":0.0,"damage_taken":0.0},{"damage_healed":0.0,"max_hp_gain":0.0,"max_hp_loss":0.0,"gold_gain":0.0,"event_name":"Addict","player_choice":"Obtained Relic","floor":20.0,"gold_loss":85.0,"damage_taken":0.0,"relics_obtained":["Du-Vu Doll"]},{"damage_healed":0.0,"max_hp_gain":0.0,"max_hp_loss":0.0,"gold_gain":0.0,"event_name":"The Library","player_choice":"Read","floor":21.0,"gold_loss":0.0,"damage_taken":0.0,"cards_obtained":["Clothesline"]},{"damage_healed":0.0,"max_hp_gain":0.0,"max_hp_loss":0.0,"gold_gain":0.0,"event_name":"Upgrade Shrine","player_choice":"Upgraded","floor":22.0,"gold_loss":0.0,"damage_taken":0.0,"cards_upgraded":["Disarm"]},{"cards_removed":["Strike_R"],"damage_healed":0.0,"max_hp_gain":0.0,"max_hp_loss":0.0,"gold_gain":0.0,"event_name":"Falling","player_choice":"Removed Attack","floor":37.0,"gold_loss":0.0,"damage_taken":0.0},{"damage_healed":0.0,"max_hp_gain":0.0,"max_hp_loss":0.0,"gold_gain":0.0,"event_name":"Tomb of Lord Red Mask","player_choice":"Paid","floor":39.0,"gold_loss":53.0,"damage_taken":0.0,"relics_obtained":["Red Mask"]},{"damage_healed":0.0,"max_hp_gain":0.0,"max_hp_loss":0.0,"gold_gain":0.0,"event_name":"Mysterious Sphere","player_choice":"Ignored","floor":46.0,"gold_loss":0.0,"damage_taken":0.0},{"damage_healed":15.0,"max_hp_gain":0.0,"max_hp_loss":0.0,"gold_gain":0.0,"event_name":"Winding Halls","player_choice":"Writhe","floor":48.0,"gold_loss":0.0,"damage_taken":0.0,"cards_obtained":["Writhe"]}],"is_beta":false,"boss_relics":[{"not_picked":["Black Blood","Mark of Pain"],"picked":"Snecko Eye"},{"not_picked":["White Beast Statue","Astrolabe"],"picked":"Sozu"}],"items_purged_floors":[],"is_endless":false,"potions_floor_spawned":[1,16,25,27,28,33,35],"ascension_level":20}