{"gold_per_floor":[211,225,175,100,100,100,147,167,167,167,137,37,37,55,55,154,154,173,191,201,201],"floor_reached":21,"playtime":971,"items_purged":["Strike_G","Defend_G"],"score":171,"play_id":"30fa9dba-3c26-43a5-b29b-c8f756970954","local_time":"20190103212725","is_ascension_mode":false,"campfire_choices":[{"data":"Neutralize","floor":6,"key":"SMITH"},{"data":"Bane","floor":10,"key":"SMITH"},{"data":"Flechettes","floor":15,"key":"SMITH"}],"neow_cost":"NONE","seed_source_timestamp":41470774623343,"circlet_count":0,"master_deck":["Defend_G","Defend_G","Defend_G","Strike_G","Strike_G","Strike_G","Survivor","Neutralize+1","Bane+1","Backflip","PiercingWail","Flechettes+1","Dagger Spray","Backflip+1","Outmaneuver+1"],"relics":["Ring of the Snake","Ancient Tea Set","Art of War","WristBlade"],"potions_floor_usage":[16],"damage_taken":[{"damage":0,"enemies":"Jaw Worm","floor":1,"turns":4},{"damage":0,"enemies":"Small Slimes","floor":2,"turns":5},{"damage":1,"enemies":"Cultist","floor":8,"turns":5},{"damage":2,"enemies":"Exordium Thugs","floor":11,"turns":5},{"damage":3,"enemies":"Exordium Wildlife","floor":14,"turns":4},{"damage":58,"enemies":"The Guardian","floor":16,"turns":18},{"damage":14,"enemies":"2 Thieves","floor":18,"turns":5},{"damage":6,"enemies":"Chosen","floor":19,"turns":7},{"damage":34,"enemies":"Snecko","floor":20,"turns":12}],"seed_played":"2401054402771465737","potions_obtained":[{"floor":1,"key":"Weak Potion"},{"floor":8,"key":"LiquidBronze"},{"floor":11,"key":"SpeedPotion"},{"floor":20,"key":"SpeedPotion"}],"is_trial":false,"path_per_floor":["M","M","?","$","?","R","T","M","T","R","M","$","?","M","R","B",null,"M","M","M","$"],"character_chosen":"THE_SILENT","items_purchased":[],"campfire_rested":0,"item_purchase_floors":[],"current_hp_per_floor":[70,70,70,70,70,70,70,69,69,69,67,67,67,64,64,6,70,56,50,16,16],"gold":201,"neow_bonus":"HUNDRED_GOLD","is_prod":false,"is_daily":false,"chose_seed":false,"campfire_upgraded":3,"win_rate":0.0,"timestamp":1546518445,"path_taken":["M","M","?","$","?","R","?","M","T","R","M","$","?","M","R","BOSS","M","M","M","$"],"build_version":"2018-12-20","purchased_purges":2,"victory":false,"max_hp_per_floor":[70,70,70,70,70,70,70,70,70,70,70,70,70,70,70,70,70,70,70,70,70],"card_choices":[{"not_picked":["Expertise","Poisoned Stab"],"picked":"Bane","floor":1},{"not_picked":["Reflex","Sucker Punch"],"picked":"Backflip","floor":2},{"not_picked":["Infinite Blades","Backflip"],"picked":"PiercingWail","floor":8},{"not_picked":["Cloak And Dagger","Caltrops","Endless Agony"],"picked":"SKIP","floor":11},{"not_picked":["Choke","Flying Knee"],"picked":"Flechettes","floor":14},{"not_picked":["Bouncing Flask","Flechettes"],"picked":"Dagger Spray","floor":18},{"not_picked":["Prepared+1","Masterful Stab"],"picked":"Backflip+1","floor":19},{"not_picked":["Eviscerate+1","Flying Knee"],"picked":"Outmaneuver+1","floor":20}],"player_experience":76732,"relics_obtained":[{"floor":7,"key":"Ancient Tea Set"},{"floor":9,"key":"Art of War"}],"event_choices":[{"cards_removed":["Strike_G"],"damage_healed":0,"gold_gain":0,"player_choice":"Card Removal","damage_taken":0,"max_hp_gain":0,"max_hp_loss":0,"event_name":"The Cleric","floor":3,"gold_loss":50},{"damage_healed":0,"gold_gain":0,"player_choice":"Ignored","damage_taken":0,"max_hp_gain":0,"max_hp_loss":0,"event_name":"Liars Game","floor":5,"gold_loss":0},{"cards_removed":["Defend_G"],"damage_healed":0,"gold_gain":0,"player_choice":"Purged","damage_taken":0,"max_hp_gain":0,"max_hp_loss":0,"event_name":"Purifier","floor":13,"gold_loss":0}],"is_beta":false,"boss_relics":[{"not_picked":["Empty Cage","Coffee Dripper"],"picked":"WristBlade"}],"items_purged_floors":[4,12],"is_endless":false,"potions_floor_spawned":[1,8,11,14,20],"ascension_level":0}