{"gold_per_floor":[112,112,131,150,66,97,97,113,113,127,142,142,142,157,157,229,229,242,242,39,39,39,69,69,79,79,79,107,183,211,226,226,297,297,316,330,378,378,13,13,39,139,139,168,168,168,184,184],"floor_reached":48,"playtime":3457,"items_purged":["Regret","Normality"],"score":1078,"play_id":"5433f24c-3910-49c3-a0de-96841f04f0a9","local_time":"20190128111756","is_ascension_mode":true,"campfire_choices":[{"floor":7.0,"key":"REST"},{"data":"Zap","floor":12.0,"key":"SMITH"},{"data":"Defragment","floor":15.0,"key":"SMITH"},{"data":"Sunder","floor":24.0,"key":"SMITH"},{"data":"Seek","floor":27.0,"key":"SMITH"},{"data":"Creative AI","floor":32.0,"key":"SMITH"},{"data":"Dualcast","floor":40,"key":"SMITH"},{"floor":46,"key":"RECALL"}],"neow_cost":"NONE","seed_source_timestamp":349867585899183,"circlet_count":0,"master_deck":["AscendersBane","Defend_B","Defend_B","Defend_B","Defend_B","Zap+1","Dualcast+1","Cold Snap","Capacitor","BootSequence","Leap","Sweeping Beam","Gash","Gash","Cold Snap","Barrage","Defragment+1","Creative AI+1","Skim","Sunder+1","FTL+1","Bite","Bite","Bite","Bite","Bite","Seek+1","Go for the Eyes","Leap","Rebound+1","Gash","Echo Form","Decay","Decay","Sweeping Beam+1","Loop","Undo","Reboot","Fusion","Capacitor","Streamline+1","White Noise+1","Thunderclap","Compile Driver+1","Quick Slash+1","Pommel Strike+1"],"special_seed":0,"relics":["Cracked Core","Orichalcum","Pen Nib","Mercury Hourglass","DataDisk","Potion Belt","White Beast Statue","MutagenicStrength","Happy Flower","Symbiotic Virus","Blood Vial","Oddly Smooth Stone","Calling Bell","Ancient Tea Set","The Courier","Prayer Wheel","Turnip","PrismaticShard","Whetstone","Mango","Molten Egg 2","Lantern"],"potions_floor_usage":[37,37,44,44,47],"damage_taken":[{"damage":6.0,"enemies":"Small Slimes","floor":1.0,"turns":3.0},{"damage":2.0,"enemies":"2 Louse","floor":3.0,"turns":2.0},{"damage":4.0,"enemies":"Jaw Worm","floor":4.0,"turns":2.0},{"damage":16.0,"enemies":"3 Sentries","floor":6.0,"turns":6.0},{"damage":0.0,"enemies":"Looter","floor":8.0,"turns":2.0},{"damage":0.0,"enemies":"Blue Slaver","floor":10.0,"turns":2.0},{"damage":0.0,"enemies":"Large Slime","floor":11.0,"turns":4.0},{"damage":3.0,"enemies":"2 Fungi Beasts","floor":14.0,"turns":2.0},{"damage":13.0,"enemies":"The Guardian","floor":16.0,"turns":9.0},{"damage":3.0,"enemies":"Chosen","floor":18.0,"turns":5.0},{"damage":20.0,"enemies":"Slavers","floor":23.0,"turns":4.0},{"damage":0.0,"enemies":"Spheric Guardian","floor":25.0,"turns":2.0},{"damage":19.0,"enemies":"Book of Stabbing","floor":28.0,"turns":4.0},{"damage":0.0,"enemies":"Gremlin Leader","floor":30.0,"turns":5.0},{"damage":24.0,"enemies":"Snecko","floor":31.0,"turns":5.0},{"damage":25.0,"enemies":"Automaton","floor":33.0,"turns":8.0},{"damage":37.0,"enemies":"3 Darklings","floor":35.0,"turns":22.0},{"damage":11.0,"enemies":"Orb Walker","floor":36.0,"turns":4.0},{"damage":33,"enemies":"2 Orb Walkers","floor":37,"turns":4},{"damage":9,"enemies":"Giant Head","floor":41,"turns":8},{"damage":0,"enemies":"Mind Bloom Boss Battle","floor":42,"turns":7},{"damage":29,"enemies":"Reptomancer","floor":44,"turns":6},{"damage":28,"enemies":"Spire Growth","floor":47,"turns":6},{"damage":33,"enemies":"Maw","floor":48,"turns":5}],"seed_played":"-1016321417474903007","potions_obtained":[{"floor":1.0,"key":"AttackPotion"},{"floor":4.0,"key":"FocusPotion"},{"floor":6.0,"key":"Regen Potion"},{"floor":10.0,"key":"Strength Potion"},{"floor":16.0,"key":"Fire Potion"},{"floor":18.0,"key":"GamblersBrew"},{"floor":23.0,"key":"LiquidBronze"},{"floor":25.0,"key":"LiquidBronze"},{"floor":28.0,"key":"AttackPotion"},{"floor":30.0,"key":"Dexterity Potion"},{"floor":31.0,"key":"Fire Potion"},{"floor":33.0,"key":"PowerPotion"},{"floor":35.0,"key":"PowerPotion"},{"floor":36.0,"key":"SteroidPotion"},{"floor":37,"key":"Explosive Potion"},{"floor":41,"key":"Explosive Potion"},{"floor":42,"key":"Fire Potion"},{"floor":44,"key":"Weak Potion"},{"floor":47,"key":"Dexterity Potion"}],"is_trial":false,"path_per_floor":["M","?","M","M","$","E","R","M","T","M","M","R","?","M","R","B",null,"M","?","$","?","?","E","R","M","T","R","E","T","E","M","R","B",null,"M","M","?","?","$","R","E","?","T","E","?","R","M","M"],"character_chosen":"DEFECT","items_purchased":["Leap","Sweeping Beam","Sunder","FTL","PrismaticShard","Capacitor","Streamline"],"campfire_rested":1,"item_purchase_floors":[5,5,20,20,39,39,39],"current_hp_per_floor":[58,40,38,34,34,18,39,39,39,39,39,39,39,36,36,37,63,60,60,60,60,49,35,35,35,35,35,22,22,34,18,18,7,39,49,44,19,19,19,19,16,40,40,19,52,52,27,0],"gold":184,"neow_bonus":"RANDOM_COMMON_RELIC","is_prod":false,"is_daily":false,"chose_seed":false,"campfire_upgraded":6,"win_rate":0,"timestamp":1548670676,"path_taken":["M","?","M","M","$","E","R","M","T","M","M","R","?","M","R","BOSS","M","?","$","?","?","E","R","M","T","R","E","?","E","?","R","BOSS","M","M","?","?","$","R","E","?","T","E","?","R","?","M"],"build_version":"2019-01-23","purchased_purges":2,"victory":false,"max_hp_per_floor":[71,71,71,71,71,71,71,71,71,71,71,71,71,71,71,71,71,71,71,71,71,49,49,49,49,49,49,49,49,49,49,49,49,49,49,49,49,49,49,49,49,63,63,63,52,52,52,52],"card_choices":[{"not_picked":["Go for the Eyes","Streamline"],"picked":"Cold Snap","floor":1.0},{"not_picked":["Rip and Tear","Skim"],"picked":"Capacitor","floor":3.0},{"not_picked":["Turbo","Melter"],"picked":"BootSequence","floor":4.0},{"not_picked":["Conserve Battery","Double Energy"],"picked":"Gash","floor":6.0},{"not_picked":["Compile Driver","Steam"],"picked":"Gash","floor":8.0},{"not_picked":["Gash","Ball Lightning"],"picked":"Cold Snap","floor":10.0},{"not_picked":["Undo","Heatsinks"],"picked":"Barrage","floor":11.0},{"not_picked":["Go for the Eyes","Doom and Gloom"],"picked":"Defragment","floor":14.0},{"not_picked":["Thunder Strike","Seek"],"picked":"Creative AI","floor":16.0},{"not_picked":["Beam Cell","Aggregate"],"picked":"Skim","floor":18.0},{"not_picked":["Rip and Tear+1","Steam Power"],"picked":"Seek","floor":23.0},{"not_picked":["Hello World","Skim"],"picked":"Go for the Eyes","floor":25.0},{"not_picked":["Hologram","Compile Driver"],"picked":"Leap","floor":28.0},{"not_picked":["Go for the Eyes+1","Storm"],"picked":"Rebound+1","floor":30.0},{"not_picked":["Stack","Beam Cell"],"picked":"Gash","floor":31.0},{"not_picked":["Core Surge","Meteor Strike"],"picked":"Echo Form","floor":33.0},{"not_picked":["Recycle+1","Barrage"],"picked":"Sweeping Beam+1","floor":35.0},{"not_picked":["Auto Shields","Sweeping Beam"],"picked":"Loop","floor":35.0},{"not_picked":["Rebound","Go for the Eyes"],"picked":"Undo","floor":36.0},{"not_picked":["Redo","Beam Cell"],"picked":"Reboot","floor":36.0},{"not_picked":["Cold Snap","Ball Lightning"],"picked":"Fusion","floor":37},{"not_picked":["Ball Lightning","Hologram"],"picked":"White Noise+1","floor":41},{"not_picked":["Sweeping Beam","Slice"],"picked":"Thunderclap","floor":42},{"not_picked":["Thunderclap+1","Fire Breathing"],"picked":"Compile Driver+1","floor":44},{"not_picked":["Enlightenment+1","Finisher+1"],"picked":"Quick Slash+1","floor":47},{"not_picked":["Perfected Strike+1","Wraith Form v2"],"picked":"Pommel Strike+1","floor":47}],"player_experience":614200,"relics_obtained":[{"floor":6.0,"key":"Mercury Hourglass"},{"floor":9.0,"key":"DataDisk"},{"floor":23.0,"key":"Happy Flower"},{"floor":26.0,"key":"Symbiotic Virus"},{"floor":28.0,"key":"Blood Vial"},{"floor":30.0,"key":"Oddly Smooth Stone"},{"floor":34.0,"key":"Ancient Tea Set"},{"floor":34.0,"key":"The Courier"},{"floor":34.0,"key":"Prayer Wheel"},{"floor":37,"key":"Turnip"},{"floor":41,"key":"Whetstone"},{"floor":42,"key":"Mango"},{"floor":43,"key":"Molten Egg 2"},{"floor":44,"key":"Lantern"}],"event_choices":[{"damage_healed":0.0,"max_hp_gain":0.0,"max_hp_loss":0.0,"gold_gain":0.0,"event_name":"Scrap Ooze","player_choice":"Success","floor":2.0,"gold_loss":0.0,"damage_taken":18.0,"relics_obtained":["Pen Nib"]},{"damage_healed":0.0,"max_hp_gain":0.0,"max_hp_loss":0.0,"gold_gain":0.0,"event_name":"Big Fish","player_choice":"Box","floor":13.0,"gold_loss":0.0,"damage_taken":0.0,"relics_obtained":["Potion Belt"],"cards_obtained":["Regret"]},{"damage_healed":0.0,"max_hp_gain":0.0,"max_hp_loss":0.0,"gold_gain":0.0,"event_name":"Drug Dealer","player_choice":"Inject Mutagens","floor":19.0,"gold_loss":0.0,"damage_taken":0.0,"relics_obtained":["MutagenicStrength"]},{"damage_healed":0.0,"max_hp_gain":0.0,"max_hp_loss":0.0,"gold_gain":0.0,"event_name":"Beggar","player_choice":"Ignored","floor":21.0,"gold_loss":0.0,"damage_taken":0.0},{"damage_healed":0.0,"max_hp_gain":0.0,"max_hp_loss":22.0,"gold_gain":0.0,"event_name":"Vampires","player_choice":"Became a vampire","floor":22.0,"gold_loss":0.0,"damage_taken":0.0,"cards_obtained":["Bite","Bite","Bite","Bite","Bite"]},{"damage_healed":0,"gold_gain":0,"player_choice":"Fight","damage_taken":0,"max_hp_gain":0,"max_hp_loss":0,"event_name":"Mysterious Sphere","floor":37,"gold_loss":0},{"damage_healed":0,"gold_gain":0,"player_choice":"Ignored","damage_taken":0,"max_hp_gain":0,"max_hp_loss":0,"event_name":"Tomb of Lord Red Mask","floor":38,"gold_loss":0},{"damage_healed":0,"gold_gain":0,"player_choice":"Fight","damage_taken":0,"max_hp_gain":0,"max_hp_loss":0,"event_name":"MindBloom","floor":42,"gold_loss":0},{"damage_healed":52,"gold_gain":0,"player_choice":"Heal","damage_taken":0,"max_hp_gain":0,"max_hp_loss":11,"event_name":"The Moai Head","floor":45,"gold_loss":0}],"is_beta":false,"boss_relics":[{"not_picked":["Eternal Feather","Sozu"],"picked":"White Beast Statue"},{"not_picked":["Coffee Dripper","Fusion Hammer"],"picked":"Calling Bell"}],"items_purged_floors":[20,39],"is_endless":false,"potions_floor_spawned":[1,4,6,10,16,18,23,25,28,30,31,33,35,36,37,41,42,44,47],"killed_by":"Maw","ascension_level":16}