{"gold_per_floor":[112,131,144,99,99,99,125,125,125,138,138,155,220,231,231,331,331,341,352,352,95,20,20,36,36,36,51,69,88,188,202,202,299,299,319,319,70,80,80,80,93,93,93,93,93,93,109,125,125,125,125,125,0,34,34],"floor_reached":55,"playtime":2542,"items_purged":["Defend_R","Dark Embrace","Bandage Up"],"score":722,"play_id":"e9c2951f-e64a-46d6-a523-6d8c5f2f62ba","local_time":"20190107214435","is_ascension_mode":true,"campfire_choices":[{"data":"Spot Weakness","floor":6.0,"key":"SMITH"},{"data":"Metallicize","floor":8.0,"key":"SMITH"},{"data":"Armaments","floor":11.0,"key":"SMITH"},{"data":"Entrench","floor":15.0,"key":"SMITH"},{"data":"Demon Form","floor":23.0,"key":"SMITH"},{"data":"Heavy Blade","floor":25.0,"key":"SMITH"},{"floor":32.0,"key":"REST"},{"data":"Double Tap","floor":40.0,"key":"SMITH"},{"floor":42.0,"key":"RECALL"},{"data":"1","floor":44.0,"key":"LIFT"},{"data":"2","floor":46.0,"key":"LIFT"},{"floor":49.0,"key":"REST"},{"data":"3","floor":52.0,"key":"LIFT"}],"neow_cost":"NONE","seed_source_timestamp":39164255815869,"circlet_count":0,"master_deck":["Strike_R","Strike_R","Strike_R","Defend_R","Defend_R","Defend_R","Bash","Iron Wave","Spot Weakness+1","Shrug It Off","Metallicize+1","Armaments+1","Shrug It Off","Entrench+1","Demon Form+1","Flame Barrier+1","Sword Boomerang","Bloodletting","Heavy Blade+1","Double Tap+1","Disarm","Headbutt","Metallicize"],"special_seed":0,"relics":["Burning Blood","Bag of Preparation","Mercury Hourglass","Tiny Chest","Sozu","Juzu Bracelet","Runic Pyramid","Girya","Orichalcum","Darkstone Periapt","StoneCalendar"],"potions_floor_usage":[54,54],"damage_taken":[{"damage":3.0,"enemies":"Small Slimes","floor":1.0,"turns":3.0},{"damage":13.0,"enemies":"2 Louse","floor":2.0,"turns":4.0},{"damage":7.0,"enemies":"Jaw Worm","floor":3.0,"turns":3.0},{"damage":2.0,"enemies":"Looter","floor":4.0,"turns":5.0},{"damage":22.0,"enemies":"3 Sentries","floor":7.0,"turns":8.0},{"damage":24.0,"enemies":"Exordium Thugs","floor":10.0,"turns":6.0},{"damage":1.0,"enemies":"2 Fungi Beasts","floor":12.0,"turns":3.0},{"damage":20.0,"enemies":"Lagavulin","floor":13.0,"turns":8.0},{"damage":0.0,"enemies":"Exordium Wildlife","floor":14.0,"turns":4.0},{"damage":30.0,"enemies":"Hexaghost","floor":16.0,"turns":11.0},{"damage":20.0,"enemies":"Spheric Guardian","floor":18.0,"turns":5.0},{"damage":16.0,"enemies":"Shell Parasite","floor":19.0,"turns":6.0},{"damage":2.0,"enemies":"Snecko","floor":24.0,"turns":5.0},{"damage":10.0,"enemies":"Chosen and Byrds","floor":27.0,"turns":5.0},{"damage":22.0,"enemies":"Sentry and Sphere","floor":28.0,"turns":5.0},{"damage":15.0,"enemies":"3 Cultists","floor":29.0,"turns":4.0},{"damage":8.0,"enemies":"Centurion and Healer","floor":31.0,"turns":6.0},{"damage":33.0,"enemies":"Champ","floor":33.0,"turns":7.0},{"damage":3.0,"enemies":"3 Shapes","floor":35.0,"turns":8.0},{"damage":34.0,"enemies":"3 Darklings","floor":38.0,"turns":6.0},{"damage":18.0,"enemies":"Maw","floor":41.0,"turns":5.0},{"damage":29.0,"enemies":"Jaw Worm Horde","floor":47.0,"turns":6.0},{"damage":1.0,"enemies":"3 Darklings","floor":48.0,"turns":5.0},{"damage":25.0,"enemies":"Time Eater","floor":50.0,"turns":8.0},{"damage":34,"enemies":"Shield and Spear","floor":54,"turns":9},{"damage":71,"enemies":"The Heart","floor":55,"turns":3}],"seed_played":"7692741157342051981","potions_obtained":[{"floor":1.0,"key":"FairyPotion"},{"floor":7.0,"key":"FearPotion"},{"floor":13.0,"key":"Block Potion"},{"floor":16.0,"key":"Dexterity Potion"}],"is_trial":false,"path_per_floor":["M","M","M","M","?","R","E","R","T","M","R","M","E","M","R","B",null,"M","M","?","$","?","R","M","R","T","M","M","M","?","M","R","B",null,"M","T","$","M","$","R","M","R","T","R","?","R","M","M","R","B",null,"R","$","E","B"],"character_chosen":"IRONCLAD","items_purchased":["Juzu Bracelet","Bloodletting","Orichalcum"],"campfire_rested":2,"item_purchase_floors":[21,21,37],"current_hp_per_floor":[88,81,80,84,77,77,61,61,61,43,43,48,34,40,40,16,88,74,64,64,64,64,64,68,68,68,64,48,39,39,37,63,36,88,88,88,88,60,60,60,48,48,48,48,48,48,29,38,64,49,88,88,88,60,0],"gold":34,"neow_bonus":"TEN_PERCENT_HP_BONUS","is_prod":false,"is_daily":false,"chose_seed":false,"campfire_upgraded":7,"win_rate":0,"timestamp":1546865075,"path_taken":["M","M","M","M","?","R","E","R","T","M","R","M","E","M","R","BOSS","M","M","?","$","?","R","M","R","T","M","M","M","?","M","R","BOSS","M","?","$","M","$","R","M","R","T","R","?","R","M","M","R","BOSS","R","$","E","BOSS"],"build_version":"2019-01-03v4","purchased_purges":3,"victory":false,"max_hp_per_floor":[88,88,88,88,88,88,88,88,88,88,88,88,88,88,88,88,88,88,88,88,88,88,88,88,88,88,88,88,88,88,88,88,88,88,88,88,88,88,88,88,88,88,88,88,88,88,88,88,88,88,88,88,88,88,88],"card_choices":[{"not_picked":["Infernal Blade","True Grit"],"picked":"Iron Wave","floor":1.0},{"not_picked":["Anger","Twin Strike"],"picked":"Spot Weakness","floor":2.0},{"not_picked":["Body Slam","Burning Pact"],"picked":"Shrug It Off","floor":3.0},{"not_picked":["Second Wind","Thunderclap"],"picked":"Dark Embrace","floor":4.0},{"not_picked":["Burning Pact","Perfected Strike"],"picked":"Metallicize","floor":7.0},{"not_picked":["Sword Boomerang","Pommel Strike"],"picked":"Armaments","floor":10.0},{"not_picked":["Perfected Strike","Iron Wave"],"picked":"Shrug It Off","floor":12.0},{"not_picked":["Pummel","Feel No Pain"],"picked":"Entrench","floor":13.0},{"not_picked":["Armaments","Cleave","Dual Wield"],"picked":"SKIP","floor":14.0},{"not_picked":["Double Tap","Juggernaut"],"picked":"Demon Form","floor":16.0},{"not_picked":["Second Wind+1","Fire Breathing+1"],"picked":"Flame Barrier+1","floor":18.0},{"not_picked":["Sentinel","Cleave"],"picked":"Sword Boomerang","floor":19.0},{"not_picked":["Sword Boomerang","Armaments"],"picked":"Heavy Blade","floor":24.0},{"not_picked":["Cleave","Immolate","Body Slam"],"picked":"SKIP","floor":27.0},{"not_picked":["Clothesline","Havoc","Twin Strike"],"picked":"SKIP","floor":28.0},{"not_picked":["Rupture","Twin Strike","Perfected Strike"],"picked":"SKIP","floor":29.0},{"not_picked":["Anger+1","Headbutt","Exhume"],"picked":"SKIP","floor":31.0},{"not_picked":["Offering","Juggernaut"],"picked":"Double Tap","floor":33.0},{"not_picked":["Spot Weakness+1","Clothesline"],"picked":"Disarm","floor":35.0},{"not_picked":["Armaments","Cleave+1","Pommel Strike"],"picked":"SKIP","floor":38.0},{"not_picked":["Searing Blow+1","Iron Wave+1"],"picked":"Headbutt","floor":41.0},{"not_picked":["Magnetism","Finesse"],"picked":"Bandage Up","floor":45.0},{"not_picked":["Armaments+1","Clothesline+1","Battle Trance"],"picked":"SKIP","floor":47.0},{"not_picked":["Anger+1","Cleave+1"],"picked":"Metallicize","floor":48.0},{"not_picked":["Flex","True Grit+1","Thunderclap+1"],"picked":"SKIP","floor":54}],"player_experience":157973,"relics_obtained":[{"floor":7.0,"key":"Bag of Preparation"},{"floor":9.0,"key":"Mercury Hourglass"},{"floor":13.0,"key":"Tiny Chest"},{"floor":36.0,"key":"Girya"},{"floor":43.0,"key":"Darkstone Periapt"},{"floor":54,"key":"StoneCalendar"}],"event_choices":[{"cards_removed":["Strike_R"],"damage_healed":0.0,"max_hp_gain":0.0,"max_hp_loss":0.0,"gold_gain":0.0,"event_name":"Golden Wing","player_choice":"Card Removal","floor":5.0,"gold_loss":0.0,"damage_taken":7.0},{"damage_healed":0.0,"max_hp_gain":0.0,"max_hp_loss":0.0,"gold_gain":0.0,"event_name":"Vampires","player_choice":"Ignored","floor":20.0,"gold_loss":0.0,"damage_taken":0.0},{"cards_removed":["Strike_R"],"damage_healed":0.0,"max_hp_gain":0.0,"max_hp_loss":0.0,"gold_gain":0.0,"event_name":"Beggar","player_choice":"Gave Gold","floor":22.0,"gold_loss":75.0,"damage_taken":0.0},{"damage_healed":0.0,"max_hp_gain":0.0,"max_hp_loss":0.0,"gold_gain":100.0,"event_name":"Golden Shrine","player_choice":"Pray","floor":30.0,"gold_loss":0.0,"damage_taken":0.0},{"damage_healed":0.0,"max_hp_gain":0.0,"max_hp_loss":0.0,"gold_gain":0.0,"event_name":"SensoryStone","player_choice":"Memory 1","floor":45.0,"gold_loss":0.0,"damage_taken":0.0}],"is_beta":false,"boss_relics":[{"not_picked":["Philosopher\u0027s Stone","Fusion Hammer"],"picked":"Sozu"},{"not_picked":["Cursed Key","Coffee Dripper"],"picked":"Runic Pyramid"}],"items_purged_floors":[21,37,53],"is_endless":false,"potions_floor_spawned":[1,7,13,16,19,27,28,31,41,48],"killed_by":"The Heart","ascension_level":2}