{"gold_per_floor":[360,360,372,392,410,410,429,429,429,704,782,254,108,120,120,215,215,226,17,17,17,32,50,68,68,94,105,120,120,120,137,137,233,233,244,244,119,119,139,139,159,159,159,159,159,9,25,38,38,38],"floor_reached":51,"playtime":1384,"items_purged":["Regret","Strike_R","Strike_R","Strike_R"],"score":715,"play_id":"83d74dbd-35fa-4e09-90ec-798c5bd86be7","local_time":"20190305181012","is_ascension_mode":false,"campfire_choices":[{"data":"Armaments","floor":6.0,"key":"SMITH"},{"data":"Metallicize","floor":8.0,"key":"SMITH"},{"data":"Flex","floor":15.0,"key":"SMITH"},{"floor":25.0,"key":"REST"},{"floor":30.0,"key":"REST"},{"floor":32.0,"key":"REST"},{"floor":40.0,"key":"REST"},{"floor":45.0,"key":"REST"},{"floor":49,"key":"REST"}],"neow_cost":"PERCENT_DAMAGE","seed_source_timestamp":8754141145495,"circlet_count":0,"master_deck":["Strike_R","Defend_R","Defend_R","Defend_R","Defend_R","Bash","Armaments+1","Metallicize+1","Corruption","Flex+1","Feed+1","Offering+1","Havoc","Fire Breathing+1","Feel No Pain","Body Slam+1","Flex","Headbutt+1","Offering","Twin Strike+1","Reckless Charge+1","Whirlwind+1","Exhume"],"special_seed":0,"relics":["Burning Blood","Juzu Bracelet","Meat on the Bone","Molten Egg 2","OrangePellets","Fusion Hammer","Medical Kit","Art of War","MutagenicStrength","Cursed Key","Gremlin Horn","Spirit Poop"],"potions_floor_usage":[50,50],"damage_taken":[{"damage":4.0,"enemies":"Jaw Worm","floor":1.0,"turns":5.0},{"damage":1.0,"enemies":"Cultist","floor":3.0,"turns":4.0},{"damage":0.0,"enemies":"2 Louse","floor":4.0,"turns":3.0},{"damage":8.0,"enemies":"Red Slaver","floor":5.0,"turns":4.0},{"damage":0.0,"enemies":"Large Slime","floor":7.0,"turns":8.0},{"damage":0.0,"enemies":"Exordium Wildlife","floor":14.0,"turns":4.0},{"damage":23.0,"enemies":"Hexaghost","floor":16.0,"turns":9.0},{"damage":6.0,"enemies":"Shell Parasite","floor":18.0,"turns":2.0},{"damage":22.0,"enemies":"2 Thieves","floor":22.0,"turns":3.0},{"damage":20.0,"enemies":"Snake Plant","floor":23.0,"turns":3.0},{"damage":6.0,"enemies":"Snecko","floor":24.0,"turns":3.0},{"damage":7.0,"enemies":"Sentry and Sphere","floor":27.0,"turns":5.0},{"damage":6.0,"enemies":"3 Cultists","floor":28.0,"turns":4.0},{"damage":23.0,"enemies":"Snake Plant","floor":31.0,"turns":3.0},{"damage":80.0,"enemies":"Collector","floor":33.0,"turns":8.0},{"damage":12.0,"enemies":"Orb Walker","floor":35.0,"turns":2.0},{"damage":12.0,"enemies":"3 Darklings","floor":39.0,"turns":5.0},{"damage":17.0,"enemies":"Sphere and 2 Shapes","floor":41.0,"turns":3.0},{"damage":44.0,"enemies":"Writhing Mass","floor":47.0,"turns":3.0},{"damage":28,"enemies":"Jaw Worm Horde","floor":48,"turns":5},{"damage":48,"enemies":"Awakened One","floor":50,"turns":9}],"seed_played":"-5648419480513433186","potions_obtained":[{"floor":1.0,"key":"Energy Potion"},{"floor":3.0,"key":"Explosive Potion"},{"floor":7.0,"key":"Explosive Potion"},{"floor":14.0,"key":"LiquidBronze"},{"floor":16.0,"key":"SpeedPotion"},{"floor":22.0,"key":"AttackPotion"},{"floor":27.0,"key":"Dexterity Potion"},{"floor":28.0,"key":"BloodPotion"},{"floor":39.0,"key":"FearPotion"},{"floor":41.0,"key":"Energy Potion"},{"floor":47.0,"key":"SpeedPotion"}],"is_trial":false,"path_per_floor":["M","?","M","M","M","R","M","R","T","?","T","$","$","M","R","B",null,"M","$","?","$","M","M","M","R","T","M","M","?","R","M","R","B",null,"M","?","$","?","M","R","M","?","T","?","R","$","M","M","R","B",null],"character_chosen":"IRONCLAD","items_purchased":["Molten Egg 2","OrangePellets","Flex","Medical Kit"],"campfire_rested":6,"item_purchase_floors":[12,12,13,19],"current_hp_per_floor":[58,58,63,69,67,67,73,73,73,73,73,73,73,79,79,66,84,88,88,88,88,76,66,66,94,94,97,101,101,104,91,108,60,112,106,106,106,106,104,116,109,109,109,109,120,120,86,76,113,71],"gold":38,"neow_bonus":"TWO_FIFTY_GOLD","is_prod":false,"is_daily":false,"chose_seed":false,"campfire_upgraded":3,"win_rate":0,"timestamp":1551831012,"path_taken":["M","?","M","M","M","R","M","R","T","?","?","?","$","M","R","BOSS","M","$","?","$","M","M","M","R","T","M","M","?","R","M","R","BOSS","M","?","$","?","M","R","M","?","T","?","R","$","M","M","R","BOSS"],"build_version":"2019-01-23","purchased_purges":4,"victory":true,"max_hp_per_floor":[80,80,80,80,80,80,80,80,80,80,80,80,80,80,80,84,84,88,88,88,88,92,96,96,96,96,100,104,104,104,108,108,112,112,112,112,112,112,116,116,120,120,120,120,120,120,124,124,124,124],"card_choices":[{"not_picked":["Corruption","Thunderclap","Anger"],"picked":"SKIP","floor":1.0},{"not_picked":["Pummel","Perfected Strike"],"picked":"Clash","floor":3.0},{"not_picked":["Sever Soul","Rupture"],"picked":"Armaments","floor":4.0},{"not_picked":["Combust","Clothesline"],"picked":"Metallicize","floor":5.0},{"not_picked":["Thunderclap","Shrug It Off"],"picked":"Corruption","floor":7.0},{"not_picked":["Infernal Blade","Sentinel"],"picked":"Feed+1","floor":14.0},{"not_picked":["Dark Embrace","Fiend Fire+1"],"picked":"Offering","floor":16.0},{"not_picked":["Ghostly Armor","Rage"],"picked":"Havoc","floor":18.0},{"not_picked":["Havoc","Perfected Strike+1","Warcry"],"picked":"SKIP","floor":22.0},{"not_picked":["Flex","Armaments"],"picked":"Fire Breathing+1","floor":23.0},{"not_picked":["Intimidate+1","Sever Soul+1"],"picked":"Feel No Pain","floor":24.0},{"not_picked":["Clash+1","Sentinel"],"picked":"Body Slam+1","floor":27.0},{"not_picked":["Iron Wave+1","Cleave+1"],"picked":"Flex","floor":28.0},{"not_picked":["Pommel Strike+1","True Grit"],"picked":"Headbutt+1","floor":31.0},{"not_picked":["Impervious","Fiend Fire+1"],"picked":"Offering","floor":33.0},{"not_picked":["Anger+1","Headbutt+1","Shrug It Off"],"picked":"SKIP","floor":35.0},{"not_picked":["Seeing Red+1","Sever Soul+1"],"picked":"Twin Strike+1","floor":39.0},{"not_picked":["Pommel Strike+1","Fire Breathing+1"],"picked":"Reckless Charge+1","floor":41.0},{"not_picked":["Body Slam+1","Inflame"],"picked":"Whirlwind+1","floor":47.0},{"not_picked":["Hemokinesis+1","Headbutt+1"],"picked":"Exhume","floor":48}],"player_experience":988071,"relics_obtained":[{"floor":9.0,"key":"Juzu Bracelet"},{"floor":11.0,"key":"Meat on the Bone"},{"floor":26.0,"key":"Art of War"},{"floor":43.0,"key":"Gremlin Horn"}],"event_choices":[{"cards_removed":["Strike_R"],"damage_healed":0.0,"max_hp_gain":0.0,"max_hp_loss":0.0,"gold_gain":0.0,"event_name":"Purifier","player_choice":"Purged","floor":2.0,"gold_loss":0.0,"damage_taken":0.0},{"damage_healed":0.0,"max_hp_gain":0.0,"max_hp_loss":0.0,"gold_gain":275.0,"event_name":"Golden Shrine","player_choice":"Desecrate","floor":10.0,"gold_loss":0.0,"damage_taken":0.0,"cards_obtained":["Regret"]},{"damage_healed":0.0,"max_hp_gain":0.0,"max_hp_loss":0.0,"gold_gain":0.0,"event_name":"Upgrade Shrine","player_choice":"Upgraded","floor":20.0,"gold_loss":0.0,"damage_taken":0.0,"cards_upgraded":["Offering"]},{"damage_healed":0.0,"max_hp_gain":0.0,"max_hp_loss":0.0,"gold_gain":0.0,"event_name":"Drug Dealer","player_choice":"Inject Mutagens","floor":29.0,"gold_loss":0.0,"damage_taken":0.0,"relics_obtained":["MutagenicStrength"]},{"damage_healed":0.0,"max_hp_gain":0.0,"max_hp_loss":0.0,"gold_gain":0.0,"event_name":"Mysterious Sphere","player_choice":"Ignored","floor":36.0,"gold_loss":0.0,"damage_taken":0.0},{"cards_removed":["Clash"],"damage_healed":0.0,"max_hp_gain":0.0,"max_hp_loss":0.0,"gold_gain":0.0,"event_name":"Falling","player_choice":"Removed Attack","floor":38.0,"gold_loss":0.0,"damage_taken":0.0},{"damage_healed":0.0,"max_hp_gain":0.0,"max_hp_loss":0.0,"gold_gain":0.0,"event_name":"Tomb of Lord Red Mask","player_choice":"Ignored","floor":42.0,"gold_loss":0.0,"damage_taken":0.0},{"cards_removed":["Normality"],"damage_healed":0.0,"max_hp_gain":0.0,"max_hp_loss":0.0,"gold_gain":0.0,"event_name":"Bonfire Elementals","player_choice":"Offered Curse","floor":44.0,"gold_loss":0.0,"damage_taken":0.0,"relics_obtained":["Spirit Poop"]}],"is_beta":false,"boss_relics":[{"not_picked":["Snecko Eye","Orrery"],"picked":"Fusion Hammer"},{"not_picked":["Astrolabe","Tiny House"],"picked":"Cursed Key"}],"items_purged_floors":[12,13,37,46],"is_endless":false,"potions_floor_spawned":[1,3,7,14,16,22,27,28,39,41,47],"ascension_level":0}