{"gold_per_floor":[113,113,128,143,68,68,82,82,82,82,100,100,127,142,142,221,221,239,254,31,31,0,0,13,13,13,13,27,58,258,258,258,337,387,403,137,137,153,170,170,170],"floor_reached":41,"playtime":1576,"items_purged":[],"score":719,"play_id":"6f195e8b-367d-4c21-aeb9-a575e1368fc9","local_time":"20190226104633","is_ascension_mode":true,"campfire_choices":[{"data":"Zap","floor":6.0,"key":"SMITH"},{"data":"Dualcast","floor":8.0,"key":"SMITH"},{"data":"Go for the Eyes","floor":10.0,"key":"SMITH"},{"floor":15.0,"key":"REST"},{"data":"Beam Cell","floor":23.0,"key":"SMITH"},{"data":"All For One","floor":25.0,"key":"SMITH"},{"floor":27.0,"key":"REST"},{"data":"Defragment","floor":32.0,"key":"SMITH"},{"data":"Defragment","floor":40,"key":"SMITH"}],"neow_cost":"CURSE","seed_source_timestamp":0,"circlet_count":0,"master_deck":["AscendersBane","Strike_B+1","Strike_B+1","Strike_B+1","Defend_B+1","Defend_B+1","Defend_B+1","Defend_B+1","Zap+1","Dualcast+1","All For One+1","Beam Cell+1","Glacier+1","Go for the Eyes+1","Coolheaded","Conserve Battery","FTL+1","Go for the Eyes+1","Defragment+1","Electrodynamics","Conserve Battery+1","Defragment+1","Scrape","HandOfGreed","Capacitor"],"special_seed":0,"relics":["Cracked Core","Kunai","Letter Opener","Sozu","Dream Catcher","Pen Nib","Juzu Bracelet","Tiny House","Strawberry"],"potions_floor_usage":[],"damage_taken":[{"damage":12.0,"enemies":"Jaw Worm","floor":1.0,"turns":2.0},{"damage":1.0,"enemies":"Cultist","floor":3.0,"turns":3.0},{"damage":7.0,"enemies":"2 Louse","floor":4.0,"turns":2.0},{"damage":0.0,"enemies":"Looter","floor":7.0,"turns":3.0},{"damage":0.0,"enemies":"Exordium Wildlife","floor":11.0,"turns":3.0},{"damage":18.0,"enemies":"3 Sentries","floor":13.0,"turns":7.0},{"damage":0.0,"enemies":"Red Slaver","floor":14.0,"turns":2.0},{"damage":18.0,"enemies":"Slime Boss","floor":16.0,"turns":8.0},{"damage":25.0,"enemies":"3 Byrds","floor":18.0,"turns":5.0},{"damage":8.0,"enemies":"Chosen","floor":19.0,"turns":6.0},{"damage":0.0,"enemies":"Centurion and Healer","floor":24.0,"turns":7.0},{"damage":0.0,"enemies":"Snecko","floor":28.0,"turns":5.0},{"damage":2.0,"enemies":"Slavers","floor":29.0,"turns":5.0},{"damage":32.0,"enemies":"Automaton","floor":33.0,"turns":11.0},{"damage":4.0,"enemies":"3 Shapes","floor":35.0,"turns":3.0},{"damage":5,"enemies":"Orb Walker","floor":38,"turns":5},{"damage":20,"enemies":"Transient","floor":39,"turns":5},{"damage":41,"enemies":"Nemesis","floor":41,"turns":4}],"seed_played":"-2723994474908267022","potions_obtained":[{"floor":1.0,"key":"GamblersBrew"},{"floor":11.0,"key":"Explosive Potion"},{"floor":13.0,"key":"FearPotion"},{"floor":14.0,"key":"Fire Potion"}],"is_trial":false,"path_per_floor":["M","?","M","M","?","R","M","R","T","R","M","?","E","M","R","B",null,"M","M","$","?","?","R","M","R","T","R","M","E","?","?","R","B",null,"M","$","?","M","M","R","E"],"character_chosen":"DEFECT","items_purchased":["FTL","Dream Catcher","Defragment","Strawberry","Scrape"],"campfire_rested":2,"item_purchase_floors":[20,20,36,36,36],"current_hp_per_floor":[52,52,51,44,44,44,44,44,44,44,44,23,5,5,26,8,55,30,22,22,22,22,22,22,22,22,43,43,41,41,41,41,9,61,57,64,64,59,39,39,0],"gold":170,"neow_bonus":"THREE_RARE_CARDS","is_prod":false,"is_daily":false,"chose_seed":false,"campfire_upgraded":7,"win_rate":0,"timestamp":1551206793,"path_taken":["M","?","?","M","?","R","M","R","T","R","M","?","E","M","R","BOSS","M","M","$","?","?","R","M","R","T","R","M","E","?","?","R","BOSS","M","$","?","M","M","R","E"],"build_version":"2019-01-23","purchased_purges":0,"victory":false,"max_hp_per_floor":[71,71,71,71,71,71,71,71,71,71,71,71,71,71,71,71,71,71,71,71,71,71,71,71,71,71,71,71,71,71,71,71,71,76,76,83,83,83,83,83,83],"card_choices":[{"not_picked":["Fission","Meteor Strike"],"picked":"All For One","floor":0.0},{"not_picked":["Turbo","Rebound"],"picked":"Beam Cell","floor":1.0},{"not_picked":["Barrage","Doom and Gloom"],"picked":"Glacier","floor":3.0},{"not_picked":["Turbo","Streamline"],"picked":"Go for the Eyes","floor":4.0},{"not_picked":["Tempest","Leap","Fusion"],"picked":"SKIP","floor":7.0},{"not_picked":["Steam","Beam Cell","Barrage"],"picked":"SKIP","floor":11.0},{"not_picked":["Recycle","Rebound"],"picked":"Coolheaded","floor":13.0},{"not_picked":["Leap","Genetic Algorithm","Compile Driver"],"picked":"SKIP","floor":14.0},{"not_picked":["Gash","Doom and Gloom"],"picked":"Conserve Battery","floor":18.0},{"not_picked":["Doom and Gloom","Turbo","Hologram"],"picked":"SKIP","floor":19.0},{"not_picked":["Conserve Battery+1","Rip and Tear","Skim"],"picked":"SKIP","floor":24.0},{"not_picked":["Coolheaded","Turbo"],"picked":"Go for the Eyes+1","floor":28.0},{"not_picked":["Compile Driver","Barrage","Go for the Eyes+1"],"picked":"SKIP","floor":29.0},{"not_picked":["Meteor Strike","Fission"],"picked":"Electrodynamics","floor":33.0},{"not_picked":["Steam","Rebound"],"picked":"Conserve Battery+1","floor":35.0},{"not_picked":["Metamorphosis","Deep Breath"],"picked":"HandOfGreed","floor":37},{"not_picked":["Conserve Battery+1","Go for the Eyes"],"picked":"Capacitor","floor":38},{"not_picked":["Ball Lightning","Compile Driver","Chaos"],"picked":"SKIP","floor":39}],"player_experience":532139,"relics_obtained":[{"floor":9.0,"key":"Kunai"},{"floor":13.0,"key":"Letter Opener"},{"floor":26.0,"key":"Pen Nib"},{"floor":29.0,"key":"Juzu Bracelet"}],"event_choices":[{"cards_removed":["Injury"],"damage_healed":0.0,"max_hp_gain":0.0,"max_hp_loss":0.0,"gold_gain":0.0,"event_name":"Fountain of Cleansing","player_choice":"Removed Curses","floor":2.0,"gold_loss":0.0,"damage_taken":0.0},{"cards_removed":["Strike_B"],"damage_healed":0.0,"max_hp_gain":0.0,"max_hp_loss":0.0,"gold_gain":0.0,"event_name":"The Cleric","player_choice":"Card Removal","floor":5.0,"gold_loss":75.0,"damage_taken":0.0},{"damage_healed":0.0,"max_hp_gain":0.0,"max_hp_loss":0.0,"gold_gain":0.0,"event_name":"Shining Light","player_choice":"Entered Light","floor":12.0,"gold_loss":0.0,"damage_taken":21.0,"cards_upgraded":["Glacier","Defend_B"]},{"damage_healed":0.0,"max_hp_gain":0.0,"max_hp_loss":0.0,"gold_gain":0.0,"event_name":"Back to Basics","player_choice":"Simplicity","floor":21.0,"gold_loss":0.0,"damage_taken":0.0,"cards_upgraded":["Strike_B","Strike_B","Strike_B","Defend_B","Defend_B","Defend_B"]},{"damage_healed":0.0,"max_hp_gain":0.0,"max_hp_loss":0.0,"gold_gain":0.0,"event_name":"Masked Bandits","player_choice":"Paid Fearfully","floor":22.0,"gold_loss":31.0,"damage_taken":0.0},{"damage_healed":0.0,"max_hp_gain":0.0,"max_hp_loss":0.0,"gold_gain":250.0,"event_name":"The Joust","player_choice":"Bet on Owner","floor":30.0,"gold_loss":50.0,"damage_taken":0.0},{"damage_healed":0.0,"max_hp_gain":0.0,"max_hp_loss":0.0,"gold_gain":0.0,"event_name":"The Library","player_choice":"Read","floor":31.0,"gold_loss":0.0,"damage_taken":0.0,"cards_obtained":["Defragment"]},{"damage_healed":0,"gold_gain":0,"player_choice":"Memory 1","damage_taken":0,"max_hp_gain":0,"max_hp_loss":0,"event_name":"SensoryStone","floor":37,"gold_loss":0}],"is_beta":false,"boss_relics":[{"not_picked":["Ectoplasm","Nuclear Battery"],"picked":"Sozu"},{"not_picked":["Velvet Choker","Black Star"],"picked":"Tiny House"}],"items_purged_floors":[],"is_endless":false,"potions_floor_spawned":[1,11,13,14,24,33,38],"killed_by":"Nemesis","ascension_level":15}