{"gold_per_floor":[215,230,247,30,42,42,42,69,69,69,85,85,85,110,110,110],"floor_reached":16,"playtime":600,"items_purged":["Strike_G"],"score":132,"play_id":"b63863e7-7659-4177-992d-6bf4dd328e66","local_time":"20190216161048","is_ascension_mode":true,"campfire_choices":[{"data":"Noxious Fumes","floor":6,"key":"SMITH"},{"floor":10,"key":"REST"},{"floor":13,"key":"REST"},{"data":"Catalyst","floor":15,"key":"SMITH"}],"neow_cost":"NONE","seed_source_timestamp":18287429724337,"circlet_count":0,"master_deck":["Defend_G","Defend_G","Defend_G","Defend_G","Defend_G","Strike_G","Strike_G","Strike_G","Strike_G","Survivor","Neutralize","Dagger Throw","Sucker Punch","PiercingWail","Noxious Fumes+1","Malaise","Caltrops+1","Acrobatics","Dodge and Roll","Catalyst+1"],"relics":["Ring of the Snake","Smiling Mask","PreservedInsect","GremlinMask","Ornamental Fan"],"potions_floor_usage":[3,11,16],"damage_taken":[{"damage":9,"enemies":"Cultist","floor":1,"turns":5},{"damage":0,"enemies":"Small Slimes","floor":2,"turns":4},{"damage":6,"enemies":"Jaw Worm","floor":3,"turns":4},{"damage":8,"enemies":"Exordium Wildlife","floor":5,"turns":4},{"damage":22,"enemies":"Lagavulin","floor":8,"turns":8},{"damage":4,"enemies":"Looter","floor":11,"turns":5},{"damage":22,"enemies":"Gremlin Nob","floor":14,"turns":4},{"damage":50,"enemies":"Slime Boss","floor":16,"turns":10}],"seed_played":"-8997822752985053296","potions_obtained":[{"floor":2,"key":"AttackPotion"},{"floor":8,"key":"SkillPotion"},{"floor":14,"key":"GhostInAJar"}],"is_trial":false,"path_per_floor":["M","M","M","$","M","R","?","E","T","R","M","?","R","E","R","B"],"character_chosen":"THE_SILENT","items_purchased":["Noxious Fumes","Malaise"],"campfire_rested":2,"item_purchase_floors":[4,4],"current_hp_per_floor":[61,61,55,55,47,47,47,25,25,46,42,42,63,41,41,0],"gold":110,"neow_bonus":"HUNDRED_GOLD","is_prod":false,"is_daily":false,"chose_seed":false,"campfire_upgraded":2,"win_rate":0,"timestamp":1550301048,"path_taken":["M","M","M","$","M","R","?","E","T","R","M","?","R","E","R","BOSS"],"build_version":"2019-01-23","purchased_purges":1,"victory":false,"max_hp_per_floor":[70,70,70,70,70,70,70,70,70,70,70,70,70,70,70,70],"card_choices":[{"not_picked":["Bane","Acrobatics"],"picked":"Dagger Throw","floor":1},{"not_picked":["Masterful Stab","Quick Slash"],"picked":"Sucker Punch","floor":2},{"not_picked":["Backstab","Infinite Blades"],"picked":"PiercingWail","floor":3},{"not_picked":["Dagger Throw","Sucker Punch"],"picked":"Caltrops","floor":5},{"not_picked":["Flying Knee","Slice"],"picked":"Acrobatics","floor":8},{"not_picked":["Outmaneuver","All Out Attack"],"picked":"Dodge and Roll","floor":11},{"not_picked":["Dagger Throw","Wraith Form v2"],"picked":"Catalyst","floor":14}],"player_experience":362082,"relics_obtained":[{"floor":8,"key":"Smiling Mask"},{"floor":9,"key":"PreservedInsect"},{"floor":14,"key":"Ornamental Fan"}],"event_choices":[{"damage_healed":0,"gold_gain":0,"player_choice":"Grow","damage_taken":0,"max_hp_gain":0,"max_hp_loss":0,"event_name":"Living Wall","floor":7,"gold_loss":0,"cards_upgraded":["Caltrops"]},{"damage_healed":0,"gold_gain":0,"player_choice":"Trade","damage_taken":0,"relics_obtained":["GremlinMask"],"max_hp_gain":0,"max_hp_loss":0,"event_name":"FaceTrader","floor":12,"gold_loss":0}],"is_beta":false,"boss_relics":[],"items_purged_floors":[4],"is_endless":false,"potions_floor_spawned":[2,8,14],"killed_by":"Slime Boss","ascension_level":4}