{"gold_per_floor":[111,186,111,126,301,301,336,356,356,384,484,484,504,516,516,516],"floor_reached":16,"playtime":545,"items_purged":["Strike_R"],"score":162,"play_id":"4dddfb37-fe9f-40c9-b836-886cbc7914d3","local_time":"20181024100634","is_ascension_mode":true,"campfire_choices":[{"data":"Bash","floor":6,"key":"SMITH"},{"data":"Rampage","floor":12,"key":"SMITH"},{"floor":15,"key":"REST"}],"neow_cost":"NONE","seed_source_timestamp":750043199370321,"circlet_count":0,"master_deck":["Strike_R","Strike_R","Strike_R","Strike_R","Defend_R","Defend_R","Defend_R","Defend_R","Bash+1","Doubt","Rampage+1","Shrug It Off"],"relics":["Burning Blood","NeowsBlessing","Regal Pillow","Bottled Lightning","Oddly Smooth Stone"],"potions_floor_usage":[10],"damage_taken":[{"damage":0,"enemies":"2 Louse","floor":1,"turns":1},{"damage":0,"enemies":"Jaw Worm","floor":4,"turns":1},{"damage":0,"enemies":"Lagavulin","floor":7,"turns":1},{"damage":10,"enemies":"Small Slimes","floor":8,"turns":4},{"damage":60,"enemies":"3 Sentries","floor":10,"turns":11},{"damage":14,"enemies":"Exordium Wildlife","floor":13,"turns":5},{"damage":14,"enemies":"Exordium Thugs","floor":14,"turns":7},{"damage":55,"enemies":"The Guardian","floor":16,"turns":9}],"seed_played":"-4237871820870569018","potions_obtained":[{"floor":4,"key":"Regen Potion"},{"floor":7,"key":"SteroidPotion"},{"floor":8,"key":"Energy Potion"},{"floor":10,"key":"FearPotion"}],"is_trial":false,"path_per_floor":["M","?","$","M","?","R","E","M","T","E","?","R","M","M","R"],"character_chosen":"IRONCLAD","items_purchased":[],"campfire_rested":1,"item_purchase_floors":[],"current_hp_per_floor":[80,69,69,75,75,75,80,76,76,32,32,32,24,16,55,0],"gold":516,"neow_bonus":"THREE_ENEMY_KILL","is_prod":false,"is_daily":false,"chose_seed":false,"campfire_upgraded":2,"win_rate":0,"timestamp":1540389994,"path_taken":["M","?","$","M","?","R","E","M","T","E","?","R","M","M","R","BOSS"],"build_version":"2018-10-18","purchased_purges":1,"victory":false,"max_hp_per_floor":[80,80,80,80,80,80,80,80,80,80,80,80,80,80,80,80],"card_choices":[{"not_picked":["Iron Wave","Combust","Clash"],"picked":"SKIP","floor":1},{"not_picked":["Pommel Strike","Intimidate","Headbutt"],"picked":"SKIP","floor":4},{"not_picked":["Anger","Blood for Blood"],"picked":"Rampage","floor":7},{"not_picked":["Perfected Strike","Shrug It Off","Feel No Pain"],"picked":"SKIP","floor":8},{"not_picked":["Pommel Strike","Sever Soul","Clothesline"],"picked":"SKIP","floor":10},{"not_picked":["Body Slam","Sword Boomerang"],"picked":"Shrug It Off","floor":13},{"not_picked":["Wild Strike","Power Through","Offering"],"picked":"SKIP","floor":14}],"player_experience":223041,"relics_obtained":[{"floor":7,"key":"Regal Pillow"},{"floor":9,"key":"Bottled Lightning"},{"floor":10,"key":"Oddly Smooth Stone"}],"event_choices":[{"damage_healed":0,"gold_gain":75,"player_choice":"Gather Gold","damage_taken":11,"max_hp_gain":0,"max_hp_loss":0,"event_name":"World of Goop","floor":2,"gold_loss":0},{"damage_healed":0,"gold_gain":175,"player_choice":"AGREE","damage_taken":0,"max_hp_gain":0,"max_hp_loss":0,"event_name":"Liars Game","floor":5,"gold_loss":0,"cards_obtained":["Doubt"]},{"damage_healed":0,"gold_gain":100,"player_choice":"Gold","damage_taken":0,"max_hp_gain":0,"max_hp_loss":0,"event_name":"Wheel of Change","floor":11,"gold_loss":0}],"is_beta":false,"boss_relics":[],"items_purged_floors":[3],"is_endless":false,"potions_floor_spawned":[4,7,8,10],"killed_by":"The Guardian","ascension_level":4}