{"gold_per_floor":[214,214,230,230,47,82,139,139,214,489,515,527,573,605,617,629],"floor_reached":16,"playtime":603,"items_purged":[],"score":232,"play_id":"0153e55a-8900-464a-abda-296931d3f85a","local_time":"20190305155239","is_ascension_mode":true,"campfire_choices":[{"data":"Streamline","floor":8.0,"key":"SMITH"},{"data":"Sunder","floor":12.0,"key":"SMITH"},{"floor":15,"key":"REST"}],"neow_cost":"NONE","seed_source_timestamp":435295598413082,"circlet_count":0,"master_deck":["AscendersBane","Strike_B","Strike_B","Strike_B","Strike_B","Defend_B","Defend_B","Defend_B","Defend_B","Zap+1","Dualcast","BootSequence","Streamline+1","Beam Cell","Capacitor","Sunder+1","Regret","Tempest","Chill","Hologram"],"special_seed":0,"relics":["Cracked Core","PreservedInsect","Pocketwatch","Shuriken","Tiny Chest","MawBank","Bottled Flame"],"potions_floor_usage":[13,16],"damage_taken":[{"damage":2.0,"enemies":"2 Louse","floor":1.0,"turns":3.0},{"damage":1.0,"enemies":"Cultist","floor":3.0,"turns":3.0},{"damage":20.0,"enemies":"Lagavulin","floor":6.0,"turns":5.0},{"damage":6.0,"enemies":"Gremlin Nob","floor":7.0,"turns":3.0},{"damage":7.0,"enemies":"3 Sentries","floor":11.0,"turns":3.0},{"damage":5,"enemies":"Lagavulin","floor":13,"turns":3},{"damage":2,"enemies":"Small Slimes","floor":14,"turns":2},{"damage":52,"enemies":"Hexaghost","floor":16,"turns":9}],"seed_played":"-5520765819638498550","potions_obtained":[{"floor":1.0,"key":"FearPotion"},{"floor":11.0,"key":"Explosive Potion"},{"floor":13,"key":"Regen Potion"},{"floor":14,"key":"SteroidPotion"}],"is_trial":false,"path_per_floor":["M","?","M","?","$","E","?","R","T","?","E","R","E","M","R","B"],"character_chosen":"DEFECT","items_purchased":["PreservedInsect","Beam Cell"],"campfire_rested":1,"item_purchase_floors":[5,5],"current_hp_per_floor":[62,62,61,61,61,41,35,35,35,35,28,28,23,21,42,0],"gold":629,"neow_bonus":"HUNDRED_GOLD","is_prod":false,"is_daily":false,"chose_seed":false,"campfire_upgraded":2,"win_rate":0,"timestamp":1551797559,"path_taken":["M","?","?","?","$","E","?","R","T","?","E","R","E","M","R","BOSS"],"build_version":"2019-01-23","purchased_purges":0,"victory":false,"max_hp_per_floor":[71,71,71,71,71,71,71,71,71,71,71,71,71,71,71,71],"card_choices":[{"not_picked":["Heatsinks","Undo"],"picked":"BootSequence","floor":1.0},{"not_picked":["Double Energy","Barrage"],"picked":"Streamline","floor":3.0},{"not_picked":["Go for the Eyes","BootSequence"],"picked":"Capacitor","floor":6.0},{"not_picked":["Steam","Ball Lightning"],"picked":"Sunder","floor":7.0},{"not_picked":["Streamline","Compile Driver"],"picked":"Tempest","floor":11.0},{"not_picked":["Double Energy","Static Discharge"],"picked":"Chill","floor":13},{"not_picked":["Sweeping Beam","Beam Cell"],"picked":"Hologram","floor":14}],"player_experience":822204,"relics_obtained":[{"floor":6.0,"key":"Pocketwatch"},{"floor":9.0,"key":"Tiny Chest"},{"floor":11.0,"key":"MawBank"},{"floor":13,"key":"Bottled Flame"}],"event_choices":[{"damage_healed":0.0,"max_hp_gain":0.0,"max_hp_loss":0.0,"gold_gain":0.0,"event_name":"Upgrade Shrine","player_choice":"Upgraded","floor":2.0,"gold_loss":0.0,"damage_taken":0.0,"cards_upgraded":["Zap"]},{"damage_healed":0.0,"max_hp_gain":0.0,"max_hp_loss":0.0,"gold_gain":0.0,"event_name":"The Cleric","player_choice":"Leave","floor":4.0,"gold_loss":0.0,"damage_taken":0.0},{"damage_healed":0.0,"max_hp_gain":0.0,"max_hp_loss":0.0,"gold_gain":0.0,"event_name":"Dead Adventurer","player_choice":"Searched \u00273\u0027 times","floor":7.0,"gold_loss":0.0,"damage_taken":0.0,"relics_obtained":["Shuriken"]},{"damage_healed":0.0,"max_hp_gain":0.0,"max_hp_loss":0.0,"gold_gain":275.0,"event_name":"Golden Shrine","player_choice":"Desecrate","floor":10.0,"gold_loss":0.0,"damage_taken":0.0,"cards_obtained":["Regret"]}],"is_beta":false,"boss_relics":[],"items_purged_floors":[],"is_endless":false,"potions_floor_spawned":[1,11,13,14],"killed_by":"Hexaghost","ascension_level":20}