{"gold_per_floor":[111,111,111,128,57,89,89,89,89,105,139,139,150,176,176,280,280,290,389,357,159,59,87,87,97,165,198,198,213,229,144,144,241,241,260,360,374,284,295,295,312,341,394,394,394,196,216,234,234,234],"floor_reached":50,"playtime":2251,"items_purged":["Strike_G","Finisher","Strike_G"],"score":666,"play_id":"fc42fa04-8ffb-4a31-863e-44f53149541d","local_time":"20190110140043","is_ascension_mode":true,"campfire_choices":[{"data":"Noxious Fumes","floor":7.0,"key":"SMITH"},{"data":"Neutralize","floor":12.0,"key":"SMITH"},{"floor":15.0,"key":"REST"},{"floor":24.0,"key":"REST"},{"floor":28.0,"key":"REST"},{"floor":32.0,"key":"REST"},{"floor":40.0,"key":"REST"},{"floor":44.0,"key":"REST"},{"floor":49.0,"key":"REST"}],"neow_cost":"NONE","seed_source_timestamp":10107620510613,"circlet_count":0,"master_deck":["Defend_G","Defend_G","Defend_G","Defend_G","Defend_G","Strike_G+1","Strike_G+1","Survivor","Neutralize+1","Quick Slash","Dagger Spray","Noxious Fumes+1","Deadly Poison","Leg Sweep","Night Terror","After Image+1","Catalyst","Catalyst+1","Noxious Fumes+1","PiercingWail","Catalyst+1","Caltrops+1","Dodge and Roll+1","Deadly Poison+1","Prepared+1","Deadly Poison+1","Deflect+1","Noxious Fumes+1","Burst","Backflip+1","After Image+1","Well Laid Plans+1","Parasite","PiercingWail+1"],"special_seed":0,"relics":["Ring of the Serpent","NeowsBlessing","Whetstone","Paper Crane","Frozen Egg 2","Dodecahedron","Nunchaku","WristBlade","Blood Vial","Ornamental Fan","Gremlin Horn","Dream Catcher","Tough Bandages","Art of War","Bag of Preparation"],"potions_floor_usage":[50],"damage_taken":[{"damage":0.0,"enemies":"2 Louse","floor":1.0,"turns":1.0},{"damage":0.0,"enemies":"Small Slimes","floor":4.0,"turns":1.0},{"damage":0.0,"enemies":"Lagavulin","floor":6.0,"turns":1.0},{"damage":4.0,"enemies":"Jaw Worm","floor":10.0,"turns":5.0},{"damage":22.0,"enemies":"3 Sentries","floor":11.0,"turns":6.0},{"damage":22.0,"enemies":"Gremlin Gang","floor":13.0,"turns":4.0},{"damage":9.0,"enemies":"Gremlin Nob","floor":14.0,"turns":3.0},{"damage":28.0,"enemies":"Hexaghost","floor":16.0,"turns":8.0},{"damage":0.0,"enemies":"Chosen","floor":18.0,"turns":5.0},{"damage":24.0,"enemies":"2 Thieves","floor":20.0,"turns":5.0},{"damage":46.0,"enemies":"Gremlin Leader","floor":23.0,"turns":6.0},{"damage":4.0,"enemies":"Snecko","floor":25.0,"turns":6.0},{"damage":18.0,"enemies":"Book of Stabbing","floor":27.0,"turns":10.0},{"damage":16.0,"enemies":"Shelled Parasite and Fungi","floor":29.0,"turns":6.0},{"damage":16.0,"enemies":"Cultist and Chosen","floor":30.0,"turns":6.0},{"damage":3.0,"enemies":"Champ","floor":33.0,"turns":7.0},{"damage":36.0,"enemies":"3 Darklings","floor":35.0,"turns":6.0},{"damage":0.0,"enemies":"Mind Bloom Boss Battle","floor":36.0,"turns":5.0},{"damage":0.0,"enemies":"3 Shapes","floor":37.0,"turns":7.0},{"damage":43.0,"enemies":"Jaw Worm Horde","floor":39.0,"turns":5.0},{"damage":25.0,"enemies":"Transient","floor":41.0,"turns":5.0},{"damage":0.0,"enemies":"Giant Head","floor":42.0,"turns":5.0},{"damage":0.0,"enemies":"Maw","floor":47.0,"turns":5.0},{"damage":1.0,"enemies":"Writhing Mass","floor":48.0,"turns":4.0},{"damage":62,"enemies":"Awakened One","floor":50,"turns":5}],"seed_played":"-4178339029828306085","potions_obtained":[{"floor":6.0,"key":"Fire Potion"},{"floor":10.0,"key":"SteroidPotion"},{"floor":11.0,"key":"Fire Potion"},{"floor":14.0,"key":"GamblersBrew"},{"floor":27.0,"key":"Poison Potion"},{"floor":30.0,"key":"Block Potion"},{"floor":33.0,"key":"Energy Potion"},{"floor":39.0,"key":"Explosive Potion"},{"floor":41.0,"key":"GamblersBrew"},{"floor":47.0,"key":"Explosive Potion"},{"floor":48.0,"key":"FearPotion"}],"is_trial":false,"path_per_floor":["M","?","?","M","$","E","R","?","T","M","E","R","M","E","R","B",null,"M","?","M","$","$","E","R","M","T","E","R","M","M","?","R","B",null,"M","?","M","?","M","R","M","E","T","R","?","$","M","M","R","B"],"character_chosen":"THE_SILENT","items_purchased":["Noxious Fumes","Noxious Fumes+1","PiercingWail","After Image+1"],"campfire_rested":7,"item_purchase_floors":[5,21,21,46],"current_hp_per_floor":[70,75,75,75,75,75,75,75,75,71,49,49,27,18,40,12,75,75,75,51,51,51,5,27,25,25,9,31,17,3,3,25,24,75,39,41,43,43,2,24,1,3,3,25,25,25,27,28,50,0],"gold":234,"neow_bonus":"THREE_ENEMY_KILL","is_prod":false,"is_daily":false,"chose_seed":false,"campfire_upgraded":2,"win_rate":0,"timestamp":1547096443,"path_taken":["M","?","?","M","$","E","R","?","T","M","E","R","M","E","R","BOSS","M","?","M","?","$","E","R","?","T","E","R","M","M","?","R","BOSS","M","?","M","?","?","R","M","E","T","R","?","$","M","M","R","BOSS"],"build_version":"2019-01-03v4","purchased_purges":3,"victory":false,"max_hp_per_floor":[70,75,75,75,75,75,75,75,75,75,75,75,75,75,75,75,75,75,75,75,75,75,75,75,75,75,75,75,75,75,75,75,75,75,75,75,75,75,75,75,75,75,75,75,75,75,75,75,75,75],"card_choices":[{"not_picked":["All Out Attack","Outmaneuver"],"picked":"Quick Slash","floor":1.0},{"not_picked":["Finisher","Poisoned Stab"],"picked":"Dagger Spray","floor":4.0},{"not_picked":["Tools of the Trade","Prepared"],"picked":"Finisher","floor":6.0},{"not_picked":["Tactician","Cloak And Dagger"],"picked":"Deadly Poison","floor":10.0},{"not_picked":["Heel Hook","Slice"],"picked":"Leg Sweep","floor":11.0},{"not_picked":["Dagger Spray","Masterful Stab","Flying Knee"],"picked":"SKIP","floor":13.0},{"not_picked":["Concentrate","Quick Slash"],"picked":"Night Terror","floor":14.0},{"not_picked":["Bullet Time","Night Terror"],"picked":"After Image+1","floor":16.0},{"not_picked":["Outmaneuver","Reflex"],"picked":"Catalyst","floor":18.0},{"not_picked":["Acrobatics+1","Outmaneuver"],"picked":"Catalyst+1","floor":20.0},{"not_picked":["Heel Hook","Accuracy+1","Poisoned Stab"],"picked":"SKIP","floor":23.0},{"not_picked":["Slice+1","Concentrate"],"picked":"Catalyst+1","floor":25.0},{"not_picked":["Terror+1","Expertise+1"],"picked":"Caltrops+1","floor":27.0},{"not_picked":["Venomology","Backstab","Dagger Throw+1"],"picked":"SKIP","floor":29.0},{"not_picked":["Endless Agony","Deadly Poison"],"picked":"Dodge and Roll+1","floor":30.0},{"not_picked":["Cloak And Dagger","Sucker Punch+1"],"picked":"Deadly Poison+1","floor":35.0},{"not_picked":["Flechettes+1","Eviscerate+1"],"picked":"Prepared","floor":36.0},{"not_picked":["Flying Knee","Wraith Form v2+1","Underhanded Strike"],"picked":"SKIP","floor":37.0},{"not_picked":["Prepared+1","Blade Dance"],"picked":"Deadly Poison+1","floor":39.0},{"not_picked":["Flying Knee+1","Riddle With Holes"],"picked":"Deflect+1","floor":40.0},{"not_picked":["Glass Knife","Escape Plan"],"picked":"Noxious Fumes+1","floor":41.0},{"not_picked":["Prepared+1","Dagger Throw"],"picked":"Burst","floor":42.0},{"not_picked":["PiercingWail","Deflect+1"],"picked":"Backflip+1","floor":44.0},{"not_picked":["All Out Attack+1","Expertise+1"],"picked":"Well Laid Plans+1","floor":47.0},{"not_picked":["Escape Plan+1","Leg Sweep+1","Flechettes"],"picked":"SKIP","floor":48.0},{"not_picked":["Sucker Punch+1","Accuracy+1"],"picked":"PiercingWail+1","floor":49.0}],"player_experience":192783,"relics_obtained":[{"floor":6.0,"key":"Whetstone"},{"floor":9.0,"key":"Frozen Egg 2"},{"floor":11.0,"key":"Dodecahedron"},{"floor":14.0,"key":"Nunchaku"},{"floor":23.0,"key":"Blood Vial"},{"floor":26.0,"key":"Ornamental Fan"},{"floor":27.0,"key":"Gremlin Horn"},{"floor":36.0,"key":"Tough Bandages"},{"floor":42.0,"key":"Art of War"},{"floor":43.0,"key":"Bag of Preparation"}],"event_choices":[{"damage_healed":0.0,"max_hp_gain":5.0,"max_hp_loss":0.0,"gold_gain":0.0,"event_name":"Big Fish","player_choice":"Donut","floor":2.0,"gold_loss":0.0,"damage_taken":0.0},{"damage_healed":0.0,"max_hp_gain":0.0,"max_hp_loss":0.0,"gold_gain":0.0,"event_name":"Golden Idol","player_choice":"Ignored","floor":3.0,"gold_loss":0.0,"damage_taken":0.0},{"damage_healed":0.0,"max_hp_gain":0.0,"max_hp_loss":0.0,"gold_gain":0.0,"event_name":"Dead Adventurer","player_choice":"Searched \u00271\u0027 times","floor":8.0,"gold_loss":0.0,"damage_taken":0.0,"relics_obtained":["Paper Crane"]},{"damage_healed":0.0,"max_hp_gain":0.0,"max_hp_loss":0.0,"gold_gain":99.0,"event_name":"Nest","player_choice":"Stole From Cult","floor":19.0,"gold_loss":0.0,"damage_taken":0.0},{"damage_healed":0.0,"max_hp_gain":0.0,"max_hp_loss":0.0,"gold_gain":0.0,"event_name":"Addict","player_choice":"Obtained Relic","floor":31.0,"gold_loss":85.0,"damage_taken":0.0,"relics_obtained":["Dream Catcher"]},{"damage_healed":0.0,"max_hp_gain":0.0,"max_hp_loss":0.0,"gold_gain":0.0,"event_name":"MindBloom","player_choice":"Fight","floor":36.0,"gold_loss":0.0,"damage_taken":0.0},{"cards_removed":["Strike_G"],"damage_healed":0.0,"max_hp_gain":0.0,"max_hp_loss":0.0,"gold_gain":0.0,"event_name":"Designer","player_choice":"Upgrade and Remove","floor":38.0,"gold_loss":90.0,"damage_taken":0.0,"cards_upgraded":["Prepared"]},{"damage_healed":0.0,"max_hp_gain":0.0,"max_hp_loss":0.0,"gold_gain":0.0,"event_name":"Mysterious Sphere","player_choice":"Ignored","floor":45.0,"gold_loss":0.0,"damage_taken":0.0}],"is_beta":false,"boss_relics":[{"not_picked":["Coffee Dripper","Calling Bell"],"picked":"WristBlade"},{"not_picked":["HoveringKite","Busted Crown"],"picked":"Ring of the Serpent"}],"items_purged_floors":[21,22,46],"is_endless":false,"potions_floor_spawned":[6,10,11,14,27,29,30,33,39,41,47,48],"killed_by":"Awakened One","ascension_level":2}