{"gold_per_floor":[115,115,1,21,21,56,56,83,83,117,137,137,165,182,182,257,257,269,319,331,342,355,355,389,389,415,433,433,460,475,191,191,269,269,283,335,353,353,60,95,112,139,166,198,0,13,13,43,43,43,43],"floor_reached":51,"playtime":2150,"items_purged":["Strike_R","Strike_R"],"score":1766,"play_id":"df393c76-1459-4368-a569-b64dcbafef68","local_time":"20190202102545","is_ascension_mode":true,"campfire_choices":[{"data":"Carnage","floor":7,"key":"SMITH"},{"data":"Warcry","floor":12,"key":"SMITH"},{"data":"Flame Barrier","floor":15,"key":"SMITH"},{"data":"Immolate","floor":23,"key":"SMITH"},{"data":"Bludgeon","floor":25,"key":"SMITH"},{"data":"Shockwave","floor":28,"key":"SMITH"},{"data":"Whirlwind","floor":32,"key":"SMITH"},{"data":"Double Tap","floor":47,"key":"SMITH"},{"data":"PanicButton","floor":49,"key":"SMITH"}],"neow_cost":"NONE","seed_source_timestamp":1330481170676966,"circlet_count":0,"master_deck":["AscendersBane","Strike_R","Strike_R","Strike_R","Defend_R","Defend_R+1","Defend_R","Defend_R","Bash","Clothesline","Carnage+1","Inflame","Flame Barrier+1","Whirlwind+1","Warcry+1","Evolve","Flex","Bludgeon+1","Flex","Immolate+1","Thunderclap+1","Iron Wave","Feed","Iron Wave","Iron Wave","Shockwave+1","Power Through","Double Tap+1","PanicButton+1","Ghostly Armor+1"],"relics":["Burning Blood","NeowsBlessing","Pocketwatch","Red Skull","Incense Burner","Charon\u0027s Ashes","PreservedInsect","Velvet Choker","Ginger","Omamori","Mercury Hourglass","Sling","Busted Crown","Nunchaku","War Paint","Sundial","Strawberry","Juzu Bracelet","Red Mask","Gambling Chip"],"potions_floor_usage":[8,10,13,13,16,16,24,50,50],"damage_taken":[{"damage":0,"enemies":"Jaw Worm","floor":1,"turns":1},{"damage":0,"enemies":"Cultist","floor":4,"turns":1},{"damage":0,"enemies":"Lagavulin","floor":6,"turns":1},{"damage":20,"enemies":"3 Sentries","floor":8,"turns":4},{"damage":40,"enemies":"Lagavulin","floor":10,"turns":5},{"damage":0,"enemies":"Small Slimes","floor":11,"turns":2},{"damage":36,"enemies":"Gremlin Nob","floor":13,"turns":4},{"damage":2,"enemies":"Exordium Thugs","floor":14,"turns":2},{"damage":19,"enemies":"Hexaghost","floor":16,"turns":6},{"damage":1,"enemies":"3 Byrds","floor":18,"turns":3},{"damage":11,"enemies":"Chosen","floor":20,"turns":4},{"damage":8,"enemies":"Snecko","floor":21,"turns":4},{"damage":19,"enemies":"Cultist and Chosen","floor":22,"turns":5},{"damage":2,"enemies":"Book of Stabbing","floor":24,"turns":3},{"damage":12,"enemies":"Centurion and Healer","floor":27,"turns":4},{"damage":0,"enemies":"Gremlin Leader","floor":29,"turns":3},{"damage":19,"enemies":"Snake Plant","floor":30,"turns":2},{"damage":27,"enemies":"Collector","floor":33,"turns":6},{"damage":7,"enemies":"3 Shapes","floor":35,"turns":4},{"damage":18,"enemies":"2 Orb Walkers","floor":36,"turns":3},{"damage":0,"enemies":"3 Darklings","floor":37,"turns":2},{"damage":0,"enemies":"Reptomancer","floor":40,"turns":3},{"damage":5,"enemies":"4 Shapes","floor":41,"turns":1},{"damage":5,"enemies":"Nemesis","floor":42,"turns":4},{"damage":0,"enemies":"Reptomancer","floor":44,"turns":2},{"damage":8,"enemies":"Sphere and 2 Shapes","floor":46,"turns":2},{"damage":5,"enemies":"Nemesis","floor":48,"turns":3},{"damage":85,"enemies":"Awakened One","floor":50,"turns":12},{"damage":15,"enemies":"Donu and Deca","floor":51,"turns":2}],"seed_played":"-3767978071666674660","potions_obtained":[{"floor":2,"key":"SteroidPotion"},{"floor":2,"key":"Swift Potion"},{"floor":8,"key":"Regen Potion"},{"floor":10,"key":"SneckoOil"},{"floor":13,"key":"LiquidBronze"},{"floor":14,"key":"Energy Potion"},{"floor":18,"key":"FearPotion"},{"floor":24,"key":"Ancient Potion"},{"floor":27,"key":"Energy Potion"},{"floor":42,"key":"PowerPotion"}],"is_trial":false,"path_per_floor":["M","?","$","M","$","E","R","E","T","E","M","R","E","M","R","B",null,"M","?","M","M","M","R","E","R","T","M","R","E","M","$","R","B",null,"M","?","M","?","$","E","M","E","T","E","?","M","R","E","R","B","B"],"character_chosen":"IRONCLAD","items_purchased":["Carnage","Inflame","Sling","PanicButton","Ghostly Armor"],"campfire_rested":0,"item_purchase_floors":[3,3,31,39,39],"current_hp_per_floor":[74,74,74,75,75,75,75,61,61,41,47,47,17,21,21,8,58,63,63,58,56,43,43,47,47,47,44,44,50,37,37,37,16,63,62,50,56,72,72,81,81,81,88,88,88,86,86,87,87,11,0],"gold":43,"neow_bonus":"THREE_ENEMY_KILL","is_prod":false,"is_daily":false,"chose_seed":false,"campfire_upgraded":9,"win_rate":0,"timestamp":1549121145,"path_taken":["M","?","$","?","?","E","R","E","T","E","M","R","E","M","R","BOSS","M","?","M","M","M","R","E","R","T","M","R","E","M","$","R","BOSS","M","?","M","?","$","E","M","E","T","E","?","M","R","E","R","BOSS","BOSS"],"build_version":"2019-01-23","purchased_purges":2,"victory":false,"max_hp_per_floor":[75,75,75,75,75,75,75,75,75,75,75,75,75,75,75,75,75,75,75,75,75,75,75,75,75,75,78,78,78,78,78,78,78,78,78,78,78,78,78,81,81,81,88,88,88,88,88,88,88,91,91],"card_choices":[{"not_picked":["Anger","Havoc"],"picked":"Clothesline","floor":1},{"not_picked":["True Grit","Warcry"],"picked":"Flame Barrier","floor":4},{"not_picked":["Metallicize","Heavy Blade"],"picked":"Whirlwind","floor":6},{"not_picked":["True Grit","Corruption"],"picked":"Warcry","floor":8},{"not_picked":["Iron Wave","True Grit"],"picked":"Evolve","floor":10},{"not_picked":["Combust","Rage"],"picked":"Flex","floor":11},{"not_picked":["Thunderclap","True Grit"],"picked":"Bludgeon","floor":13},{"not_picked":["Cleave","Body Slam"],"picked":"Flex","floor":14},{"not_picked":["Bludgeon","Limit Break"],"picked":"Immolate","floor":16},{"not_picked":["True Grit+1","Pommel Strike"],"picked":"Thunderclap+1","floor":18},{"not_picked":["Body Slam","Headbutt+1"],"picked":"Iron Wave","floor":20},{"not_picked":["Seeing Red","Uppercut"],"picked":"Feed","floor":21},{"not_picked":["Flex","Pommel Strike"],"picked":"Iron Wave","floor":22},{"not_picked":["Clothesline","Sword Boomerang+1"],"picked":"Iron Wave","floor":24},{"not_picked":["Sentinel","Anger"],"picked":"Shockwave","floor":27},{"not_picked":["Blood for Blood","Perfected Strike+1"],"picked":"Power Through","floor":29},{"not_picked":["Clothesline","True Grit","Pommel Strike"],"picked":"SKIP","floor":30},{"not_picked":["Brutality","Fiend Fire"],"picked":"Double Tap","floor":33},{"not_picked":["Clothesline"],"picked":"SKIP","floor":35},{"not_picked":["Carnage"],"picked":"SKIP","floor":37},{"not_picked":["Clothesline"],"picked":"SKIP","floor":40},{"not_picked":["Sword Boomerang"],"picked":"SKIP","floor":41},{"not_picked":["Anger+1"],"picked":"SKIP","floor":42},{"not_picked":["Heavy Blade"],"picked":"SKIP","floor":44},{"not_picked":["Pommel Strike"],"picked":"SKIP","floor":46},{"not_picked":["Twin Strike"],"picked":"SKIP","floor":48}],"player_experience":640196,"relics_obtained":[{"floor":6,"key":"Pocketwatch"},{"floor":8,"key":"Red Skull"},{"floor":9,"key":"Incense Burner"},{"floor":10,"key":"Charon\u0027s Ashes"},{"floor":13,"key":"PreservedInsect"},{"floor":24,"key":"Ginger"},{"floor":26,"key":"Omamori"},{"floor":29,"key":"Mercury Hourglass"},{"floor":36,"key":"Nunchaku"},{"floor":40,"key":"War Paint"},{"floor":42,"key":"Sundial"},{"floor":43,"key":"Strawberry"},{"floor":44,"key":"Juzu Bracelet"},{"floor":48,"key":"Gambling Chip"}],"event_choices":[{"damage_healed":0,"gold_gain":0,"player_choice":"Got Potions","damage_taken":0,"max_hp_gain":0,"max_hp_loss":0,"event_name":"Lab","floor":2,"gold_loss":0},{"damage_healed":0,"gold_gain":50,"player_choice":"Pray","damage_taken":0,"max_hp_gain":0,"max_hp_loss":0,"event_name":"Golden Shrine","floor":19,"gold_loss":0},{"damage_healed":0,"gold_gain":0,"player_choice":"Fight","damage_taken":0,"max_hp_gain":0,"max_hp_loss":0,"event_name":"Mysterious Sphere","floor":36,"gold_loss":0},{"damage_healed":16,"gold_gain":0,"player_choice":"Writhe","damage_taken":0,"max_hp_gain":0,"max_hp_loss":0,"event_name":"Winding Halls","floor":38,"gold_loss":0,"cards_obtained":["Writhe"]},{"damage_healed":0,"gold_gain":0,"player_choice":"Paid","damage_taken":0,"relics_obtained":["Red Mask"],"max_hp_gain":0,"max_hp_loss":0,"event_name":"Tomb of Lord Red Mask","floor":45,"gold_loss":198}],"is_beta":false,"boss_relics":[{"not_picked":["Runic Dome","Sozu"],"picked":"Velvet Choker"},{"not_picked":["Coffee Dripper","Orrery"],"picked":"Busted Crown"}],"items_purged_floors":[31,39],"is_endless":false,"potions_floor_spawned":[8,10,13,14,18,24,27,33,36,41,42,44],"killed_by":"Donu and Deca","ascension_level":20}