{"path_per_floor":["M","$","?","M","$","R","?","M","T","?","R","M","R","M","R","B",null,"M","?","M","?","M","R","$","E","T","R","?","M","M","T","R","B",null,"M","M","$","M","?","T","R","M","T","R","?","M","$","E","R","B"],"character_chosen":"DEFECT","items_purchased":["Sweeping Beam","Defragment","Conserve Battery","Ginger","FairyPotion","Toolbox","Fruit Juice"],"gold_per_floor":[111,65,240,259,89,89,112,127,206,206,206,219,219,235,235,336,336,349,448,467,467,487,487,73,102,155,155,155,155,168,168,168,268,268,279,295,54,74,74,101,101,115,193,193,193,209,7,37,37,37],"floor_reached":51,"campfire_rested":1,"playtime":2976,"item_purchase_floors":[],"current_hp_per_floor":[74,74,74,74,74,74,47,42,42,27,49,49,49,36,36,22,75,60,60,52,52,40,40,40,40,47,47,47,49,51,51,51,21,82,79,70,70,59,59,59,59,63,63,63,85,65,65,9,9,9],"items_purged":["Doubt","Writhe"],"gold":37,"score":819,"play_id":"c600fafc-18ad-499e-af3e-1973f9bf5448","local_time":"20180621132043","is_prod":false,"is_daily":false,"chose_seed":false,"is_ascension_mode":true,"campfire_upgraded":9,"win_rate":0.0,"timestamp":1529612443,"campfire_choices":[{"data":"Zap","floor":6.0,"key":"SMITH"},{"floor":11.0,"key":"REST"},{"data":"Dualcast","floor":13.0,"key":"SMITH"},{"data":"Go for the Eyes","floor":15.0,"key":"SMITH"},{"data":"Rainbow","floor":23,"key":"SMITH"},{"data":"Loop","floor":27,"key":"SMITH"},{"data":"Defragment","floor":32,"key":"SMITH"},{"data":"Beam Cell","floor":41,"key":"SMITH"},{"data":"Sweeping Beam","floor":44,"key":"SMITH"},{"data":"Cold Snap","floor":49,"key":"SMITH"}],"path_taken":["M","?","?","M","?","R","?","?","T","?","R","M","R","M","R","BOSS","M","?","M","?","M","R","$","E","T","R","?","?","M","?","R","BOSS","M","M","$","M","?","?","R","M","T","R","?","?","$","E","R","BOSS"],"build_version":"2018-06-14v2","seed_source_timestamp":0,"purchased_purges":2,"victory":true,"master_deck":["Strike_B+1","Strike_B+1","Strike_B+1","Strike_B+1","Defend_B+1","Defend_B+1","Defend_B+1","Defend_B+1","Zap+1","Dualcast+1","Beam Cell+1","Sweeping Beam+1","Reprogram","Defragment+1","Conserve Battery+1","Go for the Eyes+1","Cold Snap+1","Rainbow+1","Loop+1","Go for the Eyes+1","Redo+1","Echo Form","Leap+1","Undo+1","Skim"],"max_hp_per_floor":[75,75,75,75,75,75,75,75,75,75,75,75,75,75,75,75,75,75,75,75,75,75,75,75,75,82,82,82,82,82,82,82,82,82,82,84,84,84,84,84,84,86,86,86,86,86,86,93,93,93],"special_seed":0,"relics":["Cracked Core","Bag of Preparation","Odd Mushroom","Matryoshka","Nuclear Battery","Ginger","Blood Vial","Blue Candle","Strawberry","Singing Bowl","Pantograph","Coffee Dripper","Toolbox","Ancient Tea Set","Bottled Tornado","Oddly Smooth Stone"],"card_choices":[{"not_picked":["Storm","Genetic Algorithm"],"picked":"Beam Cell","floor":1.0},{"not_picked":["Beam Cell","Recycle"],"picked":"Reprogram","floor":4.0},{"not_picked":["Cold Snap","Loop"],"picked":"Go for the Eyes","floor":8.0},{"not_picked":["White Noise","Rip and Tear"],"picked":"Cold Snap","floor":12.0},{"not_picked":["Coolheaded","Gash","Genetic Algorithm"],"picked":"SKIP","floor":14.0},{"not_picked":["All For One","Biased Cognition"],"picked":"Rainbow","floor":16.0},{"not_picked":["Stack","Turbo"],"picked":"Loop","floor":18},{"not_picked":["Steam","Blizzard","Chaos"],"picked":"SKIP","floor":20},{"not_picked":["Ball Lightning","Chaos"],"picked":"Go for the Eyes+1","floor":22},{"not_picked":["Go for the Eyes","Fission","Turbo+1"],"picked":"SKIP","floor":25},{"not_picked":["Rebound+1","Auto Shields"],"picked":"Redo+1","floor":30},{"not_picked":["Reboot","Core Surge"],"picked":"Echo Form","floor":33},{"not_picked":["Streamline+1","Stack+1"],"picked":"Leap","floor":35},{"not_picked":["Genetic Algorithm","Barrage","Go for the Eyes+1"],"picked":"Singing Bowl","floor":36},{"not_picked":["Scrape+1","Redo"],"picked":"Undo+1","floor":38},{"not_picked":["Go for the Eyes+1","Static Discharge","Compile Driver+1"],"picked":"Singing Bowl","floor":42},{"not_picked":["Rebound+1","Gash"],"picked":"Skim","floor":46},{"not_picked":["Defragment","Undo","Streamline+1"],"picked":"Singing Bowl","floor":48}],"player_experience":204342,"potions_floor_usage":[29,33,48,50],"damage_taken":[{"damage":1.0,"enemies":"Cultist","floor":1.0,"turns":3.0},{"damage":0.0,"enemies":"Small Slimes","floor":4.0,"turns":3.0},{"damage":27.0,"floor":7.0,"turns":4.0},{"damage":5.0,"enemies":"2 Louse","floor":8.0,"turns":3.0},{"damage":0.0,"enemies":"Exordium Wildlife","floor":12.0,"turns":2.0},{"damage":13.0,"enemies":"3 Louse","floor":14.0,"turns":3.0},{"damage":14.0,"enemies":"Hexaghost","floor":16.0,"turns":12.0},{"damage":15,"enemies":"Chosen","floor":18,"turns":5},{"damage":8,"enemies":"Shell Parasite","floor":20,"turns":4},{"damage":12,"enemies":"Snake Plant","floor":22,"turns":4},{"damage":0,"enemies":"Book of Stabbing","floor":25,"turns":5},{"damage":0,"enemies":"Sentry and Sphere","floor":29,"turns":1},{"damage":0,"enemies":"Snecko","floor":30,"turns":4},{"damage":57,"enemies":"Automaton","floor":33,"turns":12},{"damage":3,"enemies":"Orb Walker","floor":35,"turns":3},{"damage":13,"enemies":"3 Darklings","floor":36,"turns":5},{"damage":13,"enemies":"Sphere and 2 Shapes","floor":38,"turns":5},{"damage":0,"enemies":"4 Shapes","floor":42,"turns":6},{"damage":21,"enemies":"3 Darklings","floor":46,"turns":6},{"damage":65,"enemies":"2 Orb Walkers","floor":48,"turns":9},{"damage":43,"enemies":"Awakened One","floor":50,"turns":13}],"relics_obtained":[{"floor":7.0,"key":"Odd Mushroom"},{"floor":9.0,"key":"Matryoshka"},{"floor":25,"key":"Blood Vial"},{"floor":26,"key":"Blue Candle"},{"floor":26,"key":"Strawberry"},{"floor":31,"key":"Singing Bowl"},{"floor":31,"key":"Pantograph"},{"floor":40,"key":"Ancient Tea Set"},{"floor":43,"key":"Bottled Tornado"},{"floor":48,"key":"Oddly Smooth Stone"}],"event_choices":[{"event_name":"Liars Game","player_choice":"agreed","floor":3.0,"damage_taken":0.0},{"event_name":"Mushrooms","player_choice":"Fought Mushrooms","floor":7.0,"damage_taken":0.0},{"event_name":"Shining Light","player_choice":"Entered Light","floor":10.0,"damage_taken":0.0},{"event_name":"Nest","player_choice":"Stole From Cult","floor":19,"damage_taken":0},{"event_name":"Back to Basics","player_choice":"Simplicity","floor":21,"damage_taken":0},{"event_name":"Drug Dealer","player_choice":"Ignored","floor":28,"damage_taken":0},{"event_name":"Accursed Blacksmith","player_choice":"Forge","floor":39,"damage_taken":0},{"event_name":"Winding Halls","player_choice":"Writhe","floor":45,"damage_taken":0}],"boss_relics":[{"not_picked":["Fusion Hammer","Astrolabe"],"picked":"Nuclear Battery"},{"not_picked":["Calling Bell","Black Star"],"picked":"Coffee Dripper"}],"items_purged_floors":[],"is_endless":false,"potions_floor_spawned":[1,8,12,14,18,29,38,42,48],"seed_played":"4533940083279436175","ascension_level":1,"potions_obtained":[{"floor":1.0,"key":"SmokeBomb"},{"floor":8.0,"key":"SkillPotion"},{"floor":12.0,"key":"Weak Potion"},{"floor":18,"key":"GamblersBrew"},{"floor":38,"key":"Dexterity Potion"},{"floor":42,"key":"FocusPotion"},{"floor":48,"key":"Energy Potion"}],"is_trial":false}