{"gold_per_floor":[109,123,86,102,91,124,124,135,135,135,154,38,38,57,57,162,212,232,248,265,25,45,45,45],"floor_reached":24,"playtime":3021,"items_purged":[],"score":202,"play_id":"501b36fa-73e2-4a04-a2a6-540deba34ca2","local_time":"20190101171737","is_ascension_mode":false,"campfire_choices":[{"data":"Barricade","floor":7,"key":"SMITH"},{"floor":10,"key":"REST"},{"floor":13,"key":"REST"},{"data":"Rage","floor":15,"key":"SMITH"},{"floor":23,"key":"REST"}],"neow_cost":"NONE","seed_source_timestamp":20406263843246,"circlet_count":0,"master_deck":["Strike_R","Strike_R","Strike_R+1","Strike_R","Strike_R","Defend_R","Defend_R","Defend_R","Defend_R","Bash","Barricade+1","Body Slam","Rage+1","Pommel Strike","Headbutt","Rage","Ghostly Armor","Bloodletting","Second Wind","Dramatic Entrance","Shrug It Off","Flame Barrier","Second Wind","Rage","Bandage Up","Flex","Pommel Strike","Rampage"],"relics":["Burning Blood","Question Card","Incense Burner","Tiny House"],"potions_floor_usage":[6],"damage_taken":[{"damage":5,"enemies":"Small Slimes","floor":1,"turns":4},{"damage":6,"enemies":"2 Louse","floor":2,"turns":4},{"damage":4,"enemies":"Cultist","floor":4,"turns":5},{"damage":12,"enemies":"Exordium Thugs","floor":5,"turns":4},{"damage":24,"enemies":"Lagavulin","floor":6,"turns":9},{"damage":15,"enemies":"3 Louse","floor":8,"turns":6},{"damage":29,"enemies":"Gremlin Gang","floor":11,"turns":6},{"damage":0,"enemies":"Exordium Thugs","floor":14,"turns":4},{"damage":1,"enemies":"Hexaghost","floor":16,"turns":15},{"damage":7,"enemies":"Chosen","floor":18,"turns":8},{"damage":30,"enemies":"Spheric Guardian","floor":19,"turns":10},{"damage":37,"enemies":"Snecko","floor":20,"turns":10},{"damage":3,"enemies":"Centurion and Healer","floor":22,"turns":10},{"damage":66,"enemies":"Book of Stabbing","floor":24,"turns":7}],"seed_played":"6906659469809611373","potions_obtained":[{"floor":5,"key":"Poison Potion"},{"floor":11,"key":"AttackPotion"},{"floor":17,"key":"SpeedPotion"}],"is_trial":false,"path_per_floor":["M","M","?","M","M","E","R","M","T","R","M","$","R","M","R","B",null,"M","M","M","$","M","R","E"],"character_chosen":"IRONCLAD","items_purchased":["Second Wind","Dramatic Entrance","Rage","Bandage Up","Flex","Pommel Strike"],"campfire_rested":3,"item_purchase_floors":[12,12,21,21,21,21],"current_hp_per_floor":[80,80,80,80,74,56,56,47,47,71,48,48,72,78,78,80,85,84,60,29,29,36,61,0],"gold":45,"neow_bonus":"ONE_RANDOM_RARE_CARD","is_prod":false,"is_daily":false,"chose_seed":false,"campfire_upgraded":2,"win_rate":0.0,"timestamp":1546330657,"path_taken":["M","M","?","M","M","E","R","M","T","R","M","$","R","M","R","BOSS","M","M","M","$","M","R","E"],"build_version":"2018-12-20","purchased_purges":0,"victory":false,"max_hp_per_floor":[80,80,80,80,80,80,80,80,80,80,80,80,80,80,80,80,85,85,85,85,85,85,85,85],"card_choices":[{"not_picked":["Sword Boomerang","Clash"],"picked":"Body Slam","floor":1},{"not_picked":["Clash","Thunderclap"],"picked":"Rage","floor":2},{"not_picked":["True Grit","Body Slam"],"picked":"Pommel Strike","floor":4},{"not_picked":["True Grit","Body Slam"],"picked":"Headbutt","floor":5},{"not_picked":["Body Slam","Warcry"],"picked":"Rage","floor":6},{"not_picked":["Headbutt","Clash","True Grit"],"picked":"Ghostly Armor","floor":8},{"not_picked":["Flex","Warcry","Second Wind"],"picked":"Bloodletting","floor":11},{"not_picked":["Flex","Whirlwind","Thunderclap","Dropkick"],"picked":"SKIP","floor":14},{"not_picked":["Warcry","Thunderclap","Blood for Blood"],"picked":"Shrug It Off","floor":18},{"not_picked":["Twin Strike","Shrug It Off","Iron Wave"],"picked":"Flame Barrier","floor":19},{"not_picked":["Iron Wave","Pommel Strike","Demon Form"],"picked":"Second Wind","floor":20},{"not_picked":["Clash+1","Flex","Rage"],"picked":"Rampage","floor":22}],"player_experience":1698,"relics_obtained":[{"floor":6,"key":"Question Card"},{"floor":9,"key":"Incense Burner"}],"event_choices":[{"damage_healed":0,"gold_gain":0,"player_choice":"Left Gold","damage_taken":0,"max_hp_gain":0,"max_hp_loss":0,"event_name":"World of Goop","floor":3,"gold_loss":37}],"is_beta":false,"boss_relics":[{"not_picked":["Busted Crown","Runic Pyramid"],"picked":"Tiny House"}],"items_purged_floors":[],"is_endless":false,"potions_floor_spawned":[5,11],"killed_by":"Book of Stabbing","ascension_level":0}