{"gold_per_floor":[116,116,191,204,218,247,247,263,263,263,263,298,473,487,487,487],"floor_reached":16,"playtime":600,"items_purged":[],"score":143,"play_id":"1bbafd52-13bd-4b2a-8895-13134060d77f","local_time":"20190206215801","is_ascension_mode":true,"campfire_choices":[{"data":"Neutralize","floor":7,"key":"SMITH"},{"floor":10,"key":"REST"},{"floor":15,"key":"REST"}],"neow_cost":"NONE","seed_source_timestamp":2533307847036,"circlet_count":0,"master_deck":["Defend_G","Defend_G+1","Defend_G","Defend_G","Defend_G","Strike_G","Strike_G","Strike_G","Strike_G","Survivor","Neutralize+1","Poisoned Stab","Underhanded Strike","Footwork","Dagger Spray","Bouncing Flask","Cloak And Dagger+1","Envenom","Doubt"],"relics":["Ring of the Snake","NeowsBlessing","Vajra","War Paint","Toxic Egg 2","Sundial"],"potions_floor_usage":[12,12,16,16],"damage_taken":[{"damage":0,"enemies":"Small Slimes","floor":1,"turns":1},{"damage":0,"enemies":"2 Louse","floor":4,"turns":1},{"damage":0,"enemies":"Jaw Worm","floor":5,"turns":1},{"damage":32,"enemies":"3 Sentries","floor":6,"turns":7},{"damage":2,"enemies":"Looter","floor":8,"turns":4},{"damage":10,"enemies":"Gremlin Nob","floor":12,"turns":3},{"damage":17,"enemies":"Large Slime","floor":14,"turns":6},{"damage":33,"enemies":"Slime Boss","floor":16,"turns":9}],"seed_played":"3026812579782803685","potions_obtained":[{"floor":4,"key":"PowerPotion"},{"floor":5,"key":"Poison Potion"},{"floor":8,"key":"Poison Potion"},{"floor":12,"key":"Energy Potion"},{"floor":14,"key":"Dexterity Potion"}],"is_trial":false,"path_per_floor":["M","?","?","M","M","E","R","M","T","R","T","E","?","M","R","B"],"character_chosen":"THE_SILENT","items_purchased":[],"campfire_rested":2,"item_purchase_floors":[],"current_hp_per_floor":[63,63,52,52,52,20,20,18,18,39,39,29,29,12,33,0],"gold":487,"neow_bonus":"THREE_ENEMY_KILL","is_prod":false,"is_daily":false,"chose_seed":false,"campfire_upgraded":1,"win_rate":0,"timestamp":1549519081,"path_taken":["M","?","?","M","M","E","R","M","T","R","?","E","?","M","R","BOSS"],"build_version":"2019-01-23","purchased_purges":0,"victory":false,"max_hp_per_floor":[70,70,70,70,70,70,70,70,70,70,70,70,70,70,70,70],"card_choices":[{"not_picked":["Deadly Poison","Flechettes"],"picked":"Poisoned Stab","floor":1},{"not_picked":["Expertise","Noxious Fumes"],"picked":"Footwork","floor":4},{"not_picked":["Riddle With Holes","Dagger Throw"],"picked":"Dagger Spray","floor":5},{"not_picked":["Poisoned Stab","Dagger Throw"],"picked":"Bouncing Flask","floor":6},{"not_picked":["Quick Slash","Poisoned Stab"],"picked":"Cloak And Dagger","floor":8},{"not_picked":["Calculated Gamble+1","All Out Attack"],"picked":"Envenom","floor":12},{"not_picked":["Flechettes","Sucker Punch","Tactician+1"],"picked":"SKIP","floor":14}],"player_experience":282814,"relics_obtained":[{"floor":6,"key":"Vajra"},{"floor":9,"key":"War Paint"},{"floor":11,"key":"Toxic Egg 2"},{"floor":12,"key":"Sundial"}],"event_choices":[{"damage_healed":0,"gold_gain":0,"cards_transformed":["Strike_G"],"player_choice":"Change","damage_taken":0,"max_hp_gain":0,"max_hp_loss":0,"event_name":"Living Wall","floor":2,"gold_loss":0,"cards_obtained":["Underhanded Strike"]},{"damage_healed":0,"gold_gain":75,"player_choice":"Gather Gold","damage_taken":11,"max_hp_gain":0,"max_hp_loss":0,"event_name":"World of Goop","floor":3,"gold_loss":0},{"damage_healed":0,"gold_gain":175,"player_choice":"AGREE","damage_taken":0,"max_hp_gain":0,"max_hp_loss":0,"event_name":"Liars Game","floor":13,"gold_loss":0,"cards_obtained":["Doubt"]}],"is_beta":false,"boss_relics":[],"items_purged_floors":[],"is_endless":false,"potions_floor_spawned":[4,5,8,12,14],"killed_by":"Slime Boss","ascension_level":6}