{"gold_per_floor":[10,10,10,10,85,85,113,113,113,128,128,140,153,180,180,281,281,300,225,225,31,48,76,95,95,171,182,182,202,202,219,219,319,319,335,335,335,61,61,61,61,61,61,77,77,92,92,123,123,123],"floor_reached":50,"playtime":2025,"items_purged":["Strike_G","Strike_G","Strike_G+1"],"score":833,"play_id":"55fa4aff-3737-4768-b0b7-19e167909c33","local_time":"20190211200913","is_ascension_mode":true,"campfire_choices":[{"data":"Bouncing Flask","floor":6,"key":"SMITH"},{"floor":8,"key":"REST"},{"data":"Leg Sweep","floor":11,"key":"SMITH"},{"data":"Noxious Fumes","floor":15,"key":"SMITH"},{"floor":28,"key":"REST"},{"data":"Burst","floor":30,"key":"SMITH"},{"data":"Ghostly","floor":32,"key":"SMITH"},{"data":"Ghostly","floor":40,"key":"SMITH"},{"data":"Ghostly","floor":42,"key":"SMITH"},{"data":"Night Terror","floor":49,"key":"SMITH"}],"neow_cost":"NO_GOLD","seed_source_timestamp":2143357625874992,"circlet_count":0,"master_deck":["AscendersBane","Defend_G+1","Defend_G+1","Defend_G+1","Defend_G+1","Defend_G+1","Strike_G+1","Survivor","Neutralize","Burst+1","Bouncing Flask+1","Leg Sweep+1","Backflip+1","Endless Agony+1","Noxious Fumes+1","Corpse Explosion","Ghostly+1","Ghostly+1","Ghostly+1","Ghostly","Ghostly","Panacea","Backflip+1","Deadly Poison","Crippling Poison","Night Terror+1"],"relics":["Ring of the Snake","Orichalcum","Bottled Lightning","Molten Egg 2","Bag of Preparation","Velvet Choker","Juzu Bracelet","Sundial","Busted Crown","War Paint","Dream Catcher","Torii"],"potions_floor_usage":[14,14,23,33,50],"damage_taken":[{"damage":10,"enemies":"Jaw Worm","floor":1,"turns":8},{"damage":48,"enemies":"Gremlin Nob","floor":7,"turns":5},{"damage":0,"enemies":"2 Louse","floor":10,"turns":2},{"damage":0,"enemies":"Small Slimes","floor":12,"turns":3},{"damage":3,"enemies":"3 Louse","floor":13,"turns":4},{"damage":3,"enemies":"3 Sentries","floor":14,"turns":11},{"damage":14,"enemies":"The Guardian","floor":16,"turns":8},{"damage":4,"enemies":"3 Byrds","floor":18,"turns":2},{"damage":0,"enemies":"Shell Parasite","floor":22,"turns":6},{"damage":32,"enemies":"Gremlin Leader","floor":23,"turns":7},{"damage":1,"enemies":"Chosen and Byrds","floor":24,"turns":7},{"damage":0,"enemies":"3 Cultists","floor":27,"turns":4},{"damage":0,"enemies":"Snecko","floor":29,"turns":4},{"damage":0,"enemies":"Cultist and Chosen","floor":31,"turns":5},{"damage":5,"enemies":"Collector","floor":33,"turns":9},{"damage":0,"enemies":"3 Shapes","floor":35,"turns":2},{"damage":0,"enemies":"3 Darklings","floor":44,"turns":7},{"damage":0,"enemies":"4 Shapes","floor":46,"turns":2},{"damage":0,"enemies":"Nemesis","floor":48,"turns":11},{"damage":28,"enemies":"Time Eater","floor":50,"turns":11}],"seed_played":"6257861780547360337","potions_obtained":[{"floor":7,"key":"SkillPotion"},{"floor":10,"key":"Dexterity Potion"},{"floor":16,"key":"Swift Potion"},{"floor":18,"key":"Strength Potion"},{"floor":22,"key":"PowerPotion"},{"floor":23,"key":"FearPotion"},{"floor":24,"key":"Dexterity Potion"},{"floor":44,"key":"SpeedPotion"}],"is_trial":false,"path_per_floor":["M","?","?","$","?","R","E","R","T","M","R","M","M","E","R","B",null,"M","$","?","$","M","E","M","?","T","M","R","M","R","M","R","B",null,"M","?","?","$","?","R","?","R","T","M","?","M","$","E","R","B"],"character_chosen":"THE_SILENT","items_purchased":["Panacea","War Paint"],"campfire_rested":2,"item_purchase_floors":[21,38],"current_hp_per_floor":[53,50,70,70,59,59,11,32,32,32,32,32,29,26,26,12,56,52,52,35,35,35,3,2,2,2,2,12,12,12,12,12,7,28,28,28,28,28,28,28,28,28,28,28,28,28,28,28,28,0],"gold":123,"neow_bonus":"THREE_RARE_CARDS","is_prod":false,"is_daily":false,"chose_seed":false,"campfire_upgraded":8,"win_rate":0,"timestamp":1549933753,"path_taken":["M","?","?","$","?","R","E","R","T","M","R","?","M","E","R","BOSS","M","$","?","$","M","E","M","?","T","M","R","M","R","M","R","BOSS","M","?","?","$","?","R","?","R","T","M","?","M","?","E","R","BOSS"],"build_version":"2019-01-23","purchased_purges":3,"victory":false,"max_hp_per_floor":[70,70,70,70,70,70,70,70,70,70,70,70,70,70,70,70,70,70,70,35,35,35,35,35,35,35,35,35,35,35,35,35,35,35,35,35,35,35,35,35,33,33,33,33,33,33,33,33,33,33],"card_choices":[{"not_picked":["Night Terror","Die Die Die"],"picked":"Burst","floor":0},{"not_picked":["Slice","Quick Slash"],"picked":"Bouncing Flask","floor":1},{"not_picked":["Masterful Stab","Unload","Underhanded Strike"],"picked":"SKIP","floor":7},{"not_picked":["Caltrops","Skewer+1"],"picked":"Leg Sweep","floor":10},{"not_picked":["Prepared","Infinite Blades"],"picked":"Backflip","floor":12},{"not_picked":["Underhanded Strike+1","Dagger Spray+1"],"picked":"Endless Agony+1","floor":13},{"not_picked":["Prepared","Blur"],"picked":"Noxious Fumes","floor":14},{"not_picked":["After Image","Malaise"],"picked":"Corpse Explosion","floor":16},{"not_picked":["Prepared","Outmaneuver","Calculated Gamble+1"],"picked":"SKIP","floor":18},{"not_picked":["Poisoned Stab+1","Heel Hook+1","Tactician"],"picked":"SKIP","floor":22},{"not_picked":["Unload+1","Flechettes+1","Concentrate"],"picked":"SKIP","floor":23},{"not_picked":["Sucker Punch+1","Poisoned Stab+1"],"picked":"Backflip","floor":24},{"not_picked":["Cloak And Dagger","Poisoned Stab+1"],"picked":"Deadly Poison","floor":27},{"not_picked":["Bane+1","Dagger Spray+1","Masterful Stab+1"],"picked":"SKIP","floor":29},{"not_picked":["Outmaneuver","Tactician"],"picked":"Crippling Poison","floor":31},{"not_picked":["Venomology","Glass Knife+1"],"picked":"Night Terror","floor":33},{"not_picked":["Blade Dance+1"],"picked":"SKIP","floor":35},{"not_picked":["Eviscerate+1"],"picked":"SKIP","floor":44},{"not_picked":["Flechettes+1"],"picked":"SKIP","floor":46},{"not_picked":["Underhanded Strike+1"],"picked":"SKIP","floor":48}],"player_experience":747032,"relics_obtained":[{"floor":7,"key":"Bottled Lightning"},{"floor":9,"key":"Molten Egg 2"},{"floor":14,"key":"Bag of Preparation"},{"floor":23,"key":"Juzu Bracelet"},{"floor":26,"key":"Sundial"},{"floor":43,"key":"Dream Catcher"},{"floor":48,"key":"Torii"}],"event_choices":[{"damage_healed":0,"gold_gain":0,"player_choice":"Success","damage_taken":3,"relics_obtained":["Orichalcum"],"max_hp_gain":0,"max_hp_loss":0,"event_name":"Scrap Ooze","floor":2,"gold_loss":0},{"damage_healed":23,"gold_gain":0,"player_choice":"Banana","damage_taken":0,"max_hp_gain":0,"max_hp_loss":0,"event_name":"Big Fish","floor":3,"gold_loss":0},{"damage_healed":0,"gold_gain":75,"player_choice":"Gather Gold","damage_taken":11,"max_hp_gain":0,"max_hp_loss":0,"event_name":"World of Goop","floor":5,"gold_loss":0},{"damage_healed":0,"gold_gain":0,"player_choice":"Became a Ghost","damage_taken":0,"max_hp_gain":0,"max_hp_loss":35,"event_name":"Ghosts","floor":20,"gold_loss":0,"cards_obtained":["Ghostly","Ghostly","Ghostly","Ghostly","Ghostly"]},{"damage_healed":0,"gold_gain":0,"player_choice":"Simplicity","damage_taken":0,"max_hp_gain":0,"max_hp_loss":0,"event_name":"Back to Basics","floor":25,"gold_loss":0,"cards_upgraded":["Defend_G","Defend_G","Defend_G","Defend_G","Defend_G","Strike_G","Strike_G","Strike_G"]},{"damage_healed":0,"gold_gain":0,"player_choice":"Ignored","damage_taken":0,"max_hp_gain":0,"max_hp_loss":0,"event_name":"Mysterious Sphere","floor":36,"gold_loss":0},{"damage_healed":0,"gold_gain":0,"player_choice":"Ignored","damage_taken":0,"max_hp_gain":0,"max_hp_loss":0,"event_name":"Tomb of Lord Red Mask","floor":37,"gold_loss":0},{"cards_removed":["Strike_G"],"damage_healed":0,"gold_gain":0,"player_choice":"Removed Attack","damage_taken":0,"max_hp_gain":0,"max_hp_loss":0,"event_name":"Falling","floor":39,"gold_loss":0},{"damage_healed":0,"gold_gain":0,"player_choice":"Max HP","damage_taken":0,"max_hp_gain":0,"max_hp_loss":2,"event_name":"Winding Halls","floor":41,"gold_loss":0},{"damage_healed":0,"gold_gain":0,"player_choice":"Memory 1","damage_taken":0,"max_hp_gain":0,"max_hp_loss":0,"event_name":"SensoryStone","floor":45,"gold_loss":0}],"is_beta":false,"boss_relics":[{"not_picked":["Eternal Feather","Pandora\u0027s Box"],"picked":"Velvet Choker"},{"not_picked":["Runic Pyramid","Sozu"],"picked":"Busted Crown"}],"items_purged_floors":[19,21,38],"is_endless":false,"potions_floor_spawned":[7,10,12,16,18,22,23,24,44],"killed_by":"Time Eater","ascension_level":11}