{"gold_per_floor":[116,132,57,57,72,72,92,92,145,45,45,108,108,148,148,148],"floor_reached":16,"playtime":509,"items_purged":["Strike_R","Strike_R"],"score":178,"play_id":"fc9e2f49-635b-4687-bde9-3e8509495f3c","local_time":"20190124090503","is_ascension_mode":true,"campfire_choices":[{"data":"Bash","floor":6,"key":"SMITH"},{"data":"Pommel Strike","floor":8,"key":"SMITH"},{"floor":11,"key":"RECALL"},{"data":"Cleave","floor":15,"key":"SMITH"}],"neow_cost":"NONE","seed_source_timestamp":549655633477067,"circlet_count":0,"master_deck":["AscendersBane","Strike_R","Strike_R","Defend_R","Defend_R","Defend_R","Defend_R","Bash+1","Pommel Strike+1","Cleave+1"],"relics":["Burning Blood","Golden Idol","Pen Nib","Tiny Chest","Self Forming Clay","Orichalcum"],"potions_floor_usage":[14],"damage_taken":[{"damage":5,"enemies":"Cultist","floor":1,"turns":5},{"damage":0,"enemies":"2 Louse","floor":2,"turns":3},{"damage":0,"enemies":"Small Slimes","floor":5,"turns":3},{"damage":5,"enemies":"2 Fungi Beasts","floor":7,"turns":4},{"damage":8,"enemies":"Gremlin Nob","floor":12,"turns":3},{"damage":22,"enemies":"Lagavulin","floor":14,"turns":6},{"damage":63,"enemies":"Slime Boss","floor":16,"turns":8}],"seed_played":"5298383888846750243","potions_obtained":[{"floor":1,"key":"SpeedPotion"},{"floor":5,"key":"FairyPotion"},{"floor":12,"key":"Strength Potion"}],"is_trial":false,"path_per_floor":["M","M","$","?","M","R","M","R","T","$","R","E","?","E","R","B"],"character_chosen":"IRONCLAD","items_purchased":[],"campfire_rested":0,"item_purchase_floors":[],"current_hp_per_floor":[73,79,79,59,65,65,66,66,66,66,66,64,57,41,41,0],"gold":148,"neow_bonus":"REMOVE_CARD","is_prod":false,"is_daily":false,"chose_seed":false,"campfire_upgraded":3,"win_rate":0,"timestamp":1548338703,"path_taken":["M","M","?","?","M","R","M","R","T","$","R","E","?","E","R","BOSS"],"build_version":"2019-01-23","purchased_purges":2,"victory":false,"max_hp_per_floor":[80,80,80,80,80,80,80,80,80,80,80,80,80,80,80,80],"card_choices":[{"not_picked":["Sentinel","Power Through"],"picked":"Pommel Strike","floor":1},{"not_picked":["Thunderclap","True Grit","Sword Boomerang"],"picked":"SKIP","floor":2},{"not_picked":["True Grit","Warcry","Perfected Strike"],"picked":"SKIP","floor":5},{"not_picked":["Headbutt","True Grit","Perfected Strike"],"picked":"SKIP","floor":7},{"not_picked":["True Grit","Body Slam"],"picked":"Cleave","floor":12},{"not_picked":["Second Wind","Fire Breathing","Anger"],"picked":"SKIP","floor":14}],"player_experience":402412,"relics_obtained":[{"floor":9,"key":"Pen Nib"},{"floor":12,"key":"Tiny Chest"},{"floor":14,"key":"Orichalcum"}],"event_choices":[{"damage_healed":0,"gold_gain":0,"player_choice":"Take Damage","damage_taken":20,"relics_obtained":["Golden Idol"],"max_hp_gain":0,"max_hp_loss":0,"event_name":"Golden Idol","floor":4,"gold_loss":0},{"damage_healed":0,"gold_gain":0,"player_choice":"Success","damage_taken":7,"relics_obtained":["Self Forming Clay"],"max_hp_gain":0,"max_hp_loss":0,"event_name":"Scrap Ooze","floor":13,"gold_loss":0}],"is_beta":false,"boss_relics":[],"items_purged_floors":[3,10],"is_endless":false,"potions_floor_spawned":[1,5,12],"killed_by":"Slime Boss","ascension_level":13}