{"gold_per_floor":[117,117,117,117,42,42,72,72,72,82,82,82,82,108,108,205,205,224,49,148,165,165,165,0,0,0,0,12,12,23,34,34,34],"floor_reached":33,"playtime":582,"items_purged":["Strike_R","Strike_R"],"score":249,"play_id":"71bc0c43-08cd-4769-91ee-3c6c0de2b139","local_time":"20190210183039","is_ascension_mode":false,"campfire_choices":[{"data":"Combust","floor":6,"key":"SMITH"},{"floor":8,"key":"REST"},{"floor":12,"key":"REST"},{"floor":15,"key":"DIG"},{"data":"Combust","floor":23,"key":"SMITH"},{"floor":25,"key":"DIG"},{"floor":29,"key":"REST"},{"floor":32,"key":"DIG"}],"neow_cost":"NONE","seed_source_timestamp":2052474433208986,"circlet_count":0,"master_deck":["Strike_R","Strike_R+1","Defend_R","Defend_R","Defend_R","Bash+1","Anger","Combust+1","Iron Wave+1","Cleave+1","Whirlwind+1","Limit Break","Headbutt+1","Combust+1","Dual Wield","Cleave+1","Pommel Strike+1","Iron Wave+1"],"relics":["White Beast Statue","Gambling Chip","Molten Egg 2","Letter Opener","Shovel","Self Forming Clay","Eternal Feather","MutagenicStrength","Question Card","Pantograph","Nloth\u0027s Gift","Centennial Puzzle"],"potions_floor_usage":[7,14,16,16,33],"damage_taken":[{"damage":9,"enemies":"2 Louse","floor":1,"turns":3},{"damage":39,"enemies":"Lagavulin","floor":7,"turns":4},{"damage":6,"enemies":"Jaw Worm","floor":10,"turns":3},{"damage":15,"enemies":"Gremlin Nob","floor":14,"turns":3},{"damage":26,"enemies":"Hexaghost","floor":16,"turns":7},{"damage":2,"enemies":"3 Byrds","floor":18,"turns":2},{"damage":25,"enemies":"Chosen","floor":21,"turns":5},{"damage":28,"enemies":"Centurion and Healer","floor":28,"turns":4},{"damage":21,"enemies":"Shelled Parasite and Fungi","floor":30,"turns":4},{"damage":13,"enemies":"Sentry and Sphere","floor":31,"turns":3},{"damage":93,"enemies":"Champ","floor":33,"turns":9}],"seed_played":"691866304284761313","potions_obtained":[{"floor":1,"key":"LiquidBronze"},{"floor":7,"key":"Poison Potion"},{"floor":10,"key":"LiquidBronze"},{"floor":14,"key":"BloodPotion"},{"floor":16,"key":"Weak Potion"},{"floor":18,"key":"SmokeBomb"},{"floor":21,"key":"Ancient Potion"}],"is_trial":false,"path_per_floor":["M","?","T","?","$","R","E","R","T","M","?","R","?","E","R","B",null,"M","$","?","M","?","R","?","R","T","?","M","R","M","M","R","B"],"character_chosen":"IRONCLAD","items_purchased":["Combust"],"campfire_rested":3,"item_purchase_floors":[19],"current_hp_per_floor":[71,64,64,64,64,64,25,49,49,43,27,51,44,29,29,11,80,78,78,78,53,53,62,62,71,71,71,43,76,55,42,51,0],"gold":34,"neow_bonus":"BOSS_RELIC","is_prod":false,"is_daily":false,"chose_seed":false,"campfire_upgraded":2,"win_rate":0,"timestamp":1549841439,"path_taken":["M","?","?","?","$","R","E","R","T","M","?","R","?","E","R","BOSS","M","$","?","M","?","R","?","R","T","?","M","R","?","M","R","BOSS"],"build_version":"2019-01-23","purchased_purges":2,"victory":false,"max_hp_per_floor":[80,80,80,80,80,80,80,80,80,80,80,80,80,80,80,80,80,80,80,80,80,80,80,80,80,80,80,80,80,80,80,80,80],"card_choices":[{"not_picked":["Bloodletting","Perfected Strike"],"picked":"Anger","floor":1},{"not_picked":["Anger+1","Warcry"],"picked":"Iron Wave+1","floor":7},{"not_picked":["Anger+1","Twin Strike+1"],"picked":"Cleave+1","floor":10},{"not_picked":["Entrench","Evolve"],"picked":"Whirlwind+1","floor":14},{"not_picked":["Brutality","Berserk"],"picked":"Limit Break","floor":16},{"not_picked":["Heavy Blade+1","Bloodletting"],"picked":"Headbutt+1","floor":18},{"not_picked":["Heavy Blade+1","Warcry"],"picked":"Dual Wield","floor":21},{"not_picked":["Intimidate","Barricade","Havoc"],"picked":"Cleave+1","floor":28},{"not_picked":["Bloodletting","Wild Strike+1","Flex"],"picked":"Pommel Strike+1","floor":30},{"not_picked":["Brutality","True Grit","Headbutt+1"],"picked":"Iron Wave+1","floor":31}],"player_experience":718120,"relics_obtained":[{"floor":3,"key":"Molten Egg 2"},{"floor":7,"key":"Letter Opener"},{"floor":9,"key":"Turnip"},{"floor":14,"key":"Shovel"},{"floor":15,"key":"Self Forming Clay"},{"floor":25,"key":"Question Card"},{"floor":26,"key":"Pantograph"},{"floor":32,"key":"Centennial Puzzle"}],"event_choices":[{"damage_healed":0,"gold_gain":0,"player_choice":"Success","damage_taken":7,"relics_obtained":["Gambling Chip"],"max_hp_gain":0,"max_hp_loss":0,"event_name":"Scrap Ooze","floor":2,"gold_loss":0},{"damage_healed":0,"gold_gain":0,"cards_transformed":["Defend_R"],"player_choice":"Change","damage_taken":0,"max_hp_gain":0,"max_hp_loss":0,"event_name":"Living Wall","floor":4,"gold_loss":0,"cards_obtained":["Combust"]},{"damage_healed":0,"gold_gain":0,"player_choice":"Entered Light","damage_taken":16,"max_hp_gain":0,"max_hp_loss":0,"event_name":"Shining Light","floor":11,"gold_loss":0,"cards_upgraded":["Strike_R","Bash"]},{"cards_removed":["Strike_R"],"damage_healed":0,"gold_gain":0,"player_choice":"Card Removal","damage_taken":7,"max_hp_gain":0,"max_hp_loss":0,"event_name":"Golden Wing","floor":13,"gold_loss":0},{"damage_healed":0,"gold_gain":99,"player_choice":"Stole From Cult","damage_taken":0,"max_hp_gain":0,"max_hp_loss":0,"event_name":"Nest","floor":20,"gold_loss":0},{"damage_healed":0,"gold_gain":0,"player_choice":"Inject Mutagens","damage_taken":0,"relics_obtained":["MutagenicStrength"],"max_hp_gain":0,"max_hp_loss":0,"event_name":"Drug Dealer","floor":22,"gold_loss":0},{"damage_healed":0,"gold_gain":0,"player_choice":"Paid Fearfully","damage_taken":0,"max_hp_gain":0,"max_hp_loss":0,"event_name":"Masked Bandits","floor":24,"gold_loss":165},{"damage_healed":0,"gold_gain":0,"player_choice":"Traded Relic","damage_taken":0,"relics_obtained":["Nloth\u0027s Gift"],"max_hp_gain":0,"max_hp_loss":0,"event_name":"N\u0027loth","floor":27,"relics_lost":["Turnip"],"gold_loss":0}],"is_beta":false,"boss_relics":[{"not_picked":["Lizard Tail","Pandora\u0027s Box"],"picked":"Eternal Feather"}],"items_purged_floors":[5,19],"is_endless":false,"potions_floor_spawned":[1,7,10,14,16,18,21,28,30,31],"killed_by":"Champ","ascension_level":0}