{"gold_per_floor":[114,68,143,155,174,174,192,192,192,207,207,225,225,237,237,335,335,350,145,70,70,84,84,84],"floor_reached":24,"playtime":875,"items_purged":["Strike_R"],"score":188,"play_id":"d5383229-bddd-444e-89dc-f71305c16b5d","local_time":"20190208101218","is_ascension_mode":false,"campfire_choices":[{"data":"Clothesline","floor":6,"key":"SMITH"},{"data":"Body Slam","floor":8,"key":"SMITH"},{"data":"Bash","floor":11,"key":"SMITH"},{"data":"Burning Pact","floor":15,"key":"SMITH"},{"data":"True Grit","floor":23,"key":"SMITH"}],"neow_cost":"NONE","seed_source_timestamp":1849465686345937,"circlet_count":0,"master_deck":["Strike_R","Strike_R","Strike_R","Defend_R","Defend_R","Defend_R","Defend_R","Bash+1","Shrug It Off","Body Slam+1","Ghostly Armor","Clothesline+1","Shrug It Off","Burning Pact+1","Dropkick","Barricade","Shrug It Off","Panacea","True Grit+1","Corruption"],"relics":["Cursed Key"],"potions_floor_usage":[16,24],"damage_taken":[{"damage":0,"enemies":"Cultist","floor":1,"turns":2},{"damage":6,"enemies":"2 Louse","floor":4,"turns":2},{"damage":0,"enemies":"Jaw Worm","floor":5,"turns":3},{"damage":5,"enemies":"Looter","floor":7,"turns":2},{"damage":2,"enemies":"Exordium Wildlife","floor":10,"turns":5},{"damage":0,"enemies":"Large Slime","floor":12,"turns":3},{"damage":2,"enemies":"Blue Slaver","floor":14,"turns":3},{"damage":14,"enemies":"Slime Boss","floor":16,"turns":9},{"damage":36,"enemies":"Spheric Guardian","floor":18,"turns":8},{"damage":0,"enemies":"3 Byrds","floor":22,"turns":8},{"damage":39,"enemies":"Sentry and Sphere","floor":24,"turns":13}],"seed_played":"8359994853899907775","potions_obtained":[{"floor":5,"key":"Swift Potion"},{"floor":7,"key":"Poison Potion"},{"floor":10,"key":"Swift Potion"},{"floor":14,"key":"Ancient Potion"},{"floor":22,"key":"Energy Potion"}],"is_trial":false,"path_per_floor":["M","$","?","M","M","R","M","R","T","M","R","M","T","M","R","B",null,"M","$","?","?","M","R","M"],"character_chosen":"IRONCLAD","items_purchased":["Body Slam","Panacea","True Grit"],"campfire_rested":0,"item_purchase_floors":[2,19,19],"current_hp_per_floor":[80,80,72,66,66,66,61,61,61,59,59,59,59,57,57,43,80,44,44,44,44,44,44,5],"gold":84,"neow_bonus":"BOSS_RELIC","is_prod":false,"is_daily":false,"chose_seed":false,"campfire_upgraded":5,"win_rate":0,"timestamp":1549638738,"path_taken":["M","$","?","M","M","R","M","R","T","?","R","M","?","M","R","BOSS","M","$","?","?","M","R","M"],"build_version":"2019-01-23","purchased_purges":1,"victory":false,"max_hp_per_floor":[80,80,80,80,80,80,80,80,80,80,80,80,80,80,80,80,80,80,80,80,80,80,80,80],"card_choices":[{"not_picked":["Hemokinesis","Perfected Strike"],"picked":"Shrug It Off","floor":1},{"not_picked":["Thunderclap","Clothesline"],"picked":"Ghostly Armor","floor":4},{"not_picked":["Second Wind","Bludgeon"],"picked":"Clothesline","floor":5},{"not_picked":["Headbutt","Twin Strike"],"picked":"Shrug It Off","floor":7},{"not_picked":["Wild Strike","Twin Strike","Perfected Strike"],"picked":"SKIP","floor":10},{"not_picked":["Perfected Strike","Pommel Strike"],"picked":"Burning Pact","floor":12},{"not_picked":["Twin Strike","Fire Breathing"],"picked":"Dropkick","floor":14},{"not_picked":["Bludgeon","Feed"],"picked":"Barricade","floor":16},{"not_picked":["Feel No Pain+1","Headbutt"],"picked":"Shrug It Off","floor":18},{"not_picked":["Burning Pact","Rage+1"],"picked":"Corruption","floor":22}],"player_experience":699075,"relics_obtained":[],"event_choices":[{"damage_healed":0,"gold_gain":75,"player_choice":"Touch","damage_taken":8,"max_hp_gain":0,"max_hp_loss":0,"event_name":"FaceTrader","floor":3,"gold_loss":0},{"cards_removed":["Strike_R"],"damage_healed":0,"gold_gain":0,"player_choice":"Gave Gold","damage_taken":0,"max_hp_gain":0,"max_hp_loss":0,"event_name":"Beggar","floor":20,"gold_loss":75},{"damage_healed":0,"gold_gain":0,"player_choice":"Ignored","damage_taken":0,"max_hp_gain":0,"max_hp_loss":0,"event_name":"The Mausoleum","floor":21,"gold_loss":0}],"is_beta":false,"boss_relics":[{"not_picked":[]}],"items_purged_floors":[19],"is_endless":false,"potions_floor_spawned":[5,7,10,14,22],"killed_by":"Sentry and Sphere","ascension_level":0}