{"gold_per_floor":[111,261,273,36,111,144,44,108,134,9,9,19,36,65,65,139,139,152,152,170,95,106,106,135,135,162,52,72,87,87,102,102,174,174,191,217,246,258,11,11,38,38],"floor_reached":42,"playtime":1348,"items_purged":["Doubt","Strike_R","Strike_R","Strike_R"],"score":1078,"play_id":"adb28779-cb70-4741-96c0-84c0766e7957","local_time":"20190210215911","is_ascension_mode":true,"campfire_choices":[{"data":"Armaments","floor":15,"key":"SMITH"},{"floor":23,"key":"REST"},{"data":"Shockwave","floor":25,"key":"SMITH"},{"data":"Demon Form","floor":30,"key":"SMITH"},{"floor":32,"key":"REST"},{"data":"Limit Break","floor":40,"key":"SMITH"}],"neow_cost":"NONE","seed_source_timestamp":2064183861972972,"circlet_count":0,"master_deck":["AscendersBane","Defend_R","Defend_R","Defend_R","Defend_R","Bash","Whirlwind","Shockwave+1","Spot Weakness","Blood for Blood","Blood for Blood","Clothesline+1","Armaments+1","Demon Form+1","Whirlwind","Dual Wield","Immolate","Pummel","Twin Strike+1","Armaments+1","Limit Break+1"],"relics":["Burning Blood","NeowsBlessing","PreservedInsect","Happy Flower","Tiny Chest","Anchor","Regal Pillow","Blood Vial","Snecko Eye","Dream Catcher","Pen Nib","Busted Crown","MawBank","The Courier","Membership Card","Boot"],"potions_floor_usage":[14,16,31,35,41],"damage_taken":[{"damage":0,"enemies":"Small Slimes","floor":1,"turns":1},{"damage":0,"enemies":"2 Louse","floor":3,"turns":1},{"damage":0,"enemies":"Lagavulin","floor":6,"turns":1},{"damage":25,"enemies":"3 Sentries","floor":8,"turns":5},{"damage":2,"enemies":"Jaw Worm","floor":12,"turns":4},{"damage":6,"enemies":"3 Louse","floor":13,"turns":2},{"damage":0,"enemies":"Gremlin Nob","floor":14,"turns":2},{"damage":47,"enemies":"Hexaghost","floor":16,"turns":11},{"damage":11,"enemies":"2 Thieves","floor":18,"turns":4},{"damage":3,"enemies":"Spheric Guardian","floor":20,"turns":3},{"damage":15,"enemies":"Shelled Parasite and Fungi","floor":22,"turns":3},{"damage":15,"enemies":"Slavers","floor":24,"turns":2},{"damage":2,"enemies":"Snecko","floor":28,"turns":5},{"damage":0,"enemies":"Snake Plant","floor":29,"turns":2},{"damage":43,"enemies":"3 Cultists","floor":31,"turns":5},{"damage":29,"enemies":"Collector","floor":33,"turns":7},{"damage":17,"enemies":"Orb Walker","floor":35,"turns":3},{"damage":0,"enemies":"3 Shapes","floor":37,"turns":1},{"damage":71,"enemies":"Nemesis","floor":41,"turns":7},{"damage":12,"enemies":"Spire Growth","floor":42,"turns":2}],"seed_played":"-8327596724928763890","potions_obtained":[{"floor":1,"key":"Weak Potion"},{"floor":8,"key":"AttackPotion"},{"floor":12,"key":"Block Potion"},{"floor":22,"key":"LiquidBronze"},{"floor":28,"key":"EssenceOfSteel"},{"floor":33,"key":"Energy Potion"},{"floor":35,"key":"FearPotion"}],"is_trial":false,"path_per_floor":["M","?","M","$","?","E","$","E","T","$","?","M","M","E","R","B",null,"M","?","M","?","M","R","E","R","T","?","M","M","R","M","R","B",null,"M","T","M","T","$","R","E","M"],"character_chosen":"IRONCLAD","items_purchased":["PreservedInsect","Membership Card"],"campfire_rested":2,"item_purchase_floors":[4,39],"current_hp_per_floor":[74,74,75,75,64,70,70,51,51,51,51,55,55,61,61,22,62,59,38,43,43,36,75,68,68,68,68,74,80,80,43,80,57,74,65,65,73,73,73,73,10,0],"gold":38,"neow_bonus":"THREE_ENEMY_KILL","is_prod":false,"is_daily":false,"chose_seed":false,"campfire_upgraded":4,"win_rate":0,"timestamp":1549853951,"path_taken":["M","?","M","$","?","E","?","E","T","$","?","?","M","E","R","BOSS","M","?","M","?","M","R","E","R","T","?","M","M","R","M","R","BOSS","M","?","M","?","$","R","E","?"],"build_version":"2019-01-23","purchased_purges":4,"victory":false,"max_hp_per_floor":[75,75,75,75,75,75,75,75,75,75,75,75,75,75,75,75,75,75,80,80,80,80,80,80,80,80,80,80,80,80,80,80,80,80,80,80,80,80,80,80,80,80],"card_choices":[{"not_picked":["Sentinel","Power Through"],"picked":"Whirlwind","floor":1},{"not_picked":["Corruption","Clothesline"],"picked":"Shockwave","floor":3},{"not_picked":["Perfected Strike","Power Through"],"picked":"Spot Weakness","floor":6},{"not_picked":["Bludgeon","Evolve"],"picked":"Blood for Blood","floor":8},{"not_picked":["Pommel Strike","Clash"],"picked":"Blood for Blood","floor":12},{"not_picked":["Searing Blow","Evolve"],"picked":"Clothesline","floor":13},{"not_picked":["Reckless Charge","Flex"],"picked":"Armaments","floor":14},{"not_picked":["Barricade","Limit Break"],"picked":"Demon Form","floor":16},{"not_picked":["Havoc","Warcry"],"picked":"Whirlwind","floor":18},{"not_picked":["Rampage","Entrench"],"picked":"Dual Wield","floor":20},{"not_picked":["Wild Strike","Seeing Red","Heavy Blade"],"picked":"SKIP","floor":22},{"not_picked":["Bludgeon","Clothesline"],"picked":"Immolate","floor":24},{"not_picked":["Body Slam","True Grit","Clash"],"picked":"SKIP","floor":28},{"not_picked":["Heavy Blade","Shrug It Off"],"picked":"Pummel","floor":29},{"not_picked":["Inflame","Searing Blow"],"picked":"Twin Strike+1","floor":31},{"not_picked":["Headbutt","Fire Breathing"],"picked":"Armaments+1","floor":32},{"not_picked":["Double Tap","Offering"],"picked":"Limit Break","floor":33},{"not_picked":["Shrug It Off"],"picked":"SKIP","floor":35},{"not_picked":["Heavy Blade"],"picked":"SKIP","floor":37},{"not_picked":["Armaments"],"picked":"SKIP","floor":41}],"player_experience":728137,"relics_obtained":[{"floor":6,"key":"Happy Flower"},{"floor":8,"key":"Tiny Chest"},{"floor":9,"key":"Anchor"},{"floor":14,"key":"Blood Vial"},{"floor":24,"key":"Dream Catcher"},{"floor":26,"key":"Pen Nib"},{"floor":36,"key":"MawBank"},{"floor":38,"key":"The Courier"},{"floor":41,"key":"Boot"}],"event_choices":[{"damage_healed":0,"gold_gain":150,"player_choice":"AGREE","damage_taken":0,"max_hp_gain":0,"max_hp_loss":0,"event_name":"Liars Game","floor":2,"gold_loss":0,"cards_obtained":["Doubt"]},{"damage_healed":0,"gold_gain":75,"player_choice":"Gather Gold","damage_taken":11,"max_hp_gain":0,"max_hp_loss":0,"event_name":"World of Goop","floor":5,"gold_loss":0},{"damage_healed":0,"gold_gain":0,"player_choice":"Gave Potion","damage_taken":0,"relics_obtained":["Regal Pillow"],"max_hp_gain":0,"max_hp_loss":0,"event_name":"WeMeetAgain","floor":11,"gold_loss":0},{"damage_healed":0,"gold_gain":0,"player_choice":"Shed Blood","damage_taken":26,"max_hp_gain":5,"max_hp_loss":0,"event_name":"Forgotten Altar","floor":19,"gold_loss":0},{"cards_removed":["Strike_R"],"damage_healed":0,"gold_gain":0,"player_choice":"Gave Gold","damage_taken":0,"max_hp_gain":0,"max_hp_loss":0,"event_name":"Beggar","floor":21,"gold_loss":75},{"cards_removed":["Strike_R"],"damage_healed":0,"gold_gain":0,"player_choice":"Upgrade and Remove","damage_taken":0,"max_hp_gain":0,"max_hp_loss":0,"event_name":"Designer","floor":27,"gold_loss":110,"cards_upgraded":["Clothesline"]}],"is_beta":false,"boss_relics":[{"not_picked":["Ectoplasm","Runic Dome"],"picked":"Snecko Eye"},{"not_picked":["Tiny House","Runic Pyramid"],"picked":"Busted Crown"}],"items_purged_floors":[4,7,10,39],"is_endless":false,"potions_floor_spawned":[1,8,12,13,22,28,33,35],"killed_by":"Spire Growth","ascension_level":20}