{"gold_per_floor":[112,126,143,32,32,32,51,51,103,113,131,146,146,46,46,46],"floor_reached":16,"playtime":443,"items_purged":["Strike_B","Strike_B"],"score":122,"play_id":"2c202653-ced7-4f3f-9a44-87d0d571dd45","local_time":"20190113095814","is_ascension_mode":true,"campfire_choices":[{"data":"Storm","floor":6,"key":"SMITH"},{"data":"Storm","floor":8,"key":"SMITH"},{"data":"Storm","floor":15,"key":"SMITH"}],"neow_cost":"PERCENT_DAMAGE","seed_source_timestamp":317032062739784,"circlet_count":0,"master_deck":["Strike_B","Strike_B","Defend_B","Defend_B","Defend_B","Defend_B","Zap","Dualcast","Flash of Steel","Redo","Storm+1","Storm+1","Electrodynamics","Storm+1"],"relics":["Cracked Core","Bag of Marbles"],"potions_floor_usage":[10,12,16],"damage_taken":[{"damage":0,"enemies":"Jaw Worm","floor":1,"turns":2},{"damage":0,"enemies":"Cultist","floor":2,"turns":2},{"damage":0,"enemies":"Small Slimes","floor":3,"turns":3},{"damage":16,"enemies":"3 Louse","floor":7,"turns":3},{"damage":34,"enemies":"Exordium Wildlife","floor":10,"turns":4},{"damage":20,"enemies":"Gremlin Gang","floor":11,"turns":2},{"damage":0,"enemies":"Large Slime","floor":12,"turns":2},{"damage":33,"enemies":"Hexaghost","floor":16,"turns":8}],"seed_played":"7902809669910932590","potions_obtained":[{"floor":3,"key":"SkillPotion"},{"floor":7,"key":"LiquidBronze"},{"floor":11,"key":"PowerPotion"},{"floor":12,"key":"Strength Potion"}],"is_trial":false,"path_per_floor":["M","M","M","$","?","R","M","R","T","M","M","M","?","$","R","B"],"character_chosen":"DEFECT","items_purchased":["Storm"],"campfire_rested":0,"item_purchase_floors":[4],"current_hp_per_floor":[50,50,50,50,75,75,59,59,59,25,5,5,30,30,30,0],"gold":46,"neow_bonus":"RANDOM_COLORLESS_2","is_prod":false,"is_daily":false,"chose_seed":false,"campfire_upgraded":3,"win_rate":0,"timestamp":1547391494,"path_taken":["M","M","M","$","?","R","M","R","T","?","M","M","?","$","R","BOSS"],"build_version":"2019-01-10","purchased_purges":2,"victory":false,"max_hp_per_floor":[75,75,75,75,75,75,75,75,75,75,75,75,75,75,75,75],"card_choices":[{"not_picked":["Gash","Hologram"],"picked":"Redo","floor":1},{"not_picked":["Undo","Sweeping Beam"],"picked":"Storm","floor":2},{"not_picked":["Lockon","Go for the Eyes","Steam"],"picked":"SKIP","floor":3},{"not_picked":["Heatsinks","Streamline","Lockon"],"picked":"SKIP","floor":7},{"not_picked":["Gash","Hologram"],"picked":"Electrodynamics","floor":10},{"not_picked":["Blizzard","Chaos"],"picked":"Storm","floor":11},{"not_picked":["Barrage","Hologram","Doom and Gloom"],"picked":"SKIP","floor":12}],"player_experience":370141,"relics_obtained":[{"floor":9,"key":"Bag of Marbles"}],"event_choices":[{"cards_removed":["Dark Shackles"],"damage_healed":25,"gold_gain":0,"player_choice":"Offered Uncommon","damage_taken":0,"max_hp_gain":0,"max_hp_loss":0,"event_name":"Bonfire Elementals","floor":5,"gold_loss":0},{"damage_healed":25,"gold_gain":0,"player_choice":"Banana","damage_taken":0,"max_hp_gain":0,"max_hp_loss":0,"event_name":"Big Fish","floor":13,"gold_loss":0}],"is_beta":false,"boss_relics":[],"items_purged_floors":[4,14],"is_endless":false,"potions_floor_spawned":[3,7,11,12],"killed_by":"Hexaghost","ascension_level":6}