{"path_per_floor":["M","M","$","M","?","?","R","T","T","R","M","$","?","M","R","B",null,"M","M","?","?","$"],"character_chosen":"IRONCLAD","items_purchased":["Shrug It Off"],"gold_per_floor":[114,128,53,73,73,73,73,73,73,73,86,36,36,54,54,179,179,204,220,220,220,120,120],"floor_reached":23,"campfire_rested":1,"playtime":769,"current_hp_per_floor":[77,75,75,80,60,60,60,60,60,60,60,60,44,50,74,35,80,62,40,47,47,47,0],"items_purged":["Decay","Normality"],"gold":120,"score":179,"play_id":"5adbb06f-db1c-49b6-9923-c8ea2cce2dbe","local_time":"20180418095148","is_prod":false,"is_daily":false,"chose_seed":false,"is_ascension_mode":false,"campfire_upgraded":0,"timestamp":1524070308,"path_taken":["M","M","$","M","?","?","R","?","T","R","M","$","?","M","R","BOSS","M","M","?","?","?","E"],"build_version":"2018-04-12","seed_source_timestamp":640907395963553,"purchased_purges":2,"victory":false,"master_deck":["Strike_R","Strike_R","Strike_R+1","Strike_R","Defend_R+1","Defend_R","Defend_R+1","Iron Wave","Cleave","Flex","Shrug It Off+1","Limit Break","Perfected Strike+1","Power Through+1","True Grit+1","Writhe"],"max_hp_per_floor":[80,80,80,80,80,80,80,80,80,80,80,80,80,80,80,80,80,80,80,87,87,87,87],"relics":["Burning Blood","Girya","Golden Idol","Charon\u0027s Ashes","Matryoshka","Astrolabe","Strawberry","War Paint"],"card_choices":[{"not_picked":["Shockwave","Anger"],"picked":"Iron Wave","floor":1},{"not_picked":["Thunderclap","True Grit"],"picked":"Cleave","floor":2},{"not_picked":["Armaments","Impervious"],"picked":"Flex","floor":11},{"not_picked":["Double Tap","Dark Embrace"],"picked":"Limit Break","floor":16}],"player_experience":54278,"potions_floor_usage":[23],"damage_taken":[{"damage":9,"enemies":"Small Slimes","floor":1,"turns":3},{"damage":8,"enemies":"Jaw Worm","floor":2,"turns":5},{"damage":1,"enemies":"Cultist","floor":4,"turns":3},{"damage":6,"enemies":"2 Fungi Beasts","floor":11,"turns":3},{"damage":0,"enemies":"Blue Slaver","floor":14,"turns":3},{"damage":45,"enemies":"Slime Boss","floor":16,"turns":10},{"damage":24,"enemies":"2 Thieves","floor":18,"turns":4},{"damage":28,"enemies":"Spheric Guardian","floor":19,"turns":6},{"damage":70,"enemies":"Slavers","floor":23,"turns":3}],"event_choices":[{"event_name":"Golden Idol","player_choice":"Take Damage","floor":5,"damage_taken":0},{"event_name":"Match and Keep!","player_choice":"0 cards matched","floor":6,"damage_taken":0},{"event_name":"Shining Light","player_choice":"Entered Light","floor":13,"damage_taken":0},{"event_name":"The Mausoleum","player_choice":"Yes","floor":20,"damage_taken":0},{"event_name":"Accursed Blacksmith","player_choice":"Rummage","floor":21,"damage_taken":0}],"boss_relics":[{"not_picked":["Runic Dome","Runic Pyramid"],"picked":"Astrolabe"}],"potions_floor_spawned":[4],"seed_played":"2141496388695658464","killed_by":"Slavers","ascension_level":0,"is_trial":false}