{"gold_per_floor":[110,110,127,142,155,155,180,180,180,32,46,59,59,93,93,196,196,210,210,210,210],"floor_reached":21,"playtime":677,"items_purged":["Strike_R"],"score":289,"play_id":"7c161fd3-b8d5-4d1b-b1e9-05f0e3e5c601","local_time":"20190117101038","is_ascension_mode":true,"campfire_choices":[{"data":"Rampage","floor":6,"key":"SMITH"},{"floor":8,"key":"REST"},{"floor":13,"key":"REST"},{"floor":15,"key":"REST"}],"neow_cost":"NONE","seed_source_timestamp":1513808970170,"circlet_count":0,"master_deck":["Strike_R","Strike_R","Strike_R","Defend_R","Defend_R","Defend_R","Defend_R","Bash","Cleave","Wild Strike","Rampage+1","Headbutt","Double Tap","Offering","Clash","Decay"],"relics":["Burning Blood","Centennial Puzzle","Juzu Bracelet","Mummified Hand","White Beast Statue"],"potions_floor_usage":[3,14,14,18,19],"damage_taken":[{"damage":15,"enemies":"Small Slimes","floor":1,"turns":5},{"damage":6,"enemies":"Cultist","floor":3,"turns":3},{"damage":7,"enemies":"Jaw Worm","floor":4,"turns":2},{"damage":13,"enemies":"2 Fungi Beasts","floor":5,"turns":3},{"damage":32,"enemies":"Gremlin Nob","floor":7,"turns":4},{"damage":31,"enemies":"Exordium Thugs","floor":11,"turns":4},{"damage":19,"enemies":"Blue Slaver","floor":12,"turns":3},{"damage":0,"enemies":"3 Sentries","floor":14,"turns":5},{"damage":41,"enemies":"Hexaghost","floor":16,"turns":6},{"damage":34,"enemies":"2 Thieves","floor":18,"turns":3},{"damage":26,"enemies":"Colosseum Slavers","floor":19,"turns":3},{"damage":22,"enemies":"Spheric Guardian","floor":21,"turns":3}],"seed_played":"4691051320307978713","potions_obtained":[{"floor":2,"key":"Poison Potion"},{"floor":2,"key":"Swift Potion"},{"floor":2,"key":"LiquidBronze"},{"floor":3,"key":"Dexterity Potion"},{"floor":4,"key":"Energy Potion"},{"floor":11,"key":"Block Potion"},{"floor":14,"key":"Ancient Potion"},{"floor":16,"key":"SteroidPotion"},{"floor":18,"key":"SteroidPotion"}],"is_trial":false,"path_per_floor":["M","?","M","M","M","R","E","R","T","$","M","M","R","E","R","B",null,"M","?","?","M"],"character_chosen":"IRONCLAD","items_purchased":["Double Tap"],"campfire_rested":3,"item_purchase_floors":[10],"current_hp_per_floor":[63,63,63,62,55,55,29,53,53,53,28,15,39,45,69,34,69,41,21,21,0],"gold":210,"neow_bonus":"REMOVE_CARD","is_prod":false,"is_daily":false,"chose_seed":false,"campfire_upgraded":1,"win_rate":0,"timestamp":1547687438,"path_taken":["M","?","M","?","M","R","E","R","T","$","M","M","R","E","R","BOSS","M","?","?","M"],"build_version":"2019-01-10","purchased_purges":1,"victory":false,"max_hp_per_floor":[80,80,80,80,80,80,80,80,80,80,80,80,80,80,80,80,80,80,80,80,80],"card_choices":[{"not_picked":["Clothesline","Warcry"],"picked":"Cleave","floor":1},{"not_picked":["Sword Boomerang","Clothesline"],"picked":"Wild Strike","floor":3},{"not_picked":["True Grit","Evolve"],"picked":"Rampage","floor":4},{"not_picked":["Disarm","Iron Wave"],"picked":"Headbutt","floor":5},{"not_picked":["Feel No Pain","Pummel","Carnage"],"picked":"SKIP","floor":7},{"not_picked":["Rampage","Carnage"],"picked":"Offering","floor":11},{"not_picked":["Twin Strike","Headbutt","Wild Strike"],"picked":"SKIP","floor":12},{"not_picked":["Body Slam","Clothesline","Armaments"],"picked":"SKIP","floor":14},{"not_picked":["Cleave","Anger"],"picked":"Clash","floor":18}],"player_experience":238601,"relics_obtained":[{"floor":7,"key":"Centennial Puzzle"},{"floor":9,"key":"Juzu Bracelet"},{"floor":14,"key":"Mummified Hand"}],"event_choices":[{"damage_healed":0,"gold_gain":0,"player_choice":"Got Potions","damage_taken":0,"max_hp_gain":0,"max_hp_loss":0,"event_name":"Lab","floor":2,"gold_loss":0},{"damage_healed":0,"gold_gain":0,"player_choice":"Fight","damage_taken":0,"max_hp_gain":0,"max_hp_loss":0,"event_name":"Colosseum","floor":19,"gold_loss":0},{"damage_healed":0,"gold_gain":0,"player_choice":"Fled From Nobs","damage_taken":0,"max_hp_gain":0,"max_hp_loss":0,"event_name":"Colosseum","floor":19,"gold_loss":0},{"damage_healed":0,"gold_gain":0,"player_choice":"Smashed Altar","damage_taken":0,"max_hp_gain":0,"max_hp_loss":0,"event_name":"Forgotten Altar","floor":20,"gold_loss":0,"cards_obtained":["Decay"]}],"is_beta":false,"boss_relics":[{"not_picked":["Ectoplasm","Busted Crown"],"picked":"White Beast Statue"}],"items_purged_floors":[10],"is_endless":false,"potions_floor_spawned":[3,4,11,14,16,18,19],"killed_by":"Spheric Guardian","ascension_level":7}