{"path_per_floor":["M","M","?","$","M","E","R","M","T","?","?","$","M","E","R","B",null,"M","M","$","T","M","E","M","R","T","M","?","R","M","M","R","B",null,"M","M","$","M","?","R","?","M","T","R","$","M","?","M","R","B"],"character_chosen":"IRONCLAD","items_purchased":["Flame Barrier","Mercury Hourglass"],"gold_per_floor":[110,120,120,52,72,100,100,120,120,120,120,45,59,91,91,196,196,212,228,128,128,142,174,187,187,213,230,230,230,243,258,258,362,362,374,384,20,30,30,30,30,50,50,50,50,61,0,17,17,17],"floor_reached":51,"campfire_rested":3,"playtime":3281,"current_hp_per_floor":[45,50,50,50,56,42,42,46,46,46,66,66,68,68,68,44,80,76,69,69,69,55,30,19,43,43,34,34,34,40,32,56,13,80,80,80,80,62,62,62,62,43,43,43,43,37,37,27,51,10],"items_purged":["Strike_R","Defend_R","Strike_R"],"gold":17,"score":681,"play_id":"b2984b0e-dcbb-4603-ac9d-d5b16d27de43","local_time":"20180416223109","is_prod":false,"is_daily":false,"chose_seed":false,"is_ascension_mode":false,"campfire_upgraded":4,"timestamp":1523943069,"path_taken":["M","M","?","$","M","E","R","?","T","?","?","?","M","E","R","BOSS","M","M","$","?","M","E","M","R","T","M","?","R","M","M","R","BOSS","M","M","$","M","?","R","?","M","T","R","?","M","?","M","R","BOSS"],"build_version":"2018-04-12","seed_source_timestamp":0,"purchased_purges":3,"victory":true,"master_deck":["Strike_R","Strike_R","Defend_R","Defend_R","Defend_R","Bash","Heavy Blade+1","Intimidate","Flame Barrier","Rampage+1","Headbutt","Pummel","Spot Weakness","Parasite","Thunderclap","Limit Break+1","Armaments+1","Battle Trance+1","Pommel Strike+1","Cleave+1","Seeing Red+1","Burning Pact+1","Clumsy","Clumsy","Clumsy","Heavy Blade+1","Seeing Red+1","Flex+1","Shrug It Off+1"],"max_hp_per_floor":[80,80,80,80,80,80,80,80,80,80,80,80,80,80,80,80,80,80,80,80,80,80,80,80,80,80,80,80,80,80,80,80,80,80,80,80,80,80,80,80,80,80,80,80,80,80,80,80,80,80],"relics":["Burning Blood","Du-Vu Doll","Ancient Tea Set","Self Forming Clay","Orichalcum","Sozu","Molten Egg 2","Toxic Egg 2","Oddly Smooth Stone","Calling Bell","Bag of Preparation","Peace Pipe","Magic Flower","Mercury Hourglass","Dream Catcher","Red Mask"],"card_choices":[{"not_picked":["Wild Strike","Blood for Blood"],"picked":"Heavy Blade","floor":1.0},{"not_picked":["Reckless Charge","Sword Boomerang"],"picked":"Intimidate","floor":2.0},{"not_picked":["Rage","Armaments"],"picked":"Rampage","floor":5.0},{"not_picked":["Burning Pact","Cleave"],"picked":"Headbutt","floor":6.0},{"not_picked":["Sever Soul","Anger"],"picked":"Pummel","floor":8.0},{"not_picked":["Reckless Charge","Dual Wield"],"picked":"Thunderclap","floor":13.0},{"not_picked":["Berserk","Bludgeon"],"picked":"Limit Break","floor":16.0},{"not_picked":["Intimidate","Dual Wield"],"picked":"Armaments","floor":18.0},{"not_picked":["Perfected Strike","Clash"],"picked":"Battle Trance","floor":19.0},{"not_picked":["Pummel","Bludgeon"],"picked":"Pommel Strike","floor":23.0},{"not_picked":["True Grit","Sword Boomerang"],"picked":"Pommel Strike","floor":24.0},{"not_picked":["Twin Strike","Reckless Charge"],"picked":"Cleave","floor":27.0},{"not_picked":["Corruption","Anger"],"picked":"Burning Pact","floor":31.0},{"not_picked":["Sword Boomerang","Twin Strike"],"picked":"Heavy Blade","floor":35.0},{"not_picked":["Carnage","Berserk"],"picked":"Seeing Red","floor":36.0},{"not_picked":["Clothesline","True Grit"],"picked":"Flex","floor":38.0},{"not_picked":["Rampage","Iron Wave"],"picked":"Shrug It Off","floor":42.0}],"player_experience":35959,"potions_floor_usage":[50,50],"damage_taken":[{"damage":1.0,"enemies":"Jaw Worm","floor":1.0,"turns":3.0},{"damage":1.0,"enemies":"Cultist","floor":2.0,"turns":4.0},{"damage":0.0,"enemies":"Small Slimes","floor":5.0,"turns":3.0},{"damage":20.0,"enemies":"Gremlin Nob","floor":6.0,"turns":4.0},{"damage":2.0,"enemies":"Exordium Thugs","floor":8.0,"turns":4.0},{"damage":4.0,"enemies":"Blue Slaver","floor":13.0,"turns":3.0},{"damage":6.0,"enemies":"3 Sentries","floor":14.0,"turns":5.0},{"damage":30.0,"enemies":"Slime Boss","floor":16.0,"turns":9.0},{"damage":10.0,"enemies":"Chosen","floor":18.0,"turns":4.0},{"damage":13.0,"enemies":"Shell Parasite","floor":19.0,"turns":5.0},{"damage":20.0,"enemies":"Cultist and Chosen","floor":22.0,"turns":7.0},{"damage":31.0,"enemies":"Slavers","floor":23.0,"turns":5.0},{"damage":17.0,"enemies":"Centurion and Healer","floor":24.0,"turns":5.0},{"damage":15.0,"enemies":"Snake Plant","floor":27.0,"turns":2.0},{"damage":0.0,"enemies":"Snecko","floor":30.0,"turns":3.0},{"damage":14.0,"enemies":"Centurion and Healer","floor":31.0,"turns":4.0},{"damage":49.0,"enemies":"Collector","floor":33.0,"turns":9.0},{"damage":3.0,"enemies":"3 Darklings","floor":35.0,"turns":3.0},{"damage":7.0,"enemies":"3 Shapes","floor":36.0,"turns":2.0},{"damage":27.0,"enemies":"Sphere and 2 Shapes","floor":38.0,"turns":4.0},{"damage":28.0,"enemies":"3 Darklings","floor":42.0,"turns":4.0},{"damage":15.0,"enemies":"4 Shapes","floor":46.0,"turns":2.0},{"damage":19.0,"enemies":"Maw","floor":48.0,"turns":5.0},{"damage":50,"enemies":"Time Eater","floor":50,"turns":7}],"event_choices":[{"event_name":"The Woman in Blue","player_choice":"Bought 0 Potions","floor":3.0,"damage_taken":0.0},{"event_name":"Match and Keep!","player_choice":"1 cards matched","floor":10.0,"damage_taken":0.0},{"event_name":"Mushrooms","player_choice":"Healed and dodged fight","floor":11.0,"damage_taken":0.0},{"event_name":"The Library","player_choice":"Read","floor":28.0,"damage_taken":0.0},{"event_name":"The Lab","player_choice":"Got Potions","floor":41.0,"damage_taken":0.0},{"event_name":"Tomb of Lord Red Mask","player_choice":"Paid","floor":47.0,"damage_taken":0.0}],"boss_relics":[],"potions_floor_spawned":[1,5,6,16,23,27,31,33,38,46,48],"seed_played":"-5518127016373146616","ascension_level":0,"is_trial":false}