{"gold_per_floor":[115,31,51,67,67,101,101,101,101,433,433,443,468,488,488,561,561,572,572,595,555],"floor_reached":21,"playtime":785,"items_purged":[],"score":409,"play_id":"0759946c-5662-4ead-ba50-33c5834726c8","local_time":"20190130140149","is_ascension_mode":true,"campfire_choices":[{"data":"Clothesline","floor":8,"key":"SMITH"},{"data":"Bash","floor":11,"key":"SMITH"},{"data":"Ghostly Armor","floor":15,"key":"SMITH"}],"neow_cost":"TEN_PERCENT_HP_LOSS","seed_source_timestamp":1085647371466688,"circlet_count":0,"master_deck":["AscendersBane","Defend_R","Defend_R","Defend_R","Defend_R","Bash+1","Heavy Blade","Carnage+1","Inflame+1","Ghostly Armor+1","Clothesline+1","Iron Wave","Limit Break","Bite","Bite","Bite","Bite","Bite"],"relics":["Burning Blood","Du-Vu Doll","Bottled Tornado","Old Coin","Shuriken","Eternal Feather","Pen Nib"],"potions_floor_usage":[6,14,16],"damage_taken":[{"damage":4,"enemies":"2 Louse","floor":1,"turns":5},{"damage":11,"enemies":"Jaw Worm","floor":3,"turns":4},{"damage":3,"enemies":"Small Slimes","floor":4,"turns":3},{"damage":1,"enemies":"Gremlin Nob","floor":6,"turns":3},{"damage":20,"enemies":"3 Sentries","floor":10,"turns":6},{"damage":12,"enemies":"Looter","floor":12,"turns":3},{"damage":8,"enemies":"Gremlin Nob","floor":13,"turns":3},{"damage":21,"enemies":"Lots of Slimes","floor":14,"turns":6},{"damage":15,"enemies":"The Guardian","floor":16,"turns":8},{"damage":45,"enemies":"3 Byrds","floor":18,"turns":6},{"damage":22,"enemies":"2 Thieves","floor":21,"turns":1}],"seed_played":"-4956202629927657524","potions_obtained":[{"floor":3,"key":"SteroidPotion"},{"floor":10,"key":"PowerPotion"},{"floor":13,"key":"Regen Potion"}],"is_trial":false,"path_per_floor":["M","$","M","M","?","E","?","R","T","E","R","M","E","M","R","B",null,"M","?","T","M"],"character_chosen":"IRONCLAD","items_purchased":["Carnage"],"campfire_rested":0,"item_purchase_floors":[2],"current_hp_per_floor":[68,68,63,66,46,51,56,56,56,42,42,36,34,34,34,25,61,22,22,22,0],"gold":555,"neow_bonus":"REMOVE_TWO","is_prod":false,"is_daily":false,"chose_seed":false,"campfire_upgraded":3,"win_rate":0,"timestamp":1548874909,"path_taken":["M","$","M","M","?","E","?","R","T","E","R","M","E","M","R","BOSS","M","?","?","M"],"build_version":"2019-01-23","purchased_purges":0,"victory":false,"max_hp_per_floor":[68,68,68,68,68,68,73,73,73,73,73,73,73,73,73,73,73,73,51,51,51],"card_choices":[{"not_picked":["Flex","Anger"],"picked":"Heavy Blade","floor":1},{"not_picked":["Dual Wield","Disarm"],"picked":"Inflame","floor":3},{"not_picked":["Heavy Blade","Rampage"],"picked":"Ghostly Armor","floor":4},{"not_picked":["Shockwave","Sword Boomerang"],"picked":"Clothesline","floor":6},{"not_picked":["True Grit","Corruption","Clash"],"picked":"SKIP","floor":10},{"not_picked":["Body Slam","Combust","Perfected Strike"],"picked":"SKIP","floor":12},{"not_picked":["Thunderclap","Bloodletting"],"picked":"Iron Wave","floor":13},{"not_picked":["Clothesline","Body Slam","Fire Breathing"],"picked":"SKIP","floor":14},{"not_picked":["Barricade","Exhume"],"picked":"Limit Break","floor":16},{"not_picked":["Rupture+1","Pommel Strike","Wild Strike"],"picked":"SKIP","floor":18}],"player_experience":573762,"relics_obtained":[{"floor":6,"key":"Du-Vu Doll"},{"floor":9,"key":"Bottled Tornado"},{"floor":10,"key":"Old Coin"},{"floor":13,"key":"Shuriken"},{"floor":20,"key":"Pen Nib"}],"event_choices":[{"damage_healed":0,"gold_gain":0,"player_choice":"Entered Light","damage_taken":20,"max_hp_gain":0,"max_hp_loss":0,"event_name":"Shining Light","floor":5,"gold_loss":0,"cards_upgraded":["Carnage","Inflame"]},{"damage_healed":0,"gold_gain":0,"player_choice":"Donut","damage_taken":0,"max_hp_gain":5,"max_hp_loss":0,"event_name":"Big Fish","floor":7,"gold_loss":0},{"damage_healed":0,"gold_gain":0,"player_choice":"Became a vampire","damage_taken":0,"max_hp_gain":0,"max_hp_loss":22,"event_name":"Vampires","floor":19,"gold_loss":0,"cards_obtained":["Bite","Bite","Bite","Bite","Bite"]}],"is_beta":false,"boss_relics":[{"not_picked":["Philosopher\u0027s Stone","Snecko Eye"],"picked":"Eternal Feather"}],"items_purged_floors":[],"is_endless":false,"potions_floor_spawned":[3,10,13],"killed_by":"2 Thieves","ascension_level":19}