{"gold_per_floor":[113,127,26,26,36,36,68,68,92,104,143,155,178,220,232,348,360,384,408,335,363,375,387,432,444,527,539,577,589,526,49,49,144,144,160,160,214,214,225,225,225,225,279,289,289,303,314,333,333,333],"floor_reached":51,"playtime":2427,"items_purged":["Strike_B","Strike_B"],"score":864,"play_id":"8e54963b-9614-4360-bd09-0a504d8d8b06","local_time":"20190205164342","is_ascension_mode":true,"campfire_choices":[{"data":"Zap","floor":6.0,"key":"SMITH"},{"floor":12.0,"key":"REST"},{"floor":15.0,"key":"REST"},{"floor":23.0,"key":"REST"},{"floor":25.0,"key":"REST"},{"data":"Buffer","floor":27.0,"key":"SMITH"},{"data":"Turbo","floor":29.0,"key":"SMITH"},{"data":"Dualcast","floor":32.0,"key":"SMITH"},{"data":"Electrodynamics","floor":40.0,"key":"SMITH"},{"data":"Meteor Strike","floor":42.0,"key":"SMITH"},{"data":"Hologram","floor":45.0,"key":"SMITH"},{"data":"Melter","floor":49.0,"key":"SMITH"}],"neow_cost":"NONE","seed_source_timestamp":5897255403411,"circlet_count":0,"master_deck":["Defend_B","Defend_B","Defend_B","Defend_B+1","Zap+1","Dualcast+1","Melter+1","Barrage","Rip and Tear","Turbo+1","Conserve Battery+1","Cold Snap","Buffer+1","Hologram+1","Electrodynamics+1","Steam","Go for the Eyes+1","Glacier+1","Meteor Strike+1","Doom and Gloom","Self Repair","Tempest+1","Turbo+1","Seek+1","Skim+1","Madness+1","Madness+1","White Noise+1","Darkness+1","BootSequence+1"],"special_seed":0,"relics":["Cracked Core","Centennial Puzzle","MawBank","DataDisk","Strawberry","Eternal Feather","Toxic Egg 2","Juzu Bracelet","Torii","Bottled Lightning","War Paint","Orichalcum","Nuclear Battery","Nunchaku","Bag of Preparation"],"potions_floor_usage":[50,50],"damage_taken":[{"damage":7.0,"enemies":"Jaw Worm","floor":1.0,"turns":3.0},{"damage":9.0,"enemies":"Small Slimes","floor":2.0,"turns":4.0},{"damage":0.0,"enemies":"Cultist","floor":5.0,"turns":2.0},{"damage":15.0,"enemies":"3 Sentries","floor":7.0,"turns":6.0},{"damage":19.0,"enemies":"Gremlin Nob","floor":11.0,"turns":4.0},{"damage":4.0,"enemies":"Exordium Wildlife","floor":13.0,"turns":2.0},{"damage":12.0,"enemies":"Lagavulin","floor":14.0,"turns":4.0},{"damage":27.0,"enemies":"The Guardian","floor":16.0,"turns":12.0},{"damage":16.0,"enemies":"Shell Parasite","floor":18.0,"turns":4.0},{"damage":0.0,"enemies":"3 Byrds","floor":19.0,"turns":2.0},{"damage":20.0,"enemies":"Centurion and Healer","floor":21.0,"turns":7.0},{"damage":29.0,"enemies":"Slavers","floor":24.0,"turns":2.0},{"damage":18.0,"enemies":"Book of Stabbing","floor":28.0,"turns":8.0},{"damage":39.0,"enemies":"Collector","floor":33.0,"turns":10.0},{"damage":0.0,"enemies":"Orb Walker","floor":35.0,"turns":3.0},{"damage":21.0,"enemies":"2 Orb Walkers","floor":37.0,"turns":3.0},{"damage":0.0,"enemies":"3 Shapes","floor":39.0,"turns":2.0},{"damage":0.0,"enemies":"Jaw Worm Horde","floor":44.0,"turns":2.0},{"damage":11.0,"enemies":"4 Shapes","floor":46.0,"turns":2.0},{"damage":0.0,"enemies":"Writhing Mass","floor":47.0,"turns":5.0},{"damage":0.0,"enemies":"Sphere and 2 Shapes","floor":48.0,"turns":2.0},{"damage":81,"enemies":"Donu and Deca","floor":50,"turns":10}],"seed_played":"-5670916220800360554","potions_obtained":[{"floor":5.0,"key":"Swift Potion"},{"floor":7.0,"key":"Weak Potion"},{"floor":14.0,"key":"FearPotion"},{"floor":28.0,"key":"FearPotion"},{"floor":33.0,"key":"Weak Potion"},{"floor":46.0,"key":"Energy Potion"}],"is_trial":false,"path_per_floor":["M","M","$","?","M","R","E","?","T","$","E","R","M","E","R","B",null,"M","M","?","M","?","R","E","R","T","R","E","R","?","$","R","B",null,"M","?","?","?","M","R","?","R","T","M","R","M","M","M","R","B",null],"character_chosen":"DEFECT","items_purchased":["Turbo","Doom and Gloom","Orichalcum","Self Repair","Tempest+1","Turbo+1"],"campfire_rested":4,"item_purchase_floors":[3,31,31,31,31,31],"current_hp_per_floor":[68,59,59,59,59,59,44,44,44,44,25,47,43,38,62,35,70,54,54,54,34,34,70,41,77,77,82,64,76,76,76,82,50,74,81,71,57,57,57,72,72,82,82,82,82,78,82,82,82,8],"gold":333,"neow_bonus":"TRANSFORM_CARD","is_prod":false,"is_daily":false,"chose_seed":false,"campfire_upgraded":8,"win_rate":0,"timestamp":1549352622,"path_taken":["M","M","$","?","M","R","E","?","T","$","E","R","M","E","R","BOSS","M","M","?","M","?","R","E","R","T","R","E","R","?","$","R","BOSS","M","?","?","?","M","R","?","R","T","M","R","M","M","M","R","BOSS"],"build_version":"2019-01-23","purchased_purges":2,"victory":true,"max_hp_per_floor":[75,75,75,75,75,75,75,75,75,75,75,75,75,82,82,82,82,82,82,82,82,82,82,82,82,82,82,82,82,82,82,82,82,82,82,82,82,82,82,82,82,82,82,82,82,82,82,82,82,82],"card_choices":[{"not_picked":["Beam Cell","Stack"],"picked":"Barrage","floor":1.0},{"not_picked":["Consume","Recycle"],"picked":"Rip and Tear","floor":2.0},{"not_picked":["Sweeping Beam","Storm"],"picked":"Ball Lightning","floor":5.0},{"not_picked":["Sweeping Beam","Machine Learning"],"picked":"Conserve Battery","floor":7.0},{"not_picked":["Steam","Streamline"],"picked":"Cold Snap","floor":11.0},{"not_picked":["Hologram","Auto Shields"],"picked":"Buffer","floor":13.0},{"not_picked":["Barrage","Streamline"],"picked":"Hologram","floor":14.0},{"not_picked":["Rainbow","Machine Learning"],"picked":"Electrodynamics","floor":16.0},{"not_picked":["Ball Lightning","Streamline"],"picked":"Steam","floor":18.0},{"not_picked":["Force Field+1","Sweeping Beam"],"picked":"Go for the Eyes+1","floor":19.0},{"not_picked":["Genetic Algorithm+1","Scrape"],"picked":"Glacier+1","floor":21.0},{"not_picked":["Cold Snap","Barrage","Steam+1"],"picked":"SKIP","floor":24.0},{"not_picked":["Force Field+1","Coolheaded+1"],"picked":"Meteor Strike","floor":28.0},{"not_picked":["Machine Learning","Core Surge"],"picked":"Seek+1","floor":33.0},{"not_picked":["Beam Cell+1","Glacier+1"],"picked":"Skim+1","floor":35.0},{"not_picked":["Ball Lightning+1","Redo+1","Storm+1"],"picked":"SKIP","floor":39.0},{"not_picked":["Buffer","Redo+1"],"picked":"White Noise+1","floor":44.0},{"not_picked":["Compile Driver+1","Coolheaded+1","Turbo+1"],"picked":"SKIP","floor":46.0},{"not_picked":["Fusion+1","Self Repair+1"],"picked":"Darkness+1","floor":47.0},{"not_picked":["FTL","Gash"],"picked":"BootSequence+1","floor":48.0}],"player_experience":257093,"relics_obtained":[{"floor":7.0,"key":"Centennial Puzzle"},{"floor":9.0,"key":"MawBank"},{"floor":11.0,"key":"DataDisk"},{"floor":14.0,"key":"Strawberry"},{"floor":24.0,"key":"Torii"},{"floor":26.0,"key":"Bottled Lightning"},{"floor":28.0,"key":"War Paint"},{"floor":37.0,"key":"Nunchaku"},{"floor":43.0,"key":"Bag of Preparation"}],"event_choices":[{"damage_healed":0.0,"max_hp_gain":0.0,"max_hp_loss":0.0,"gold_gain":0.0,"event_name":"The Cleric","player_choice":"Leave","floor":4.0,"gold_loss":0.0,"damage_taken":0.0},{"damage_healed":0.0,"max_hp_gain":0.0,"max_hp_loss":0.0,"gold_gain":0.0,"event_name":"Golden Idol","player_choice":"Ignored","floor":8.0,"gold_loss":0.0,"damage_taken":0.0},{"damage_healed":0.0,"max_hp_gain":0.0,"max_hp_loss":0.0,"gold_gain":0.0,"event_name":"Addict","player_choice":"Obtained Relic","floor":20.0,"gold_loss":85.0,"damage_taken":0.0,"relics_obtained":["Toxic Egg 2"]},{"damage_healed":0.0,"max_hp_gain":0.0,"max_hp_loss":0.0,"gold_gain":0.0,"event_name":"WeMeetAgain","player_choice":"Gave Potion","floor":22.0,"gold_loss":0.0,"damage_taken":0.0,"relics_obtained":["Juzu Bracelet"]},{"cards_removed":["Strike_B"],"damage_healed":0.0,"max_hp_gain":0.0,"max_hp_loss":0.0,"gold_gain":0.0,"event_name":"Beggar","player_choice":"Gave Gold","floor":30.0,"gold_loss":75.0,"damage_taken":0.0},{"damage_healed":0.0,"max_hp_gain":0.0,"max_hp_loss":0.0,"gold_gain":0.0,"event_name":"Winding Halls","player_choice":"Embrace Madness","floor":36.0,"gold_loss":0.0,"damage_taken":10.0,"cards_obtained":["Madness","Madness"]},{"damage_healed":0.0,"max_hp_gain":0.0,"max_hp_loss":0.0,"gold_gain":0.0,"event_name":"Mysterious Sphere","player_choice":"Fight","floor":37.0,"gold_loss":0.0,"damage_taken":0.0},{"damage_healed":0.0,"max_hp_gain":0.0,"max_hp_loss":0.0,"gold_gain":0.0,"event_name":"Tomb of Lord Red Mask","player_choice":"Ignored","floor":38.0,"gold_loss":0.0,"damage_taken":0.0},{"cards_removed":["Ball Lightning"],"damage_healed":0.0,"max_hp_gain":0.0,"max_hp_loss":0.0,"gold_gain":0.0,"event_name":"Falling","player_choice":"Removed Attack","floor":41.0,"gold_loss":0.0,"damage_taken":0.0}],"is_beta":false,"boss_relics":[{"not_picked":["Coffee Dripper","White Beast Statue"],"picked":"Eternal Feather"},{"not_picked":["Empty Cage","Runic Dome"],"picked":"Nuclear Battery"}],"items_purged_floors":[3,31],"is_endless":false,"potions_floor_spawned":[5,7,14,28,33,46],"ascension_level":5}