{"path_per_floor":["M","M","?","M","?","R","E","?","T","$","M","E","R","M","R","B",null,"M","$","M","?","?","E","R","?","T","R","?","R","M","M","R"],"character_chosen":"IRONCLAD","items_purchased":["Molten Egg 2","Bag of Preparation"],"gold_per_floor":[112,122,122,137,212,212,243,243,243,5,19,48,48,62,62,162,162,178,35,51,51,51,78,78,78,101,101,101,101,111,131,131,131],"floor_reached":33,"campfire_rested":2,"playtime":1605,"current_hp_per_floor":[80,80,64,70,59,59,54,54,54,54,60,52,52,55,55,51,80,74,74,73,58,58,47,47,31,37,64,64,64,53,45,72,0],"items_purged":[],"gold":131,"score":328,"play_id":"a465a6b6-b82a-4000-92e3-8c937ca45e8e","local_time":"20180513164535","is_prod":false,"is_daily":false,"chose_seed":false,"is_ascension_mode":true,"campfire_upgraded":5,"timestamp":1526255135,"path_taken":["M","M","?","M","?","R","E","?","T","$","M","E","R","?","R","BOSS","M","$","M","?","?","E","R","?","T","R","?","R","?","M","R","BOSS"],"build_version":"2018-05-10","seed_source_timestamp":404577718945357,"purchased_purges":0,"victory":false,"master_deck":["Strike_R","Strike_R","Strike_R","Strike_R+1","Strike_R","Defend_R+1","Defend_R","Defend_R","Defend_R","Bash+1","Shrug It Off+1","Body Slam+1","Headbutt+1","Pommel Strike+1","Body Slam+1","Pommel Strike+1","Barricade+1","Cleave+1","Seeing Red","Heavy Blade+1","Doubt","True Grit"],"max_hp_per_floor":[80,80,80,80,80,80,80,80,80,80,80,80,80,80,80,80,80,80,80,80,85,85,85,85,85,91,91,91,91,91,91,91,91],"relics":["Burning Blood","Ornamental Fan","Centennial Puzzle","Molten Egg 2","Vajra","Cursed Key","Bag of Preparation","Darkstone Periapt","Nilry\u0027s Codex","Pen Nib"],"card_choices":[{"not_picked":["Anger","Feel No Pain"],"picked":"Shrug It Off","floor":1},{"not_picked":["Clothesline","Ghostly Armor"],"picked":"Body Slam","floor":2},{"not_picked":["Clash","Heavy Blade"],"picked":"Headbutt","floor":4},{"not_picked":["Limit Break","Dual Wield"],"picked":"Pommel Strike","floor":7},{"not_picked":["Cleave","Disarm"],"picked":"Body Slam","floor":11},{"not_picked":["Thunderclap","Body Slam"],"picked":"Pommel Strike","floor":12},{"not_picked":["Brutality","Reaper"],"picked":"Barricade","floor":16},{"not_picked":["Corruption","Body Slam"],"picked":"Cleave","floor":18},{"not_picked":["Twin Strike","Sword Boomerang"],"picked":"Heavy Blade","floor":23},{"not_picked":["Iron Wave","Headbutt"],"picked":"True Grit","floor":30}],"player_experience":168424,"potions_floor_usage":[7,23,23],"damage_taken":[{"damage":3,"enemies":"2 Louse","floor":1,"turns":3},{"damage":0,"enemies":"Small Slimes","floor":2,"turns":3},{"damage":0,"enemies":"Jaw Worm","floor":4,"turns":3},{"damage":11,"enemies":"3 Sentries","floor":7,"turns":10},{"damage":0,"enemies":"Blue Slaver","floor":11,"turns":3},{"damage":14,"enemies":"Lagavulin","floor":12,"turns":5},{"damage":3,"enemies":"3 Louse","floor":14,"turns":3},{"damage":10,"enemies":"Slime Boss","floor":16,"turns":8},{"damage":12,"enemies":"3 Byrds","floor":18,"turns":6},{"damage":7,"enemies":"2 Thieves","floor":20,"turns":3},{"damage":17,"enemies":"Book of Stabbing","floor":23,"turns":4},{"damage":17,"enemies":"Slaver and Parasite","floor":30,"turns":6},{"damage":14,"enemies":"Snake Plant","floor":31,"turns":4},{"damage":72,"enemies":"Champ","floor":33,"turns":8}],"event_choices":[{"event_name":"Shining Light","player_choice":"Entered Light","floor":3,"damage_taken":0},{"event_name":"World of Goop","player_choice":"Gather Gold","floor":5,"damage_taken":0},{"event_name":"Upgrade Shrine","player_choice":"Upgraded","floor":8,"damage_taken":0},{"event_name":"Forgotten Altar","player_choice":"Shed Blood","floor":21,"damage_taken":0},{"event_name":"Match and Keep!","player_choice":"1 cards matched","floor":22,"damage_taken":0},{"event_name":"Cursed Tome","player_choice":"Obtained Book","floor":25,"damage_taken":0},{"event_name":"Ghosts","player_choice":"Ignored","floor":28,"damage_taken":0}],"boss_relics":[{"not_picked":["Runic Dome","White Beast Statue"],"picked":"Cursed Key"}],"potions_floor_spawned":[2,7,11,20],"seed_played":"6209023172302549360","killed_by":"Champ","ascension_level":4,"is_trial":false}