{"path_per_floor":["M","?","M","?","?","R","T","E","T","E","?","$","M","M","R","B",null,"M","M","?","$","T","R","M","E","T","E","R","?","R","?","R","B",null,"M","M","M","?","$","E","R","E","T","?","$","?","?","T","R","B"],"character_chosen":"IRONCLAD","items_purchased":["Tiny Chest","Oddly Smooth Stone","Singing Bowl","Lee\u0027s Waffle"],"gold_per_floor":[111,111,125,300,300,300,300,339,339,383,383,50,66,91,91,214,214,237,252,252,6,6,6,30,74,142,186,186,186,186,186,186,307,307,328,349,362,362,43,81,81,121,197,197,47,47,107,107,107,107],"floor_reached":51,"campfire_rested":6,"playtime":2915,"current_hp_per_floor":[80,64,68,68,48,72,72,55,55,34,34,34,40,46,70,34,80,72,65,49,49,49,73,52,22,22,19,44,44,44,44,69,7,84,65,60,35,35,95,85,85,72,72,72,72,72,66,68,101,78],"items_purged":["Strike_R","Strike_R","Doubt","Writhe"],"gold":107,"score":856,"play_id":"0a94fd2d-272c-41a4-87ce-7fc298d480a1","local_time":"20180420101602","is_prod":false,"is_daily":false,"chose_seed":false,"is_ascension_mode":true,"campfire_upgraded":2,"timestamp":1524244562,"path_taken":["M","?","?","?","?","R","?","E","T","E","?","$","M","M","R","BOSS","M","M","?","$","?","R","M","E","T","E","R","?","R","?","R","BOSS","M","M","M","?","$","E","R","E","T","?","$","?","?","?","R","BOSS"],"build_version":"2018-04-19","seed_source_timestamp":813024175617445,"purchased_purges":5,"victory":true,"master_deck":["Strike_R+1","Strike_R+1","Strike_R","Defend_R","Defend_R","Defend_R","Defend_R+1","Bash","Pommel Strike+1","Shrug It Off+1","Thunderclap","Fire Breathing+1","Cleave","Necronomicurse","Rampage+1","Flame Barrier+1","Rage+1","Offering+1","Headbutt+1","Pommel Strike+1","Infernal Blade+1","Metallicize+1","Regret"],"max_hp_per_floor":[80,80,80,80,80,80,80,80,80,80,80,80,80,80,80,80,80,80,80,80,80,80,80,82,84,84,84,84,84,84,84,84,84,84,84,86,88,88,95,102,102,102,102,102,102,102,104,106,108,108],"relics":["Burning Blood","Pen Nib","Golden Idol","Centennial Puzzle","War Paint","Juzu Bracelet","Toxic Egg 2","Tiny Chest","Oddly Smooth Stone","Cursed Key","Necronomicon","Singing Bowl","Prayer Wheel","Champion Belt","Mummified Hand","Letter Opener","Sozu","Lee\u0027s Waffle","Strawberry","Pantograph","Frozen Egg 2","Gambling Chip","Dream Catcher"],"card_choices":[{"not_picked":["Battle Trance","Iron Wave"],"picked":"Pommel Strike","floor":1},{"not_picked":["Fire Breathing","Wild Strike"],"picked":"Shrug It Off","floor":3},{"not_picked":["Anger","Searing Blow"],"picked":"Thunderclap","floor":10},{"not_picked":["Pummel","Iron Wave"],"picked":"Fire Breathing","floor":14},{"not_picked":["Twin Strike","Havoc"],"picked":"Cleave","floor":18},{"not_picked":["Sentinel","Shrug It Off"],"picked":"Rampage","floor":26},{"not_picked":["Twin Strike","Feed"],"picked":"Flame Barrier","floor":27},{"not_picked":["Dark Embrace","Demon Form"],"picked":"Offering","floor":33},{"not_picked":["Clash","Twin Strike"],"picked":"Headbutt","floor":35},{"not_picked":["Anger","Warcry"],"picked":"Pommel Strike","floor":40},{"not_picked":["Juggernaut","Iron Wave"],"picked":"Infernal Blade","floor":42},{"not_picked":["Clothesline","Evolve"],"picked":"Metallicize","floor":43}],"player_experience":85590,"potions_floor_usage":[16,24,25,33,50],"damage_taken":[{"damage":5,"enemies":"Cultist","floor":1,"turns":4},{"damage":2,"enemies":"Small Slimes","floor":3,"turns":3},{"damage":23,"enemies":"3 Sentries","floor":8,"turns":13},{"damage":27,"enemies":"Gremlin Nob","floor":10,"turns":4},{"damage":0,"enemies":"2 Louse","floor":13,"turns":2},{"damage":0,"enemies":"Blue Slaver","floor":14,"turns":5},{"damage":42,"enemies":"Slime Boss","floor":16,"turns":13},{"damage":14,"enemies":"2 Thieves","floor":18,"turns":4},{"damage":13,"enemies":"Spheric Guardian","floor":19,"turns":5},{"damage":29,"enemies":"Snake Plant","floor":24,"turns":6},{"damage":38,"enemies":"Slavers","floor":25,"turns":5},{"damage":9,"enemies":"Book of Stabbing","floor":27,"turns":6},{"damage":68,"enemies":"Collector","floor":33,"turns":13},{"damage":25,"enemies":"3 Darklings","floor":35,"turns":9},{"damage":13,"enemies":"3 Shapes","floor":36,"turns":4},{"damage":33,"enemies":"3 Darklings","floor":37,"turns":5},{"damage":23,"enemies":"2 Orb Walkers","floor":40,"turns":5},{"damage":19,"enemies":"Nemesis","floor":42,"turns":6},{"damage":14,"enemies":"Mysterious Sphere","floor":47,"turns":4},{"damage":36,"enemies":"Awakened One","floor":50,"turns":15}],"event_choices":[{"event_name":"Shining Light","player_choice":"Entered Light","floor":2,"damage_taken":0},{"event_name":"Liars Game","player_choice":"agreed","floor":4,"damage_taken":0},{"event_name":"Golden Idol","player_choice":"Take Damage","floor":5,"damage_taken":0},{"event_name":"Living Wall","player_choice":"Forget","floor":11,"damage_taken":0},{"event_name":"Cursed Tome","player_choice":"Obtained Book","floor":20,"damage_taken":0},{"event_name":"Match and Keep!","player_choice":"1 cards matched","floor":29,"damage_taken":0},{"event_name":"Accursed Blacksmith","player_choice":"Forge","floor":31,"damage_taken":0},{"event_name":"Tomb of Lord Red Mask","player_choice":"Ignored","floor":38,"damage_taken":0},{"event_name":"Purifier","player_choice":"One Purge","floor":44,"damage_taken":0},{"event_name":"SecretPortal","player_choice":"Rejected Portal.","floor":46,"damage_taken":0},{"event_name":"Mysterious Sphere","player_choice":"Fight","floor":47,"damage_taken":0}],"boss_relics":[{"not_picked":["Eternal Feather","Calling Bell"],"picked":"Cursed Key"},{"not_picked":["Snecko Eye","Pandora\u0027s Box"],"picked":"Sozu"}],"potions_floor_spawned":[8,14,18,19,33,37,40,42],"seed_played":"-4017823303492251710","ascension_level":1,"is_trial":false}