{"path_per_floor":["M","M","M","$","M","R","E","M","T","R","$","M","R","M","R","B",null,"M","?","$","M","$","M","R"],"character_chosen":"IRONCLAD","items_purchased":["Shrug It Off"],"gold_per_floor":[145,161,180,105,115,115,142,160,187,187,87,105,105,123,123,218,218,230,230,54,68,68,83,83,83],"floor_reached":25,"campfire_rested":3,"playtime":1260,"current_hp_per_floor":[80,79,80,80,56,56,17,10,10,34,34,35,59,58,80,20,80,60,60,60,60,60,20,20,0],"items_purged":["Strike_R","Strike_R","Defend_R"],"gold":83,"score":205,"play_id":"26714f10-49ae-4a07-9eac-b90eb3d9aa10","local_time":"20180418225332","is_prod":false,"is_daily":false,"chose_seed":false,"is_ascension_mode":false,"campfire_upgraded":2,"timestamp":1524117212,"path_taken":["M","M","M","$","?","R","E","M","T","R","$","M","R","M","R","BOSS","M","?","$","M","?","M","R","E"],"build_version":"2018-04-12","seed_source_timestamp":687326450811343,"purchased_purges":3,"victory":false,"master_deck":["Strike_R","Strike_R","Strike_R","Defend_R","Defend_R","Defend_R","Bash","Spot Weakness+1","Pommel Strike","Cleave","Seeing Red","Fire Breathing","Flex","Barricade+1","Shrug It Off","Shrug It Off"],"max_hp_per_floor":[80,80,80,80,80,80,80,80,80,80,80,80,80,80,80,80,80,80,80,80,80,80,80,80,80],"relics":["Burning Blood","Tiny Chest","Bottled Flame","Vajra","Cursed Key"],"card_choices":[{"not_picked":["Shockwave","Burning Pact"],"picked":"Spot Weakness","floor":2},{"not_picked":["Blood for Blood","True Grit"],"picked":"Pommel Strike","floor":3},{"not_picked":["Ghostly Armor","Metallicize"],"picked":"Cleave","floor":7},{"not_picked":["Body Slam","Headbutt"],"picked":"Seeing Red","floor":8},{"not_picked":["Inflame","True Grit"],"picked":"Fire Breathing","floor":12},{"not_picked":["Whirlwind","Anger"],"picked":"Flex","floor":14},{"not_picked":["Dark Embrace","Impervious"],"picked":"Barricade","floor":16},{"not_picked":["Sword Boomerang","Evolve"],"picked":"Shrug It Off","floor":18}],"player_experience":60298,"potions_floor_usage":[8,16],"damage_taken":[{"damage":5,"enemies":"Cultist","floor":1,"turns":6},{"damage":7,"enemies":"2 Louse","floor":2,"turns":3},{"damage":1,"enemies":"Jaw Worm","floor":3,"turns":4},{"damage":30,"enemies":"3 Louse","floor":5,"turns":5},{"damage":45,"enemies":"Lagavulin","floor":7,"turns":9},{"damage":13,"enemies":"Exordium Thugs","floor":8,"turns":4},{"damage":5,"enemies":"Lots of Slimes","floor":12,"turns":2},{"damage":7,"enemies":"Large Slime","floor":14,"turns":4},{"damage":66,"enemies":"The Guardian","floor":16,"turns":10},{"damage":26,"enemies":"2 Thieves","floor":18,"turns":4},{"damage":6,"enemies":"Shell Parasite","floor":21,"turns":5},{"damage":46,"enemies":"Snake Plant","floor":23,"turns":6},{"damage":22,"enemies":"Gremlin Leader","floor":25,"turns":2}],"event_choices":[{"event_name":"Beggar","player_choice":"Ignored","floor":19,"damage_taken":0}],"boss_relics":[{"not_picked":["Runic Dome","Philosopher\u0027s Stone"],"picked":"Cursed Key"}],"potions_floor_spawned":[1,3,5,8,23],"seed_played":"889202110734139559","killed_by":"Gremlin Leader","ascension_level":0,"is_trial":false}