{"gold_per_floor":[118,138,54,72,72,104,104,104,104,117,117,151,151,12,12,12],"floor_reached":16,"playtime":785,"items_purged":[],"score":216,"play_id":"6afcb75d-ff18-495c-a597-16f52b3e275c","local_time":"20190224224933","is_ascension_mode":true,"campfire_choices":[{"data":"Infinite Blades","floor":8,"key":"SMITH"},{"data":"Neutralize","floor":11,"key":"SMITH"},{"floor":13,"key":"REST"},{"data":"Footwork","floor":15,"key":"SMITH"}],"neow_cost":"NONE","seed_source_timestamp":2831401597979558,"circlet_count":0,"master_deck":["AscendersBane","Defend_G","Defend_G","Defend_G","Defend_G","Defend_G","Strike_G","Strike_G","Strike_G","Strike_G","Strike_G","Survivor","Neutralize+1","Well Laid Plans","Riddle With Holes","Infinite Blades+1","Footwork+1","Blur","Backflip"],"relics":["Ring of the Snake","PreservedInsect","Mummified Hand","Mango","Happy Flower","Question Card"],"potions_floor_usage":[12,16],"damage_taken":[{"damage":3,"enemies":"Jaw Worm","floor":1,"turns":4},{"damage":0,"enemies":"2 Louse","floor":2,"turns":4},{"damage":3,"enemies":"Cultist","floor":4,"turns":5},{"damage":12,"enemies":"3 Sentries","floor":6,"turns":8},{"damage":7,"enemies":"3 Louse","floor":10,"turns":4},{"damage":8,"enemies":"Lagavulin","floor":12,"turns":5},{"damage":49,"enemies":"Hexaghost","floor":16,"turns":15}],"seed_played":"1591989779027868299","potions_obtained":[{"floor":2,"key":"Dexterity Potion"},{"floor":4,"key":"PowerPotion"}],"is_trial":false,"path_per_floor":["M","M","$","M","?","E","?","R","T","M","R","E","R","$","R","B"],"character_chosen":"THE_SILENT","items_purchased":["Well Laid Plans","Blur","Backflip"],"campfire_rested":1,"item_purchase_floors":[3,14,14],"current_hp_per_floor":[56,56,56,53,35,37,33,33,33,26,26,18,42,42,42,0],"gold":12,"neow_bonus":"RANDOM_COMMON_RELIC","is_prod":false,"is_daily":false,"chose_seed":false,"campfire_upgraded":3,"win_rate":0,"timestamp":1551070173,"path_taken":["M","M","$","M","?","E","?","R","T","?","R","E","R","$","R","BOSS"],"build_version":"2019-02-06","purchased_purges":0,"victory":false,"max_hp_per_floor":[66,66,66,66,66,80,80,80,80,80,80,80,80,80,80,80],"card_choices":[{"not_picked":["Prepared","Deadly Poison","Masterful Stab"],"picked":"SKIP","floor":1},{"not_picked":["Underhanded Strike","Blade Dance","Distraction"],"picked":"SKIP","floor":2},{"not_picked":["Tactician","Sucker Punch"],"picked":"Riddle With Holes","floor":4},{"not_picked":["Poisoned Stab","Slice"],"picked":"Infinite Blades","floor":6},{"not_picked":["Outmaneuver","Backflip"],"picked":"Footwork","floor":10},{"not_picked":["Bane","Outmaneuver","Distraction"],"picked":"SKIP","floor":12}],"player_experience":844394,"relics_obtained":[{"floor":6,"key":"Mango"},{"floor":9,"key":"Happy Flower"},{"floor":12,"key":"Question Card"}],"event_choices":[{"damage_healed":0,"gold_gain":0,"player_choice":"Success","damage_taken":18,"relics_obtained":["Mummified Hand"],"max_hp_gain":0,"max_hp_loss":0,"event_name":"Scrap Ooze","floor":5,"gold_loss":0},{"damage_healed":0,"gold_gain":0,"player_choice":"Bought 0 Potions","damage_taken":0,"max_hp_gain":0,"max_hp_loss":0,"event_name":"The Woman in Blue","floor":7,"gold_loss":0}],"is_beta":true,"boss_relics":[],"items_purged_floors":[],"is_endless":false,"potions_floor_spawned":[2,4,6],"killed_by":"Hexaghost","ascension_level":20}