{"gold_per_floor":[109,34,54,54,54,81,134,134,134,146,146,173,191,211,211,211],"floor_reached":16,"playtime":530,"items_purged":["Doubt"],"score":198,"play_id":"7abfd3d5-f06a-4fee-bbac-cdf16749a3fb","local_time":"20190126110358","is_ascension_mode":true,"campfire_choices":[{"data":"Uppercut","floor":8,"key":"SMITH"},{"floor":11,"key":"REST"},{"data":"Mind Blast","floor":15,"key":"SMITH"}],"neow_cost":"CURSE","seed_source_timestamp":729577865597630,"circlet_count":0,"master_deck":["AscendersBane","Strike_R","Strike_R","Strike_R","Strike_R","Defend_R","Defend_R","Defend_R","Defend_R","Bash+1","Transmutation+1","Mind Blast+1","Uppercut+1","Shockwave","Shockwave","Inflame+1","Battle Trance","Burning Pact"],"relics":["Burning Blood","Bottled Flame","Ancient Tea Set","Frozen Egg 2","Dream Catcher"],"potions_floor_usage":[6,12,14],"damage_taken":[{"damage":15,"enemies":"Cultist","floor":1,"turns":5},{"damage":7,"enemies":"Jaw Worm","floor":3,"turns":4},{"damage":23,"enemies":"Lagavulin","floor":6,"turns":6},{"damage":0,"enemies":"2 Louse","floor":10,"turns":2},{"damage":8,"enemies":"Gremlin Nob","floor":12,"turns":3},{"damage":19,"enemies":"Blue Slaver","floor":13,"turns":4},{"damage":3,"enemies":"Looter","floor":14,"turns":4},{"damage":34,"enemies":"The Guardian","floor":16,"turns":6}],"seed_played":"-3258198667318683684","potions_obtained":[{"floor":3,"key":"EssenceOfSteel"},{"floor":6,"key":"Strength Potion"},{"floor":13,"key":"BloodPotion"}],"is_trial":false,"path_per_floor":["M","$","M","?","?","E","T","R","T","M","R","E","M","M","R","B"],"character_chosen":"IRONCLAD","items_purchased":[],"campfire_rested":1,"item_purchase_floors":[],"current_hp_per_floor":[59,59,58,35,28,11,11,11,11,17,39,37,24,34,34,0],"gold":211,"neow_bonus":"RANDOM_COLORLESS_2","is_prod":false,"is_daily":false,"chose_seed":false,"campfire_upgraded":2,"win_rate":0,"timestamp":1548518638,"path_taken":["M","$","?","?","?","E","?","R","T","M","R","E","M","M","R","BOSS"],"build_version":"2019-01-23","purchased_purges":1,"victory":false,"max_hp_per_floor":[75,75,75,75,75,75,75,75,75,75,75,75,75,75,75,75],"card_choices":[{"not_picked":["Clash","Havoc","Pummel"],"picked":"SKIP","floor":1},{"not_picked":["Intimidate","Wild Strike"],"picked":"Uppercut","floor":3},{"not_picked":["Perfected Strike","Sever Soul"],"picked":"Shockwave","floor":6},{"not_picked":["Sword Boomerang","Thunderclap"],"picked":"Shockwave","floor":10},{"not_picked":["Sword Boomerang","Sever Soul"],"picked":"Inflame+1","floor":12},{"not_picked":["Hemokinesis","Bludgeon"],"picked":"Battle Trance","floor":13},{"not_picked":["Twin Strike","Spot Weakness"],"picked":"Burning Pact","floor":14}],"player_experience":467509,"relics_obtained":[{"floor":6,"key":"Bottled Flame"},{"floor":7,"key":"Ancient Tea Set"},{"floor":9,"key":"Frozen Egg 2"},{"floor":12,"key":"Dream Catcher"}],"event_choices":[{"damage_healed":0,"gold_gain":0,"player_choice":"Entered Light","damage_taken":23,"max_hp_gain":0,"max_hp_loss":0,"event_name":"Shining Light","floor":4,"gold_loss":0,"cards_upgraded":["Bash","Transmutation"]},{"cards_removed":["Strike_R"],"damage_healed":0,"gold_gain":0,"player_choice":"Card Removal","damage_taken":7,"max_hp_gain":0,"max_hp_loss":0,"event_name":"Golden Wing","floor":5,"gold_loss":0}],"is_beta":false,"boss_relics":[],"items_purged_floors":[2],"is_endless":false,"potions_floor_spawned":[3,6,13],"killed_by":"The Guardian","ascension_level":16}