{"gold_per_floor":[111,111,126,142,162,188,188,219,219,144,157,157,190,204,204,300,300,311,70,70,84,84,84,21,37,63,63,74,74,84,96,96,193,193,211,211,211,225,225],"floor_reached":39,"playtime":1323,"items_purged":["Strike_R","Strike_R","Strike_R"],"score":504,"play_id":"61d44c6a-055c-4dae-86ed-8f9fd48719d3","local_time":"20190112153251","is_ascension_mode":true,"campfire_choices":[{"data":"Rampage","floor":7.0,"key":"SMITH"},{"data":"Whirlwind","floor":15.0,"key":"SMITH"},{"data":"Intimidate","floor":23.0,"key":"SMITH"},{"floor":27.0,"key":"REST"},{"data":"Heavy Blade","floor":29.0,"key":"SMITH"},{"floor":32.0,"key":"REST"}],"neow_cost":"NONE","seed_source_timestamp":24254985465043,"circlet_count":0,"master_deck":["Defend_R","Defend_R","Defend_R","Bash","Rampage+1","Clash","Rage+1","Whirlwind+1","Intimidate+1","Spot Weakness","Offering","Spot Weakness","Metallicize","Heavy Blade+1","Double Tap","Dark Shackles","Shrug It Off"],"special_seed":0,"relics":["Black Blood","PreservedInsect","Paper Frog","Bottled Lightning","Bottled Flame","Membership Card","Happy Flower","Empty Cage"],"potions_floor_usage":[],"damage_taken":[{"damage":7.0,"enemies":"2 Louse","floor":1.0,"turns":3.0},{"damage":6.0,"enemies":"Small Slimes","floor":3.0,"turns":4.0},{"damage":1.0,"enemies":"Cultist","floor":4.0,"turns":3.0},{"damage":7.0,"enemies":"Looter","floor":5.0,"turns":3.0},{"damage":32.0,"enemies":"Gremlin Nob","floor":6.0,"turns":4.0},{"damage":5.0,"enemies":"3 Sentries","floor":8.0,"turns":6.0},{"damage":0.0,"enemies":"Gremlin Gang","floor":11.0,"turns":2.0},{"damage":16.0,"enemies":"Gremlin Nob","floor":13.0,"turns":3.0},{"damage":4.0,"enemies":"2 Fungi Beasts","floor":14.0,"turns":3.0},{"damage":33.0,"enemies":"Slime Boss","floor":16.0,"turns":7.0},{"damage":21.0,"enemies":"Spheric Guardian","floor":18.0,"turns":4.0},{"damage":15.0,"enemies":"Shell Parasite","floor":21.0,"turns":4.0},{"damage":46.0,"enemies":"Snecko","floor":25.0,"turns":6.0},{"damage":6.0,"enemies":"Cultist and Chosen","floor":28.0,"turns":3.0},{"damage":20.0,"enemies":"Snake Plant","floor":30.0,"turns":3.0},{"damage":14.0,"enemies":"Centurion and Healer","floor":31.0,"turns":6.0},{"damage":51.0,"enemies":"Champ","floor":33.0,"turns":9.0},{"damage":26,"enemies":"3 Shapes","floor":35,"turns":5},{"damage":19,"enemies":"3 Darklings","floor":38,"turns":3},{"damage":72,"enemies":"Transient","floor":39,"turns":5}],"seed_played":"-1206477557012923199","potions_obtained":[{"floor":4.0,"key":"AttackPotion"},{"floor":5.0,"key":"SpeedPotion"},{"floor":11.0,"key":"BloodPotion"},{"floor":13.0,"key":"Block Potion"},{"floor":14.0,"key":"LiquidBronze"},{"floor":18.0,"key":"Regen Potion"},{"floor":25.0,"key":"AttackPotion"},{"floor":30.0,"key":"Block Potion"},{"floor":38,"key":"Dexterity Potion"}],"is_trial":false,"path_per_floor":["M","?","M","M","M","E","R","E","T","$","M","?","E","M","R","B",null,"M","$","?","M","?","R","$","M","T","R","M","R","M","M","R","B",null,"M","?","?","M","M"],"character_chosen":"IRONCLAD","items_purchased":["Membership Card"],"campfire_rested":2,"item_purchase_floors":[19],"current_hp_per_floor":[79,79,79,80,79,53,53,54,54,54,60,60,58,60,60,33,68,57,57,57,64,64,64,64,28,28,52,56,56,46,42,66,25,66,50,50,50,41,0],"gold":225,"neow_bonus":"TRANSFORM_CARD","is_prod":false,"is_daily":false,"chose_seed":false,"campfire_upgraded":4,"win_rate":0,"timestamp":1547274771,"path_taken":["M","?","M","M","M","E","R","E","T","$","M","?","E","M","R","BOSS","M","$","?","?","?","R","$","M","T","R","M","R","?","M","R","BOSS","M","?","?","M","M"],"build_version":"2019-01-10","purchased_purges":3,"victory":false,"max_hp_per_floor":[80,80,80,80,80,80,80,80,80,80,80,80,80,80,80,80,80,80,80,80,80,80,80,80,80,80,80,80,80,80,80,80,80,80,80,80,80,80,80],"card_choices":[{"not_picked":["Rampage","Reckless Charge"],"picked":"Clash","floor":1.0},{"not_picked":["Wild Strike","Headbutt"],"picked":"Rage","floor":3.0},{"not_picked":["Flex","Havoc"],"picked":"Whirlwind","floor":4.0},{"not_picked":["Sword Boomerang","Twin Strike","Infernal Blade"],"picked":"SKIP","floor":5.0},{"not_picked":["Twin Strike","Reckless Charge"],"picked":"Intimidate","floor":6.0},{"not_picked":["Perfected Strike","Second Wind","Uppercut"],"picked":"SKIP","floor":8.0},{"not_picked":["Thunderclap","Rage"],"picked":"Spot Weakness","floor":11.0},{"not_picked":["Combust","Iron Wave","Havoc"],"picked":"SKIP","floor":13.0},{"not_picked":["Infernal Blade","Thunderclap","Rupture"],"picked":"SKIP","floor":14.0},{"not_picked":["Immolate","Bludgeon"],"picked":"Offering","floor":16.0},{"not_picked":["True Grit","Pommel Strike"],"picked":"Spot Weakness","floor":18.0},{"not_picked":["Intimidate+1","Seeing Red"],"picked":"Metallicize","floor":21.0},{"not_picked":["Corruption","Clash","True Grit"],"picked":"SKIP","floor":25.0},{"not_picked":["True Grit+1","Burning Pact"],"picked":"Heavy Blade","floor":28.0},{"not_picked":["Heavy Blade+1","Searing Blow","Cleave"],"picked":"SKIP","floor":30.0},{"not_picked":["Hemokinesis","True Grit+1","Rage"],"picked":"SKIP","floor":31.0},{"not_picked":["Demon Form","Dark Embrace"],"picked":"Double Tap","floor":33.0},{"not_picked":["Pommel Strike","Warcry","Iron Wave"],"picked":"SKIP","floor":35},{"not_picked":["Metamorphosis","The Bomb"],"picked":"Dark Shackles","floor":37},{"not_picked":["Anger+1","Wild Strike"],"picked":"Shrug It Off","floor":38}],"player_experience":215774,"relics_obtained":[{"floor":6.0,"key":"PreservedInsect"},{"floor":8.0,"key":"Paper Frog"},{"floor":9.0,"key":"Bottled Lightning"},{"floor":13.0,"key":"Bottled Flame"},{"floor":26.0,"key":"Happy Flower"}],"event_choices":[{"damage_healed":0.0,"max_hp_gain":0.0,"max_hp_loss":0.0,"gold_gain":0.0,"event_name":"Golden Idol","player_choice":"Ignored","floor":2.0,"gold_loss":0.0,"damage_taken":0.0},{"damage_healed":0.0,"max_hp_gain":0.0,"max_hp_loss":0.0,"gold_gain":0.0,"event_name":"Dead Adventurer","player_choice":"Searched \u00270\u0027 times","floor":12.0,"gold_loss":0.0,"damage_taken":0.0},{"damage_healed":0.0,"max_hp_gain":0.0,"max_hp_loss":0.0,"gold_gain":0.0,"event_name":"Match and Keep!","player_choice":"0 cards matched","floor":20.0,"gold_loss":0.0,"damage_taken":0.0,"cards_obtained":[]},{"damage_healed":0.0,"max_hp_gain":0.0,"max_hp_loss":0.0,"gold_gain":0.0,"event_name":"Upgrade Shrine","player_choice":"Upgraded","floor":22.0,"gold_loss":0.0,"damage_taken":0.0,"cards_upgraded":["Rage"]},{"damage_healed":0,"gold_gain":0,"player_choice":"Ignored","damage_taken":0,"max_hp_gain":0,"max_hp_loss":0,"event_name":"Mysterious Sphere","floor":36,"gold_loss":0},{"damage_healed":0,"gold_gain":0,"player_choice":"Memory 1","damage_taken":0,"max_hp_gain":0,"max_hp_loss":0,"event_name":"SensoryStone","floor":37,"gold_loss":0}],"is_beta":false,"boss_relics":[{"not_picked":["Pandora\u0027s Box","Coffee Dripper"],"picked":"Black Blood"},{"not_picked":["Cursed Key","Eternal Feather"],"picked":"Empty Cage"}],"items_purged_floors":[10,19,24],"is_endless":false,"potions_floor_spawned":[4,5,11,13,14,18,25,30,38],"killed_by":"Transient","ascension_level":5}