{"gold_per_floor":[12,26,26,40,40,73,92,92,92,92,116,116,134,147,147,276,276,292,217,248,248,272,272,172,190,268,292,292,323,323,338,338,457,457,477,352,371,221,221,221,262,162,186,136,154,169,190,204,204,204],"floor_reached":51,"playtime":1994,"items_purged":["Strike_R","Strike_R","Strike_R","Defend_R","Defend_R","Reaper+1"],"score":899,"play_id":"42b7ddfd-7455-44ef-b0a4-5e4c943368f9","local_time":"20190222094611","is_ascension_mode":false,"campfire_choices":[{"floor":8,"key":"REST"},{"data":"Pommel Strike","floor":10,"key":"SMITH"},{"floor":15,"key":"REST"},{"floor":23,"key":"REST"},{"floor":28,"key":"REST"},{"floor":30,"key":"REST"},{"floor":32,"key":"REST"},{"floor":40,"key":"REST"},{"floor":49,"key":"REST"}],"neow_cost":"NO_GOLD","seed_source_timestamp":809963696961519,"circlet_count":0,"master_deck":["Strike_R+1","Defend_R","Bash+1","Pommel Strike+1","Inflame+1","Dropkick"],"relics":["Black Blood","Golden Idol","Frozen Egg 2","Singing Bowl","Centennial Puzzle","Fusion Hammer","Red Mask","Toxic Egg 2","Meat on the Bone","Smiling Mask","Pen Nib"],"potions_floor_usage":[14,16,27,33,33,37,41,50,50,50],"damage_taken":[{"damage":11,"enemies":"2 Louse","floor":1,"turns":4},{"damage":2,"enemies":"Small Slimes","floor":2,"turns":4},{"damage":1,"enemies":"Jaw Worm","floor":4,"turns":3},{"damage":31,"enemies":"Lagavulin","floor":6,"turns":6},{"damage":13,"enemies":"3 Louse","floor":7,"turns":3},{"damage":13,"enemies":"Large Slime","floor":13,"turns":6},{"damage":8,"enemies":"Exordium Thugs","floor":14,"turns":4},{"damage":42,"enemies":"Slime Boss","floor":16,"turns":9},{"damage":29,"enemies":"Shell Parasite","floor":18,"turns":5},{"damage":53,"enemies":"Masked Bandits","floor":20,"turns":5},{"damage":19,"enemies":"2 Thieves","floor":22,"turns":3},{"damage":41,"enemies":"Sentry and Sphere","floor":25,"turns":5},{"damage":31,"enemies":"Shelled Parasite and Fungi","floor":27,"turns":5},{"damage":54,"enemies":"Gremlin Leader","floor":29,"turns":8},{"damage":12,"enemies":"Cultist and Chosen","floor":31,"turns":4},{"damage":66,"enemies":"Collector","floor":33,"turns":5},{"damage":37,"enemies":"3 Shapes","floor":35,"turns":4},{"damage":37,"enemies":"3 Darklings","floor":37,"turns":5},{"damage":34,"enemies":"Nemesis","floor":41,"turns":5},{"damage":30,"enemies":"Sphere and 2 Shapes","floor":45,"turns":4},{"damage":8,"enemies":"Jaw Worm Horde","floor":46,"turns":3},{"damage":5,"enemies":"Maw","floor":47,"turns":4},{"damage":3,"enemies":"Transient","floor":48,"turns":5},{"damage":71,"enemies":"Donu and Deca","floor":50,"turns":6}],"seed_played":"-3433479878730718777","potions_obtained":[{"floor":6,"key":"GamblersBrew"},{"floor":7,"key":"AttackPotion"},{"floor":13,"key":"Energy Potion"},{"floor":22,"key":"SkillPotion"},{"floor":27,"key":"Strength Potion"},{"floor":29,"key":"PowerPotion"},{"floor":33,"key":"BloodPotion"},{"floor":35,"key":"Explosive Potion"},{"floor":37,"key":"Explosive Potion"},{"floor":48,"key":"SkillPotion"}],"is_trial":false,"path_per_floor":["M","M","?","M","?","E","M","R","T","R","T","?","M","M","R","B",null,"M","$","?","?","M","R","$","M","T","M","R","E","R","M","R","B",null,"M","$","M","$","?","R","E","$","T","$","M","M","M","M","R","B",null],"character_chosen":"IRONCLAD","items_purchased":["SkillPotion"],"campfire_rested":8,"item_purchase_floors":[42],"current_hp_per_floor":[75,79,63,68,48,23,16,40,40,40,40,66,61,59,82,46,82,71,71,42,42,51,77,77,47,47,36,63,30,57,77,94,68,96,82,82,73,73,73,100,78,78,78,78,72,76,83,92,110,72],"gold":204,"neow_bonus":"REMOVE_TWO","is_prod":false,"is_daily":false,"chose_seed":false,"campfire_upgraded":1,"win_rate":0,"timestamp":1550846771,"path_taken":["M","M","?","M","?","E","M","R","T","R","?","?","M","M","R","BOSS","M","$","?","?","M","R","$","?","T","M","R","E","R","M","R","BOSS","M","?","M","$","?","R","E","$","T","$","M","M","?","M","R","BOSS"],"build_version":"2019-01-23","purchased_purges":6,"victory":true,"max_hp_per_floor":[80,80,80,80,80,80,80,80,80,80,80,80,82,82,82,82,82,84,84,86,86,88,88,88,88,88,90,90,92,92,94,94,96,96,98,98,100,100,100,100,102,102,102,102,104,106,108,110,110,110],"card_choices":[{"not_picked":["True Grit","Anger"],"picked":"Pommel Strike","floor":1},{"not_picked":["Cleave","Sentinel","Pommel Strike"],"picked":"SKIP","floor":2},{"not_picked":["Anger","Clothesline","Corruption"],"picked":"SKIP","floor":4},{"not_picked":["Flex","Wild Strike","Juggernaut"],"picked":"SKIP","floor":6},{"not_picked":["Sword Boomerang","Combust+1","Power Through"],"picked":"SKIP","floor":7},{"not_picked":["Flex","Second Wind","Body Slam"],"picked":"Singing Bowl","floor":13},{"not_picked":["Entrench","Ghostly Armor"],"picked":"Inflame+1","floor":14},{"not_picked":["Dark Embrace+1","Brutality+1"],"picked":"Reaper","floor":16},{"not_picked":["Heavy Blade","Hemokinesis","Fire Breathing+1"],"picked":"Singing Bowl","floor":18},{"not_picked":["Intimidate","Entrench","Heavy Blade"],"picked":"Singing Bowl","floor":20},{"not_picked":["Sword Boomerang+1","Seeing Red","Dual Wield"],"picked":"Singing Bowl","floor":22},{"not_picked":["Flex","Inflame+1"],"picked":"Dropkick","floor":25},{"not_picked":["Disarm+1","True Grit+1","Pommel Strike"],"picked":"Singing Bowl","floor":27},{"not_picked":["Metallicize+1","Perfected Strike","Hemokinesis+1"],"picked":"Singing Bowl","floor":29},{"not_picked":["Flex+1","Combust+1","Perfected Strike"],"picked":"Singing Bowl","floor":31},{"not_picked":["Reaper","Exhume+1","Limit Break+1"],"picked":"Singing Bowl","floor":33},{"not_picked":["Clash","Shrug It Off+1","True Grit+1"],"picked":"Singing Bowl","floor":35},{"not_picked":["Thunderclap+1","Corruption+1","Cleave"],"picked":"Singing Bowl","floor":37},{"not_picked":["Clothesline","Dark Embrace+1","Anger+1"],"picked":"Singing Bowl","floor":41},{"not_picked":["Shockwave+1","Clash+1","Disarm+1"],"picked":"Singing Bowl","floor":45},{"not_picked":["Shrug It Off+1","Power Through+1","Clothesline"],"picked":"Singing Bowl","floor":46},{"not_picked":["Uppercut+1","Clothesline","Thunderclap+1"],"picked":"Singing Bowl","floor":47},{"not_picked":["Flame Barrier+1","Intimidate+1","Blood for Blood+1"],"picked":"Singing Bowl","floor":48}],"player_experience":474903,"relics_obtained":[{"floor":6,"key":"Frozen Egg 2"},{"floor":9,"key":"Singing Bowl"},{"floor":11,"key":"Centennial Puzzle"},{"floor":20,"key":"Red Mask"},{"floor":26,"key":"Toxic Egg 2"},{"floor":29,"key":"Meat on the Bone"},{"floor":41,"key":"Smiling Mask"},{"floor":43,"key":"Pen Nib"}],"event_choices":[{"damage_healed":0,"gold_gain":0,"player_choice":"Entered Light","damage_taken":16,"max_hp_gain":0,"max_hp_loss":0,"event_name":"Shining Light","floor":3,"gold_loss":0,"cards_upgraded":["Strike_R","Bash"]},{"damage_healed":0,"gold_gain":0,"player_choice":"Take Damage","damage_taken":20,"relics_obtained":["Golden Idol"],"max_hp_gain":0,"max_hp_loss":0,"event_name":"Golden Idol","floor":5,"gold_loss":0},{"damage_healed":26,"gold_gain":0,"player_choice":"Banana","damage_taken":0,"max_hp_gain":0,"max_hp_loss":0,"event_name":"Big Fish","floor":12,"gold_loss":0},{"damage_healed":0,"gold_gain":0,"player_choice":"Fought Bandits","damage_taken":0,"max_hp_gain":0,"max_hp_loss":0,"event_name":"Masked Bandits","floor":20,"gold_loss":0},{"damage_healed":0,"gold_gain":0,"player_choice":"Forge","damage_taken":0,"max_hp_gain":0,"max_hp_loss":0,"event_name":"Accursed Blacksmith","floor":21,"gold_loss":0,"cards_upgraded":["Reaper"]},{"damage_healed":0,"gold_gain":0,"player_choice":"Ignored","damage_taken":0,"max_hp_gain":0,"max_hp_loss":0,"event_name":"Mysterious Sphere","floor":39,"gold_loss":0}],"is_beta":false,"boss_relics":[{"not_picked":["Runic Pyramid","Calling Bell"],"picked":"Fusion Hammer"},{"not_picked":["Runic Cube","Snecko Eye"],"picked":"Black Blood"}],"items_purged_floors":[19,24,36,38,42,44],"is_endless":false,"potions_floor_spawned":[6,7,13,22,27,29,31,33,35,37,46,47,48],"ascension_level":0}