{"gold_per_floor":[118,3,23,39,55,55,72,72,72,247,261,280,280,280,280,280],"floor_reached":16,"playtime":568,"items_purged":["Defend_R"],"score":155,"play_id":"0db9c748-3f5a-43e9-845d-148f5e8b5fbb","local_time":"20190124091452","is_ascension_mode":true,"campfire_choices":[{"data":"Carnage","floor":6,"key":"SMITH"},{"data":"Bash","floor":8,"key":"SMITH"},{"data":"Ghostly Armor","floor":13,"key":"SMITH"},{"data":"Ghostly Armor","floor":15,"key":"SMITH"}],"neow_cost":"PERCENT_DAMAGE","seed_source_timestamp":550185504928761,"circlet_count":0,"master_deck":["AscendersBane","Strike_R","Strike_R","Strike_R","Defend_R","Defend_R","Defend_R","Bash+1","Shrug It Off","Carnage+1","Dropkick","Ghostly Armor+1","Ghostly Armor+1","Doubt"],"relics":["Burning Blood","The Courier","Golden Idol"],"potions_floor_usage":[5,12,16],"damage_taken":[{"damage":4,"enemies":"Small Slimes","floor":1,"turns":5},{"damage":2,"enemies":"Jaw Worm","floor":3,"turns":4},{"damage":0,"enemies":"2 Louse","floor":4,"turns":2},{"damage":8,"enemies":"Blue Slaver","floor":5,"turns":4},{"damage":28,"enemies":"Large Slime","floor":7,"turns":11},{"damage":5,"enemies":"Exordium Wildlife","floor":11,"turns":5},{"damage":21,"enemies":"Lots of Slimes","floor":12,"turns":6},{"damage":54,"enemies":"Hexaghost","floor":16,"turns":11}],"seed_played":"2764330993434407625","potions_obtained":[{"floor":3,"key":"Weak Potion"},{"floor":4,"key":"BloodPotion"},{"floor":11,"key":"Regen Potion"}],"is_trial":false,"path_per_floor":["M","$","M","M","M","R","M","R","T","?","M","M","R","?","R","B"],"character_chosen":"IRONCLAD","items_purchased":["Carnage"],"campfire_rested":0,"item_purchase_floors":[2],"current_hp_per_floor":[53,53,57,63,69,69,47,47,47,47,48,48,48,48,48,0],"gold":280,"neow_bonus":"REMOVE_TWO","is_prod":false,"is_daily":false,"chose_seed":false,"campfire_upgraded":4,"win_rate":0,"timestamp":1548339292,"path_taken":["M","$","M","M","M","R","M","R","T","?","M","M","R","?","R","BOSS"],"build_version":"2019-01-23","purchased_purges":1,"victory":false,"max_hp_per_floor":[80,80,80,80,80,80,80,80,80,80,80,80,80,74,74,74],"card_choices":[{"not_picked":["Flex","Warcry"],"picked":"Shrug It Off","floor":1},{"not_picked":["Dual Wield","Body Slam"],"picked":"Dropkick","floor":3},{"not_picked":["Armaments","Corruption"],"picked":"Ghostly Armor","floor":4},{"not_picked":["Headbutt","Twin Strike","Evolve"],"picked":"SKIP","floor":5},{"not_picked":["Perfected Strike","Dual Wield"],"picked":"Ghostly Armor","floor":7},{"not_picked":["Wild Strike","Hemokinesis","Thunderclap"],"picked":"SKIP","floor":11},{"not_picked":["Thunderclap","Flex","Warcry"],"picked":"SKIP","floor":12}],"player_experience":402921,"relics_obtained":[{"floor":9,"key":"The Courier"}],"event_choices":[{"damage_healed":0,"gold_gain":175,"player_choice":"AGREE","damage_taken":0,"max_hp_gain":0,"max_hp_loss":0,"event_name":"Liars Game","floor":10,"gold_loss":0,"cards_obtained":["Doubt"]},{"damage_healed":0,"gold_gain":0,"player_choice":"Lose Max HP","damage_taken":0,"relics_obtained":["Golden Idol"],"max_hp_gain":0,"max_hp_loss":6,"event_name":"Golden Idol","floor":14,"gold_loss":0}],"is_beta":false,"boss_relics":[],"items_purged_floors":[2],"is_endless":false,"potions_floor_spawned":[3,4,11],"killed_by":"Hexaghost","ascension_level":13}