{"gold_per_floor":[112,112,37,37,49,49,69,85,112,112,37,37,98,109,109,109],"floor_reached":16,"playtime":280,"items_purged":["Strike_R"],"score":263,"play_id":"942c760e-e4dc-47c4-83bc-39a78015e541","local_time":"20190211191838","is_ascension_mode":true,"campfire_choices":[{"data":"Heavy Blade","floor":6,"key":"SMITH"},{"floor":10,"key":"REST"},{"data":"Fiend Fire","floor":15,"key":"SMITH"}],"neow_cost":"NONE","seed_source_timestamp":0,"circlet_count":0,"master_deck":["AscendersBane","Strike_R+1","Defend_R","Defend_R","Defend_R","Defend_R+1","Bash","Heavy Blade+1","Dropkick","Battle Trance","Twin Strike","Fiend Fire+1","Bludgeon"],"special_seed":0,"relics":["Burning Blood","Bag of Marbles","Tiny Chest"],"potions_floor_usage":[],"damage_taken":[{"damage":19,"enemies":"Jaw Worm","floor":1,"turns":3},{"damage":0,"enemies":"Small Slimes","floor":5,"turns":3},{"damage":2,"enemies":"2 Louse","floor":7,"turns":3},{"damage":15,"enemies":"2 Fungi Beasts","floor":8,"turns":4},{"damage":26,"enemies":"3 Sentries","floor":13,"turns":9},{"damage":0,"enemies":"Red Slaver","floor":14,"turns":1},{"damage":0,"enemies":"Slime Boss","floor":16,"turns":1}],"seed_played":"2030230396673036485","potions_obtained":[{"floor":5,"key":"SkillPotion"},{"floor":8,"key":"SteroidPotion"}],"is_trial":false,"path_per_floor":["M","?","?","$","M","R","M","M","T","R","$","?","E","M","R","B"],"character_chosen":"IRONCLAD","items_purchased":[],"campfire_rested":1,"item_purchase_floors":[],"current_hp_per_floor":[55,32,32,32,38,38,42,33,33,55,55,48,28,34,34,34],"gold":109,"neow_bonus":"REMOVE_CARD","is_prod":false,"is_daily":false,"chose_seed":false,"campfire_upgraded":2,"win_rate":0,"timestamp":1549930718,"path_taken":["M","?","?","$","M","R","M","M","T","R","?","?","E","M","R","BOSS"],"build_version":"2019-01-23","purchased_purges":1,"victory":false,"max_hp_per_floor":[75,75,75,75,75,75,75,75,75,75,75,75,75,75,75,75],"card_choices":[{"not_picked":["Anger","Dual Wield"],"picked":"Heavy Blade","floor":1},{"not_picked":["Warcry","Dual Wield"],"picked":"Dropkick","floor":5},{"not_picked":["Corruption","Thunderclap"],"picked":"Battle Trance","floor":7},{"not_picked":["Pommel Strike","Flame Barrier"],"picked":"Twin Strike","floor":8},{"not_picked":["Shrug It Off","Rupture"],"picked":"Fiend Fire","floor":13},{"not_picked":["Perfected Strike","Anger"],"picked":"Bludgeon","floor":14}],"player_experience":745816,"relics_obtained":[{"floor":9,"key":"Bag of Marbles"},{"floor":13,"key":"Tiny Chest"}],"event_choices":[{"damage_healed":0,"gold_gain":0,"player_choice":"Entered Light","damage_taken":23,"max_hp_gain":0,"max_hp_loss":0,"event_name":"Shining Light","floor":2,"gold_loss":0,"cards_upgraded":["Defend_R","Strike_R"]},{"cards_removed":["Strike_R"],"damage_healed":0,"gold_gain":0,"player_choice":"Card Removal","damage_taken":0,"max_hp_gain":0,"max_hp_loss":0,"event_name":"The Cleric","floor":3,"gold_loss":75},{"cards_removed":["Strike_R"],"damage_healed":0,"gold_gain":0,"player_choice":"Card Removal","damage_taken":7,"max_hp_gain":0,"max_hp_loss":0,"event_name":"Golden Wing","floor":12,"gold_loss":0}],"is_beta":false,"boss_relics":[],"items_purged_floors":[11],"is_endless":false,"potions_floor_spawned":[5,8,13],"killed_by":"Slime Boss","ascension_level":15}