{"gold_per_floor":[116,191,210,17,17,17,44,44,44,60,86,100,100],"floor_reached":13,"playtime":390,"items_purged":[],"score":153,"play_id":"a9a86be2-45b4-424a-a43d-fabf74aaef79","local_time":"20190130070000","is_ascension_mode":true,"campfire_choices":[{"data":"Neutralize","floor":6,"key":"SMITH"},{"data":"Terror","floor":8,"key":"SMITH"}],"neow_cost":"NONE","seed_source_timestamp":1060735699620961,"circlet_count":0,"master_deck":["Defend_G","Defend_G","Defend_G","Defend_G","Defend_G","Strike_G","Strike_G","Strike_G","Strike_G","Survivor","Neutralize+1","Dagger Throw","PiercingWail","Terror+1","Accuracy","Noxious Fumes","Accuracy","Dagger Spray"],"relics":["Ring of the Snake","NeowsBlessing","Membership Card","Mummified Hand","Bronze Scales","Shuriken"],"potions_floor_usage":[13],"damage_taken":[{"damage":0,"enemies":"Jaw Worm","floor":1,"turns":1},{"damage":0,"enemies":"Small Slimes","floor":3,"turns":1},{"damage":0,"enemies":"Gremlin Nob","floor":7,"turns":1},{"damage":0,"enemies":"Cultist","floor":10,"turns":3},{"damage":25,"enemies":"3 Sentries","floor":11,"turns":8},{"damage":2,"enemies":"2 Fungi Beasts","floor":12,"turns":3},{"damage":27,"enemies":"Gremlin Nob","floor":13,"turns":4}],"seed_played":"2367841806083603891","potions_obtained":[{"floor":11,"key":"EssenceOfSteel"}],"is_trial":false,"path_per_floor":["M","?","M","$","?","R","E","R","T","M","E","M","E"],"character_chosen":"THE_SILENT","items_purchased":["Membership Card"],"campfire_rested":0,"item_purchase_floors":[4],"current_hp_per_floor":[63,52,52,52,52,52,52,52,52,52,27,25,0],"gold":100,"neow_bonus":"THREE_ENEMY_KILL","is_prod":false,"is_daily":false,"chose_seed":false,"campfire_upgraded":2,"win_rate":0,"timestamp":1548849600,"path_taken":["M","?","M","$","?","R","E","R","T","M","E","M","E"],"build_version":"2019-01-23","purchased_purges":0,"victory":false,"max_hp_per_floor":[70,70,70,70,70,70,70,70,70,70,70,70,70],"card_choices":[{"not_picked":["Slice","Distraction"],"picked":"Dagger Throw","floor":1},{"not_picked":["Cloak And Dagger","Deflect"],"picked":"PiercingWail","floor":3},{"not_picked":["Slice","Deadly Poison"],"picked":"Accuracy","floor":7},{"not_picked":["PiercingWail","Acrobatics"],"picked":"Noxious Fumes","floor":10},{"not_picked":["Backflip","Escape Plan"],"picked":"Accuracy","floor":11},{"not_picked":["Acrobatics","Distraction"],"picked":"Dagger Spray","floor":12}],"player_experience":553848,"relics_obtained":[{"floor":7,"key":"Mummified Hand"},{"floor":9,"key":"Bronze Scales"},{"floor":11,"key":"Shuriken"}],"event_choices":[{"damage_healed":0,"gold_gain":75,"player_choice":"Gather Gold","damage_taken":11,"max_hp_gain":0,"max_hp_loss":0,"event_name":"World of Goop","floor":2,"gold_loss":0},{"damage_healed":0,"gold_gain":0,"cards_transformed":["Strike_G"],"player_choice":"Change","damage_taken":0,"max_hp_gain":0,"max_hp_loss":0,"event_name":"Living Wall","floor":5,"gold_loss":0,"cards_obtained":["Terror"]}],"is_beta":false,"boss_relics":[],"items_purged_floors":[],"is_endless":false,"potions_floor_spawned":[11],"killed_by":"Gremlin Nob","ascension_level":6}