{"gold_per_floor":[114,124,199,210,17,17,30,30,79,91,103,115,145,169,181,296,308,332,298,70,80,92,92],"floor_reached":23,"playtime":1015,"items_purged":[],"score":183,"play_id":"31bfadf1-6d16-4b44-a92e-4d1aafbf84e1","local_time":"20190102183421","is_ascension_mode":false,"campfire_choices":[{"data":"Neutralize","floor":6,"key":"SMITH"},{"data":"Blade Dance","floor":8,"key":"SMITH"},{"data":"Cloak And Dagger","floor":10,"key":"SMITH"},{"data":"Slice","floor":12,"key":"SMITH"},{"data":"Deadly Poison","floor":15,"key":"SMITH"}],"neow_cost":"NONE","seed_source_timestamp":11216857277700,"circlet_count":0,"master_deck":["Defend_G","Defend_G","Defend_G","Defend_G","Defend_G","Strike_G","Strike_G","Strike_G","Strike_G","Strike_G","Survivor","Neutralize+1","Deadly Poison","Deadly Poison+1","Slice+1","Cloak And Dagger+1","Blade Dance+1","Expertise","Phantasmal Killer","Deflect","Deflect","Footwork","Deflect","Blade Dance"],"relics":["Ring of the Snake","Blood Vial","MawBank","Black Star","Vajra"],"potions_floor_usage":[1,16,16,23,23],"damage_taken":[{"damage":0,"enemies":"Jaw Worm","floor":1,"turns":5},{"damage":1,"enemies":"Cultist","floor":2,"turns":4},{"damage":1,"enemies":"2 Louse","floor":4,"turns":2},{"damage":16,"enemies":"Lots of Slimes","floor":7,"turns":6},{"damage":8,"enemies":"2 Fungi Beasts","floor":13,"turns":3},{"damage":2,"enemies":"Red Slaver","floor":14,"turns":3},{"damage":64,"enemies":"Slime Boss","floor":16,"turns":15},{"damage":25,"enemies":"Spheric Guardian","floor":18,"turns":4},{"damage":0,"enemies":"Chosen","floor":21,"turns":4},{"damage":32,"enemies":"Snake Plant","floor":22,"turns":5},{"damage":34,"enemies":"Gremlin Leader","floor":23,"turns":4}],"seed_played":"-5973225351969665042","potions_obtained":[{"floor":4,"key":"Swift Potion"},{"floor":7,"key":"GamblersBrew"},{"floor":16,"key":"LiquidBronze"},{"floor":21,"key":"Block Potion"}],"is_trial":false,"path_per_floor":["M","M","?","M","$","R","M","R","T","R","?","R","M","M","R","B",null,"M","$","$","M","M","E"],"character_chosen":"THE_SILENT","items_purchased":["Blood Vial","Cloak And Dagger","Deflect","Vajra","Footwork"],"campfire_rested":0,"item_purchase_floors":[5,5,19,20,20],"current_hp_per_floor":[70,69,62,61,61,61,47,47,47,47,80,80,72,72,72,10,80,55,55,55,57,27,0],"gold":92,"neow_bonus":"ONE_RANDOM_RARE_CARD","is_prod":false,"is_daily":false,"chose_seed":false,"campfire_upgraded":5,"win_rate":0.0,"timestamp":1546421661,"path_taken":["M","M","?","M","$","R","?","R","T","R","?","R","M","M","R","BOSS","M","?","$","M","M","E"],"build_version":"2018-12-20","purchased_purges":0,"victory":false,"max_hp_per_floor":[70,70,70,70,70,70,70,70,70,70,80,80,80,80,80,80,80,80,80,80,80,80,80],"card_choices":[{"not_picked":["Distraction","Prepared"],"picked":"Deadly Poison","floor":1},{"not_picked":["Eviscerate","Expertise"],"picked":"Deadly Poison","floor":2},{"not_picked":["Predator","Calculated Gamble"],"picked":"Slice","floor":4},{"not_picked":["Dagger Throw","Acrobatics"],"picked":"Blade Dance","floor":7},{"not_picked":["Quick Slash","Flying Knee"],"picked":"Expertise","floor":13},{"not_picked":["Quick Slash","Deadly Poison","Acrobatics"],"picked":"SKIP","floor":14},{"not_picked":["Venomology","Burst"],"picked":"Phantasmal Killer","floor":16},{"not_picked":["Deadly Poison","Bane"],"picked":"Deflect","floor":18},{"not_picked":["PiercingWail","Acrobatics"],"picked":"Deflect","floor":21},{"not_picked":["Bane+1","Outmaneuver"],"picked":"Blade Dance","floor":22}],"player_experience":46322,"relics_obtained":[{"floor":9,"key":"MawBank"}],"event_choices":[{"damage_healed":0,"gold_gain":75,"player_choice":"Touch","damage_taken":7,"max_hp_gain":0,"max_hp_loss":0,"event_name":"FaceTrader","floor":3,"gold_loss":0},{"cards_removed":["Venomology"],"damage_healed":23,"gold_gain":0,"player_choice":"Offered Rare","damage_taken":0,"max_hp_gain":10,"max_hp_loss":0,"event_name":"Bonfire Elementals","floor":11,"gold_loss":0}],"is_beta":false,"boss_relics":[{"not_picked":["Ectoplasm","Runic Pyramid"],"picked":"Black Star"}],"items_purged_floors":[],"is_endless":false,"potions_floor_spawned":[4,7,16,21],"killed_by":"Gremlin Leader","ascension_level":0}