{"gold_per_floor":[14,27,43,58,108,108,140,154,154,166,166,166,166,200,200,274,274,288,288,34,54,54,88,106,106,106,139,139,150,181,37,37,37],"floor_reached":33,"playtime":1421,"items_purged":["Strike_R","Strike_R"],"score":730,"play_id":"4751c7b7-1047-4325-ba8c-9250dc326f35","local_time":"20190204111527","is_ascension_mode":true,"campfire_choices":[{"data":"Fiend Fire","floor":6,"key":"SMITH"},{"data":"Clothesline","floor":13,"key":"SMITH"},{"data":"Bash","floor":15,"key":"SMITH"},{"data":"Brutality","floor":25,"key":"SMITH"},{"data":"Hemokinesis","floor":28,"key":"SMITH"},{"data":"Apotheosis","floor":32,"key":"SMITH"}],"neow_cost":"NO_GOLD","seed_source_timestamp":1507077115427564,"circlet_count":0,"master_deck":["AscendersBane","Defend_R","Defend_R","Defend_R","Defend_R","Bash+1","Headbutt","Whirlwind+1","Clothesline+1","Fiend Fire+1","Inflame","Anger","Power Through","Bloodletting","Feed","Fiend Fire+1","Twin Strike+1","Twin Strike+1","Cleave","Brutality+1","Hemokinesis+1","Apotheosis+1"],"relics":["Burning Blood","Magic Flower","Self Forming Clay","Pocketwatch","Meat on the Bone","Nunchaku","Astrolabe","Membership Card","Nloth\u0027s Gift","Orichalcum","Smiling Mask","Pen Nib","Ancient Tea Set"],"potions_floor_usage":[4,10,23,27,30,33],"damage_taken":[{"damage":13,"enemies":"Cultist","floor":1,"turns":5},{"damage":14,"enemies":"2 Louse","floor":2,"turns":3},{"damage":7,"enemies":"Small Slimes","floor":3,"turns":3},{"damage":6,"enemies":"Red Slaver","floor":4,"turns":3},{"damage":40,"enemies":"Lagavulin","floor":7,"turns":6},{"damage":6,"enemies":"2 Fungi Beasts","floor":8,"turns":3},{"damage":15,"enemies":"Exordium Thugs","floor":10,"turns":3},{"damage":9,"enemies":"Gremlin Nob","floor":14,"turns":4},{"damage":0,"enemies":"Slime Boss","floor":16,"turns":3},{"damage":12,"enemies":"2 Thieves","floor":18,"turns":3},{"damage":12,"enemies":"Chosen","floor":21,"turns":3},{"damage":21,"enemies":"Book of Stabbing","floor":23,"turns":3},{"damage":8,"enemies":"Sentry and Sphere","floor":24,"turns":3},{"damage":41,"enemies":"Slavers","floor":27,"turns":5},{"damage":21,"enemies":"3 Cultists","floor":29,"turns":4},{"damage":7,"enemies":"Gremlin Leader","floor":30,"turns":4},{"damage":75,"enemies":"Automaton","floor":33,"turns":6}],"seed_played":"5140879048643176497","potions_obtained":[{"floor":3,"key":"Poison Potion"},{"floor":8,"key":"Fire Potion"},{"floor":14,"key":"FearPotion"},{"floor":18,"key":"Fire Potion"},{"floor":24,"key":"SpeedPotion"},{"floor":29,"key":"Explosive Potion"},{"floor":30,"key":"Dexterity Potion"}],"is_trial":false,"path_per_floor":["M","M","M","M","?","R","E","M","T","M","?","?","R","E","R","B",null,"M","T","$","M","?","E","M","R","T","E","R","M","E","$","R","B"],"character_chosen":"IRONCLAD","items_purchased":["Membership Card","Apotheosis"],"campfire_rested":0,"item_purchase_floors":[20,31],"current_hp_per_floor":[64,59,61,64,64,64,33,36,36,30,30,30,30,48,48,57,71,73,73,73,75,75,63,69,69,69,60,60,71,73,73,73,0],"gold":37,"neow_bonus":"ONE_RARE_RELIC","is_prod":false,"is_daily":false,"chose_seed":false,"campfire_upgraded":6,"win_rate":0,"timestamp":1549296927,"path_taken":["M","M","M","M","?","R","E","?","T","M","?","?","R","E","R","BOSS","M","?","$","M","?","E","?","R","T","E","R","M","E","?","R","BOSS"],"build_version":"2019-01-23","purchased_purges":2,"victory":false,"max_hp_per_floor":[75,75,75,75,75,75,75,75,75,75,75,75,75,75,75,75,75,78,78,78,81,81,81,84,84,84,87,87,90,90,90,90,90],"card_choices":[{"not_picked":["Shockwave","Clash"],"picked":"Headbutt","floor":1},{"not_picked":["Battle Trance","Flex"],"picked":"Whirlwind","floor":2},{"not_picked":["Heavy Blade","Shrug It Off"],"picked":"Clothesline","floor":3},{"not_picked":["Flex","Wild Strike"],"picked":"Fiend Fire","floor":4},{"not_picked":["Whirlwind","Heavy Blade"],"picked":"Inflame","floor":7},{"not_picked":["Spot Weakness","Warcry"],"picked":"Anger","floor":8},{"not_picked":["Dual Wield","Searing Blow"],"picked":"Power Through","floor":10},{"not_picked":["Wild Strike","Sword Boomerang"],"picked":"Bloodletting","floor":14},{"not_picked":["Juggernaut","Exhume"],"picked":"Feed","floor":16},{"not_picked":["Body Slam","Hemokinesis"],"picked":"Cleave","floor":18},{"not_picked":["Armaments","Entrench","Sever Soul"],"picked":"SKIP","floor":21},{"not_picked":["Headbutt","Clothesline"],"picked":"Brutality","floor":23},{"not_picked":["Perfected Strike","Corruption"],"picked":"Hemokinesis","floor":24},{"not_picked":["Clash","Barricade","Thunderclap"],"picked":"SKIP","floor":27},{"not_picked":["Iron Wave","Infernal Blade","Dropkick"],"picked":"SKIP","floor":29},{"not_picked":["Cleave","Searing Blow","Power Through"],"picked":"SKIP","floor":30}],"player_experience":669750,"relics_obtained":[{"floor":7,"key":"Self Forming Clay"},{"floor":9,"key":"Pocketwatch"},{"floor":12,"key":"Meat on the Bone"},{"floor":14,"key":"Nunchaku"},{"floor":19,"key":"Ornamental Fan"},{"floor":23,"key":"Orichalcum"},{"floor":26,"key":"Smiling Mask"},{"floor":27,"key":"Pen Nib"},{"floor":30,"key":"Ancient Tea Set"}],"event_choices":[{"damage_healed":0,"gold_gain":50,"player_choice":"Pray","damage_taken":0,"max_hp_gain":0,"max_hp_loss":0,"event_name":"Golden Shrine","floor":5,"gold_loss":0},{"damage_healed":0,"gold_gain":0,"player_choice":"Grow","damage_taken":0,"max_hp_gain":0,"max_hp_loss":0,"event_name":"Living Wall","floor":11,"gold_loss":0,"cards_upgraded":["Whirlwind"]},{"damage_healed":0,"gold_gain":0,"player_choice":"Relic","damage_taken":0,"max_hp_gain":0,"max_hp_loss":0,"event_name":"Wheel of Change","floor":12,"gold_loss":0},{"damage_healed":0,"gold_gain":0,"player_choice":"Traded Relic","damage_taken":0,"relics_obtained":["Nloth\u0027s Gift"],"max_hp_gain":0,"max_hp_loss":0,"event_name":"N\u0027loth","floor":22,"relics_lost":["Ornamental Fan"],"gold_loss":0}],"is_beta":false,"boss_relics":[{"not_picked":["White Beast Statue","Fusion Hammer"],"picked":"Astrolabe"}],"items_purged_floors":[20,31],"is_endless":false,"potions_floor_spawned":[3,8,14,18,24,29,30],"killed_by":"Automaton","ascension_level":20}