{"gold_per_floor":[139,186,226,238,250,262,362,439,476,488,530,612,181,211,211,451,451,476,516,549,67,92,92,155,155,155,225,258,258,283,533,533,783,783,816,846,846,131,81,149,37,100,100,100,473,508,388,423,423,423],"floor_reached":51,"playtime":3987,"items_purged":["Strike_R","Strike_R","Strike_R","Strike_R"],"score":1060,"play_id":"338546f6-2c05-4475-b352-ba33e7747fc1","local_time":"20181023020700","daily_mods":["Heirloom","Vintage","MonsterHunter"],"is_ascension_mode":false,"campfire_choices":[{"floor":6,"key":"REST"},{"floor":10,"key":"REST"},{"floor":15,"key":"REST"},{"data":"Corruption","floor":23,"key":"SMITH"},{"floor":25,"key":"REST"},{"data":"Brutality","floor":29,"key":"SMITH"},{"data":"Barricade","floor":32,"key":"SMITH"},{"data":"Dark Embrace","floor":44,"key":"SMITH"},{"data":"Inflame","floor":49,"key":"SMITH"}],"neow_cost":"","seed_source_timestamp":0,"circlet_count":0,"master_deck":["Strike_R+1","Defend_R+1","Defend_R","Defend_R+1","Bash+1","Berserk","Whirlwind+1","Thunderclap","Corruption+1","Barricade+1","Dual Wield+1","Brutality+1","Clash+1","Dark Embrace+1","Offering+1","Inflame+1","Rupture","Fire Breathing","Rupture","Dropkick+1","Offering+1","Parasite"],"relics":["Burning Blood","Bird Faced Urn","MawBank","Mummified Hand","Paper Frog","Orichalcum","Odd Mushroom","Red Skull","Ancient Tea Set","Unceasing Top","Incense Burner","Art of War","The Courier","Black Star","Darkstone Periapt","Whetstone","Centennial Puzzle","PreservedInsect","Molten Egg 2","Sling","Toxic Egg 2","Smiling Mask","Oddly Smooth Stone","Regal Pillow","Bag of Marbles","Strawberry","Lantern","Bottled Tornado","StoneCalendar","Pantograph","Bag of Preparation","Runic Dome","Boot","Blood Vial","Singing Bowl","War Paint","Vajra","Anchor","Gambling Chip","Torii","Matryoshka","Charon\u0027s Ashes","Old Coin","Blue Candle","Self Forming Clay","Pen Nib"],"potions_floor_usage":[7,8,12,16,22,27,40,45,50],"damage_taken":[{"damage":22,"enemies":"Small Slimes","floor":1,"turns":5},{"damage":25,"enemies":"Jaw Worm","floor":2,"turns":6},{"damage":3,"enemies":"2 Louse","floor":3,"turns":3},{"damage":46,"enemies":"Lagavulin","floor":7,"turns":9},{"damage":31,"enemies":"The Mushroom Lair","floor":8,"turns":5},{"damage":12,"enemies":"Blue Slaver","floor":11,"turns":3},{"damage":7,"enemies":"Gremlin Nob","floor":12,"turns":3},{"damage":12,"enemies":"Exordium Wildlife","floor":14,"turns":2},{"damage":32,"enemies":"Slime Boss","floor":16,"turns":7},{"damage":32,"enemies":"Spheric Guardian","floor":18,"turns":6},{"damage":24,"enemies":"Shell Parasite","floor":19,"turns":5},{"damage":18,"enemies":"Snake Plant","floor":20,"turns":4},{"damage":14,"enemies":"Centurion and Healer","floor":22,"turns":6},{"damage":32,"enemies":"Slavers","floor":24,"turns":4},{"damage":0,"enemies":"Gremlin Leader","floor":27,"turns":5},{"damage":1,"enemies":"3 Cultists","floor":28,"turns":3},{"damage":27,"enemies":"Chosen and Byrds","floor":30,"turns":6},{"damage":36,"enemies":"Colosseum Slavers","floor":31,"turns":3},{"damage":3,"enemies":"Colosseum Nobs","floor":31,"turns":4},{"damage":74,"enemies":"Automaton","floor":33,"turns":8},{"damage":6,"enemies":"3 Darklings","floor":35,"turns":2},{"damage":2,"enemies":"Orb Walker","floor":36,"turns":3},{"damage":7,"enemies":"Reptomancer","floor":40,"turns":2},{"damage":7,"enemies":"Nemesis","floor":42,"turns":2},{"damage":7,"enemies":"Giant Head","floor":45,"turns":2},{"damage":13,"enemies":"Writhing Mass","floor":46,"turns":2},{"damage":13,"enemies":"3 Darklings","floor":48,"turns":1},{"damage":4,"enemies":"Awakened One","floor":50,"turns":2}],"seed_played":"527068338500717755","potions_obtained":[{"floor":3,"key":"Block Potion"},{"floor":7,"key":"FearPotion"},{"floor":8,"key":"Weak Potion"},{"floor":14,"key":"FearPotion"},{"floor":18,"key":"Energy Potion"},{"floor":19,"key":"Dexterity Potion"},{"floor":28,"key":"Ancient Potion"},{"floor":31,"key":"SpeedPotion"},{"floor":40,"key":"GamblersBrew"},{"floor":42,"key":"Poison Potion"},{"floor":48,"key":"PowerPotion"}],"is_trial":true,"path_per_floor":["M","M","M","?","$","R","E","?","T","R","M","E","$","M","R","B",null,"M","M","M","$","M","R","E","R","T","E","M","R","M","?","R","B",null,"M","M","?","$","$","E","$","E","T","R","E","M","?","M","R","B"],"character_chosen":"IRONCLAD","items_purchased":["Corruption","Incense Burner","PreservedInsect","Molten Egg 2","Sling","Singing Bowl","Offering+1","Inflame","War Paint","Rupture","Fire Breathing","Rupture","Dropkick+1"],"campfire_rested":4,"item_purchase_floors":[13,13,21,21,21,38,38,38,38,38,38,38,41],"current_hp_per_floor":[64,45,48,48,48,72,32,9,9,33,27,28,28,22,46,24,80,58,46,38,38,36,36,14,38,38,57,74,74,65,52,52,21,87,87,87,87,87,87,89,89,91,91,91,91,97,97,97,97,97],"gold":423,"neow_bonus":"","is_prod":false,"is_daily":false,"chose_seed":false,"campfire_upgraded":5,"win_rate":0,"timestamp":1540274820,"path_taken":["M","M","M","?","$","R","E","?","T","R","M","E","$","M","R","BOSS","M","M","M","$","M","R","E","R","T","E","M","R","M","?","R","BOSS","M","?","?","?","$","E","$","E","T","R","E","M","?","M","R","BOSS"],"build_version":"2018-10-18","purchased_purges":4,"victory":true,"max_hp_per_floor":[80,80,80,80,80,80,80,80,80,80,80,80,80,80,80,80,80,80,80,80,80,80,80,80,80,80,87,87,87,87,87,87,87,87,87,87,87,87,87,89,89,91,91,91,91,97,97,97,97,97],"card_choices":[{"not_picked":["Warcry","Armaments"],"picked":"Berserk","floor":7},{"not_picked":["Flex","Thunderclap"],"picked":"Whirlwind","floor":8},{"not_picked":["Wild Strike","Combust"],"picked":"Thunderclap","floor":12},{"not_picked":["Immolate","Juggernaut"],"picked":"Barricade","floor":16},{"not_picked":["True Grit+1","Brutality"],"picked":"Dual Wield+1","floor":24},{"not_picked":["Shrug It Off+1","Body Slam+1"],"picked":"Brutality","floor":27},{"not_picked":["Warcry+1","Second Wind+1"],"picked":"Clash+1","floor":31},{"not_picked":["Berserk","Reaper+1"],"picked":"Dark Embrace","floor":33},{"not_picked":["Seeing Red+1","Flex+1","Body Slam+1"],"picked":"Singing Bowl","floor":40},{"not_picked":["Reckless Charge+1","Perfected Strike+1","Pommel Strike+1"],"picked":"Singing Bowl","floor":42},{"not_picked":["Rampage+1","Iron Wave+1"],"picked":"Offering+1","floor":45}],"player_experience":208400,"relics_obtained":[{"floor":1,"key":"MawBank"},{"floor":2,"key":"Mummified Hand"},{"floor":3,"key":"Paper Frog"},{"floor":7,"key":"Orichalcum"},{"floor":8,"key":"Odd Mushroom"},{"floor":9,"key":"Red Skull"},{"floor":11,"key":"Ancient Tea Set"},{"floor":12,"key":"Unceasing Top"},{"floor":14,"key":"Art of War"},{"floor":16,"key":"The Courier"},{"floor":18,"key":"Darkstone Periapt"},{"floor":19,"key":"Whetstone"},{"floor":20,"key":"Centennial Puzzle"},{"floor":22,"key":"Toxic Egg 2"},{"floor":24,"key":"Smiling Mask"},{"floor":24,"key":"Oddly Smooth Stone"},{"floor":26,"key":"Regal Pillow"},{"floor":27,"key":"Bag of Marbles"},{"floor":27,"key":"Strawberry"},{"floor":28,"key":"Lantern"},{"floor":30,"key":"Bottled Tornado"},{"floor":31,"key":"StoneCalendar"},{"floor":31,"key":"Pantograph"},{"floor":33,"key":"Bag of Preparation"},{"floor":35,"key":"Boot"},{"floor":36,"key":"Blood Vial"},{"floor":40,"key":"Vajra"},{"floor":40,"key":"Anchor"},{"floor":42,"key":"Gambling Chip"},{"floor":42,"key":"Torii"},{"floor":43,"key":"Matryoshka"},{"floor":45,"key":"Charon\u0027s Ashes"},{"floor":45,"key":"Old Coin"},{"floor":46,"key":"Blue Candle"},{"floor":48,"key":"Pen Nib"}],"event_choices":[{"damage_healed":0,"gold_gain":0,"player_choice":"Grow","damage_taken":0,"max_hp_gain":0,"max_hp_loss":0,"event_name":"Living Wall","floor":4,"gold_loss":0,"cards_upgraded":["Bash"]},{"damage_healed":0,"gold_gain":0,"player_choice":"Fought Mushrooms","damage_taken":0,"max_hp_gain":0,"max_hp_loss":0,"event_name":"Mushrooms","floor":8,"gold_loss":0},{"damage_healed":0,"gold_gain":0,"player_choice":"Fight","damage_taken":0,"max_hp_gain":0,"max_hp_loss":0,"event_name":"Colosseum","floor":31,"gold_loss":0},{"damage_healed":0,"gold_gain":0,"player_choice":"Fought Nobs","damage_taken":0,"max_hp_gain":0,"max_hp_loss":0,"event_name":"Colosseum","floor":31,"gold_loss":0},{"cards_removed":["Defend_R"],"damage_healed":0,"gold_gain":0,"player_choice":"Removed Skill","damage_taken":0,"max_hp_gain":0,"max_hp_loss":0,"event_name":"Falling","floor":37,"gold_loss":0},{"damage_healed":0,"gold_gain":0,"player_choice":"Paid Gold","damage_taken":0,"relics_obtained":["Self Forming Clay"],"max_hp_gain":0,"max_hp_loss":0,"event_name":"WeMeetAgain","floor":47,"gold_loss":120}],"is_beta":false,"boss_relics":[{"not_picked":["White Beast Statue","Busted Crown"],"picked":"Black Star"},{"not_picked":["Astrolabe","Runic Pyramid"],"picked":"Runic Dome"}],"items_purged_floors":[13,38,39,41],"is_endless":false,"potions_floor_spawned":[3,7,8,14,18,19,28,31,31,40,42,48],"ascension_level":0}