{"gold_per_floor":[363,4,4,20,20,20,55,55,55,55,55,69,69,19,19,19],"floor_reached":16,"playtime":663,"items_purged":[],"score":149,"play_id":"3fdd773e-06d7-4682-891d-01206a641fab","local_time":"20190219091023","is_ascension_mode":true,"campfire_choices":[{"data":"Zap","floor":6,"key":"SMITH"},{"data":"Dualcast","floor":8,"key":"SMITH"},{"data":"Glacier","floor":10,"key":"SMITH"},{"data":"Cold Snap","floor":13,"key":"SMITH"},{"floor":15,"key":"RECALL"}],"neow_cost":"TEN_PERCENT_HP_LOSS","seed_source_timestamp":522142196414138,"circlet_count":0,"master_deck":["AscendersBane","Strike_B","Strike_B","Defend_B","Defend_B","Defend_B","Zap+1","Dualcast+1","Cold Snap+1","Glacier+1"],"relics":["Cracked Core","OrangePellets","Regal Pillow","DataDisk","Symbiotic Virus"],"potions_floor_usage":[7],"damage_taken":[{"damage":1,"enemies":"Cultist","floor":1,"turns":4},{"damage":5,"enemies":"Small Slimes","floor":4,"turns":3},{"damage":28,"enemies":"3 Sentries","floor":7,"turns":8},{"damage":0,"enemies":"Jaw Worm","floor":12,"turns":3},{"damage":32,"enemies":"Hexaghost","floor":16,"turns":11}],"seed_played":"-1556447048205812487","potions_obtained":[{"floor":1,"key":"GamblersBrew"},{"floor":7,"key":"Fire Potion"}],"is_trial":false,"path_per_floor":["M","$","?","M","?","R","E","R","T","R","?","M","R","?","R","B"],"character_chosen":"DEFECT","items_purchased":["OrangePellets","Regal Pillow"],"campfire_rested":0,"item_purchase_floors":[2,2],"current_hp_per_floor":[67,67,60,55,60,60,32,32,32,32,32,32,32,32,32,0],"gold":19,"neow_bonus":"TWO_FIFTY_GOLD","is_prod":false,"is_daily":false,"chose_seed":false,"campfire_upgraded":4,"win_rate":0,"timestamp":1550596223,"path_taken":["M","$","?","M","?","R","E","R","T","R","?","?","R","?","R","BOSS"],"build_version":"2019-01-23","purchased_purges":0,"victory":false,"max_hp_per_floor":[68,68,68,68,73,73,73,73,73,73,73,73,73,73,73,73],"card_choices":[{"not_picked":["Coolheaded","Steam"],"picked":"Cold Snap","floor":1},{"not_picked":["Stack","Auto Shields","Sweeping Beam"],"picked":"SKIP","floor":4},{"not_picked":["Rip and Tear","Barrage"],"picked":"Glacier","floor":7},{"not_picked":["Leap","Rebound","Reinforced Body"],"picked":"SKIP","floor":12}],"player_experience":435667,"relics_obtained":[{"floor":7,"key":"DataDisk"},{"floor":9,"key":"Symbiotic Virus"}],"event_choices":[{"cards_removed":["Strike_B"],"damage_healed":0,"gold_gain":0,"player_choice":"Card Removal","damage_taken":7,"max_hp_gain":0,"max_hp_loss":0,"event_name":"Golden Wing","floor":3,"gold_loss":0},{"damage_healed":0,"gold_gain":0,"player_choice":"Donut","damage_taken":0,"max_hp_gain":5,"max_hp_loss":0,"event_name":"Big Fish","floor":5,"gold_loss":0},{"cards_removed":["Strike_B"],"damage_healed":0,"gold_gain":0,"player_choice":"Purged","damage_taken":0,"max_hp_gain":0,"max_hp_loss":0,"event_name":"Purifier","floor":11,"gold_loss":0},{"cards_removed":["Defend_B"],"damage_healed":0,"gold_gain":0,"player_choice":"Card Removal","damage_taken":0,"max_hp_gain":0,"max_hp_loss":0,"event_name":"The Cleric","floor":14,"gold_loss":50}],"is_beta":false,"boss_relics":[],"items_purged_floors":[],"is_endless":false,"potions_floor_spawned":[1,7],"killed_by":"Hexaghost","ascension_level":11}