{"gold_per_floor":[365,375,375,31,47,47,74,74,100,144,156,168,200,230,242,374,386,419,445,457,469,47,47,65,97,97,97,117,117,130,130,130,229,229,248,248,248,266,87,122,122,122,122,139,139,152,180,199,199,199],"floor_reached":51,"playtime":2687,"items_purged":["Strike_R","Injury","Pain"],"score":1105,"play_id":"55083b00-0710-4d42-9128-ffa9e195de87","local_time":"20190214095527","is_ascension_mode":true,"campfire_choices":[{"data":"Armaments","floor":6.0,"key":"SMITH"},{"floor":8.0,"key":"REST"},{"floor":11.0,"key":"REST"},{"floor":15.0,"key":"REST"},{"data":"Apotheosis","floor":23.0,"key":"SMITH"},{"floor":27,"key":"REST"},{"data":"Body Slam","floor":29,"key":"SMITH"},{"data":"True Grit","floor":32,"key":"SMITH"},{"floor":41,"key":"REST"},{"floor":45,"key":"REST"},{"floor":49,"key":"REST"}],"neow_cost":"PERCENT_DAMAGE","seed_source_timestamp":0,"circlet_count":0,"master_deck":["Strike_R+1","Strike_R+1","Defend_R","Defend_R","Defend_R","Defend_R","Bash","Armaments+1","Body Slam+1","Entrench","Iron Wave","Spot Weakness","Inflame","True Grit+1","Barricade","Flame Barrier+1","Necronomicurse","Apotheosis+1","Metallicize","Uppercut","Impervious","Offering","Shockwave+1","Heavy Blade+1","Madness","Madness","Entrench+1","Body Slam"],"special_seed":0,"relics":["Burning Blood","Bronze Scales","Dream Catcher","MawBank","Paper Frog","Bloody Idol","Sozu","Necronomicon","Happy Flower","Bottled Flame","Prayer Wheel","Empty Cage","WarpedTongs","Nunchaku","FaceOfCleric","Self Forming Clay","Ornamental Fan"],"potions_floor_usage":[25],"damage_taken":[{"damage":8.0,"enemies":"2 Louse","floor":1.0,"turns":4.0},{"damage":11.0,"enemies":"Jaw Worm","floor":2.0,"turns":5.0},{"damage":0.0,"enemies":"Cultist","floor":5.0,"turns":4.0},{"damage":24.0,"enemies":"Lagavulin","floor":7.0,"turns":10.0},{"damage":30.0,"enemies":"Gremlin Nob","floor":10.0,"turns":4.0},{"damage":15.0,"enemies":"Large Slime","floor":13.0,"turns":7.0},{"damage":13.0,"enemies":"Red Slaver","floor":14.0,"turns":3.0},{"damage":7.0,"enemies":"Hexaghost","floor":16.0,"turns":10.0},{"damage":32.0,"enemies":"Spheric Guardian","floor":18.0,"turns":6.0},{"damage":25.0,"enemies":"Shell Parasite","floor":19.0,"turns":8.0},{"damage":5.0,"enemies":"Cultist and Chosen","floor":24.0,"turns":6.0},{"damage":26,"enemies":"Book of Stabbing","floor":25,"turns":5},{"damage":9,"enemies":"Centurion and Healer","floor":28,"turns":9},{"damage":20,"enemies":"Snake Plant","floor":30,"turns":4},{"damage":49,"enemies":"Collector","floor":33,"turns":9},{"damage":6,"enemies":"Orb Walker","floor":35,"turns":3},{"damage":21,"enemies":"3 Shapes","floor":38,"turns":8},{"damage":39,"enemies":"Nemesis","floor":40,"turns":9},{"damage":37,"enemies":"Transient","floor":44,"turns":5},{"damage":18,"enemies":"Maw","floor":46,"turns":6},{"damage":10,"enemies":"Reptomancer","floor":47,"turns":4},{"damage":37,"enemies":"Sphere and 2 Shapes","floor":48,"turns":6},{"damage":29,"enemies":"Time Eater","floor":50,"turns":8}],"seed_played":"3191029631990041981","potions_obtained":[{"floor":13.0,"key":"PowerPotion"},{"floor":16.0,"key":"Fire Potion"}],"is_trial":false,"path_per_floor":["M","M","?","$","M","R","E","R","T","E","R","?","M","M","R","B",null,"M","M","?","?","$","R","M","E","T","R","M","R","M","?","R","B",null,"M","?","?","M","$","E","R","?","T","M","R","M","E","M","R","B",null],"character_chosen":"IRONCLAD","items_purchased":["Entrench","Bronze Scales","Iron Wave","Apotheosis","Happy Flower","Body Slam"],"campfire_rested":7,"item_purchase_floors":[4,4,4,22,22,39],"current_hp_per_floor":[49,44,28,28,34,34,16,40,40,16,40,40,31,24,48,47,72,46,27,27,16,21,21,27,12,12,36,38,38,29,55,55,17,64,69,59,59,49,49,21,45,45,45,20,44,38,40,15,40,18],"gold":199,"neow_bonus":"TWO_FIFTY_GOLD","is_prod":false,"is_daily":false,"chose_seed":false,"campfire_upgraded":4,"win_rate":0,"timestamp":1550166927,"path_taken":["M","M","?","$","M","R","E","R","T","E","R","?","M","M","R","BOSS","M","M","?","?","$","R","M","E","T","R","M","R","M","?","R","BOSS","M","?","?","?","$","E","R","?","T","M","R","?","E","M","R","BOSS"],"build_version":"2019-01-23","purchased_purges":3,"victory":true,"max_hp_per_floor":[80,80,80,80,80,80,80,80,80,80,80,80,80,80,80,80,80,80,80,80,80,80,80,80,80,80,80,80,80,80,80,80,80,80,80,80,80,80,80,80,80,80,80,81,81,82,83,84,84,85],"card_choices":[{"not_picked":["Heavy Blade","Whirlwind"],"picked":"Armaments","floor":1.0},{"not_picked":["Headbutt","Dual Wield"],"picked":"Body Slam","floor":2.0},{"not_picked":["Wild Strike","Flex"],"picked":"Spot Weakness","floor":5.0},{"not_picked":["Bloodletting","Cleave","Evolve"],"picked":"SKIP","floor":7.0},{"not_picked":["Dark Embrace","Power Through","Iron Wave"],"picked":"SKIP","floor":10.0},{"not_picked":["Pommel Strike","Hemokinesis"],"picked":"Inflame","floor":11.0},{"not_picked":["Body Slam","Rampage"],"picked":"True Grit","floor":13.0},{"not_picked":["Anger","Warcry","Power Through"],"picked":"SKIP","floor":14.0},{"not_picked":["Exhume","Bludgeon"],"picked":"Barricade","floor":16.0},{"not_picked":["Headbutt+1","Pummel+1","Anger"],"picked":"SKIP","floor":18.0},{"not_picked":["Wild Strike+1","Blood for Blood"],"picked":"Flame Barrier+1","floor":19.0},{"not_picked":["Perfected Strike","True Grit","Flex"],"picked":"SKIP","floor":24.0},{"not_picked":["Reckless Charge","Flex+1","Headbutt"],"picked":"SKIP","floor":25},{"not_picked":["Warcry","Uppercut"],"picked":"Metallicize","floor":27},{"not_picked":["Battle Trance+1","Iron Wave"],"picked":"Uppercut","floor":28},{"not_picked":["Armaments","Searing Blow","Wild Strike"],"picked":"SKIP","floor":28},{"not_picked":["Twin Strike","Flex+1"],"picked":"Impervious","floor":30},{"not_picked":["Clash","Uppercut","Cleave"],"picked":"SKIP","floor":30},{"not_picked":["Juggernaut","Impervious"],"picked":"Offering","floor":33},{"not_picked":["Headbutt+1","Combust"],"picked":"Shockwave+1","floor":35},{"not_picked":["Searing Blow","Power Through"],"picked":"Heavy Blade+1","floor":35},{"not_picked":["Shockwave","True Grit+1"],"picked":"Entrench+1","floor":38},{"not_picked":["Flex+1","Twin Strike","Heavy Blade"],"picked":"SKIP","floor":38},{"not_picked":["Disarm+1","Wild Strike","Iron Wave"],"picked":"SKIP","floor":40},{"not_picked":["Iron Wave+1","Twin Strike","Sword Boomerang"],"picked":"SKIP","floor":44},{"not_picked":["Power Through","Spot Weakness+1","Dropkick"],"picked":"SKIP","floor":44},{"not_picked":["Clothesline+1","Cleave","Iron Wave"],"picked":"SKIP","floor":46},{"not_picked":["Pommel Strike+1","Wild Strike+1","Second Wind+1"],"picked":"SKIP","floor":46},{"not_picked":["Infernal Blade","Heavy Blade","Iron Wave+1"],"picked":"SKIP","floor":47},{"not_picked":["Evolve+1","Seeing Red+1","Whirlwind"],"picked":"SKIP","floor":48},{"not_picked":["Flex","Warcry+1","Clash"],"picked":"SKIP","floor":48}],"player_experience":366619,"relics_obtained":[{"floor":7.0,"key":"Dream Catcher"},{"floor":9.0,"key":"MawBank"},{"floor":10.0,"key":"Paper Frog"},{"floor":21.0,"key":"Necronomicon"},{"floor":25,"key":"Bottled Flame"},{"floor":26,"key":"Prayer Wheel"},{"floor":40,"key":"Nunchaku"},{"floor":43,"key":"Self Forming Clay"},{"floor":47,"key":"Ornamental Fan"}],"event_choices":[{"damage_healed":0.0,"max_hp_gain":0.0,"max_hp_loss":0.0,"gold_gain":0.0,"event_name":"Shining Light","player_choice":"Entered Light","floor":3.0,"gold_loss":0.0,"damage_taken":16.0,"cards_upgraded":["Strike_R","Strike_R"]},{"damage_healed":0.0,"max_hp_gain":0.0,"max_hp_loss":0.0,"gold_gain":0.0,"event_name":"Golden Idol","player_choice":"Take Wound","floor":12.0,"gold_loss":0.0,"damage_taken":0.0,"relics_obtained":["Golden Idol"],"cards_obtained":["Injury"]},{"damage_healed":0.0,"max_hp_gain":0.0,"max_hp_loss":0.0,"gold_gain":0.0,"event_name":"Forgotten Altar","player_choice":"Gave Idol","floor":20.0,"relics_lost":["Golden Idol"],"gold_loss":0.0,"damage_taken":0.0,"relics_obtained":["Bloody Idol"]},{"damage_healed":0.0,"max_hp_gain":0.0,"max_hp_loss":0.0,"gold_gain":0.0,"event_name":"Cursed Tome","player_choice":"Obtained Book","floor":21.0,"gold_loss":0.0,"damage_taken":16.0},{"damage_healed":26,"gold_gain":0,"player_choice":"Heal","damage_taken":0,"max_hp_gain":0,"max_hp_loss":0,"event_name":"The Library","floor":31,"gold_loss":0},{"damage_healed":0,"gold_gain":0,"player_choice":"Embrace Madness","damage_taken":10,"max_hp_gain":0,"max_hp_loss":0,"event_name":"Winding Halls","floor":36,"gold_loss":0,"cards_obtained":["Madness","Madness"]},{"damage_healed":0,"gold_gain":0,"player_choice":"Rummage","damage_taken":0,"relics_obtained":["WarpedTongs"],"max_hp_gain":0,"max_hp_loss":0,"event_name":"Accursed Blacksmith","floor":37,"gold_loss":0,"cards_obtained":["Pain"]},{"damage_healed":0,"gold_gain":0,"player_choice":"Trade","damage_taken":0,"relics_obtained":["FaceOfCleric"],"max_hp_gain":0,"max_hp_loss":0,"event_name":"FaceTrader","floor":42,"gold_loss":0}],"is_beta":false,"boss_relics":[{"not_picked":["Lizard Tail","Tiny House"],"picked":"Sozu"},{"not_picked":["Pandora\u0027s Box","Coffee Dripper"],"picked":"Empty Cage"}],"items_purged_floors":[4,22,39],"is_endless":false,"potions_floor_spawned":[13,16,18,28,30,33,35,40,46,47],"ascension_level":9}