{"gold_per_floor":[13,29,104,104,118,150,150,167,167,167,92,92,92,107,107,107],"floor_reached":16,"playtime":536,"items_purged":[],"score":190,"play_id":"54bafc96-4634-48d7-a4f0-766b568e66f5","local_time":"20190128225148","is_ascension_mode":true,"campfire_choices":[{"data":"Carnage","floor":7,"key":"SMITH"},{"data":"Double Tap","floor":10,"key":"SMITH"},{"data":"Armaments","floor":12,"key":"SMITH"},{"floor":15,"key":"REST"}],"neow_cost":"NO_GOLD","seed_source_timestamp":944871177870645,"circlet_count":0,"master_deck":["AscendersBane","Strike_R+1","Strike_R","Strike_R","Strike_R","Defend_R","Defend_R+1","Defend_R+1","Defend_R+1","Bash","Double Tap+1","Cleave","Carnage+1","Armaments+1","Inflame","Iron Wave"],"relics":["Burning Blood","Omamori","War Paint"],"potions_floor_usage":[5,6,16],"damage_taken":[{"damage":15,"enemies":"2 Louse","floor":1,"turns":6},{"damage":14,"enemies":"Jaw Worm","floor":2,"turns":4},{"damage":1,"enemies":"Cultist","floor":5,"turns":4},{"damage":39,"enemies":"Lagavulin","floor":6,"turns":6},{"damage":7,"enemies":"2 Fungi Beasts","floor":8,"turns":4},{"damage":0,"enemies":"Large Slime","floor":14,"turns":4},{"damage":31,"enemies":"Slime Boss","floor":16,"turns":8}],"seed_played":"-6444973757074146362","potions_obtained":[{"floor":2,"key":"BloodPotion"},{"floor":5,"key":"BloodPotion"},{"floor":8,"key":"EssenceOfSteel"}],"is_trial":false,"path_per_floor":["M","M","?","T","M","E","R","M","T","R","?","R","?","M","R","B"],"character_chosen":"IRONCLAD","items_purchased":[],"campfire_rested":1,"item_purchase_floors":[],"current_hp_per_floor":[59,51,40,40,52,26,26,25,25,25,25,25,2,8,30,0],"gold":107,"neow_bonus":"THREE_RARE_CARDS","is_prod":false,"is_daily":false,"chose_seed":false,"campfire_upgraded":3,"win_rate":0,"timestamp":1548733908,"path_taken":["M","M","?","?","?","E","R","M","T","R","?","R","?","M","R","BOSS"],"build_version":"2019-01-23","purchased_purges":0,"victory":false,"max_hp_per_floor":[75,75,75,75,75,75,75,75,75,75,75,75,75,75,75,75],"card_choices":[{"not_picked":["Impervious","Brutality"],"picked":"Double Tap","floor":0},{"not_picked":["Iron Wave","Clash"],"picked":"Cleave","floor":1},{"not_picked":["Evolve","Reckless Charge"],"picked":"Carnage","floor":2},{"not_picked":["Clash","Hemokinesis"],"picked":"Armaments","floor":5},{"not_picked":["Bloodletting","Limit Break"],"picked":"Inflame","floor":6},{"not_picked":["Headbutt","Dual Wield","Reckless Charge"],"picked":"SKIP","floor":8},{"not_picked":["Sword Boomerang","Clash"],"picked":"Iron Wave","floor":14}],"player_experience":532371,"relics_obtained":[{"floor":6,"key":"Omamori"},{"floor":9,"key":"War Paint"}],"event_choices":[{"damage_healed":0,"gold_gain":75,"player_choice":"Gather Gold","damage_taken":11,"max_hp_gain":0,"max_hp_loss":0,"event_name":"World of Goop","floor":3,"gold_loss":0},{"cards_removed":["Strike_R"],"damage_healed":0,"gold_gain":0,"player_choice":"Card Removal","damage_taken":0,"max_hp_gain":0,"max_hp_loss":0,"event_name":"The Cleric","floor":11,"gold_loss":75},{"damage_healed":0,"gold_gain":0,"player_choice":"Entered Light","damage_taken":23,"max_hp_gain":0,"max_hp_loss":0,"event_name":"Shining Light","floor":13,"gold_loss":0,"cards_upgraded":["Strike_R","Defend_R"]}],"is_beta":false,"boss_relics":[],"items_purged_floors":[],"is_endless":false,"potions_floor_spawned":[2,5,8],"killed_by":"Slime Boss","ascension_level":18}