{"gold_per_floor":[119,44,9,9,24,58,71,83,137,167,167,67,85,99,99,177,177,196,71,85,85,85,85,105,105,105,105,135,153,170,187,187,187],"floor_reached":33,"playtime":1182,"items_purged":["Strike_R","Strike_R","Strike_R"],"score":550,"play_id":"66e944ef-9004-4fdf-9bee-2f03416b690a","local_time":"20190125181116","is_ascension_mode":true,"campfire_choices":[{"data":"Iron Wave","floor":11,"key":"SMITH"},{"data":"Bash","floor":15,"key":"SMITH"},{"data":"Reaper","floor":25,"key":"SMITH"},{"floor":27,"key":"REST"},{"data":"True Grit","floor":32,"key":"SMITH"}],"neow_cost":"NONE","seed_source_timestamp":668153319847074,"circlet_count":0,"master_deck":["AscendersBane","Strike_R","Defend_R","Defend_R","Defend_R","Defend_R","Bash+1","Shrug It Off","Cleave","Iron Wave+1","Cleave","Sword Boomerang","Reaper+1","Whirlwind","Clash","Necronomicurse","Shockwave","Ghostly Armor","Shrug It Off+1","True Grit+1"],"relics":["Burning Blood","NeowsBlessing","Kunai","Orichalcum","Velvet Choker","Necronomicon","Sundial","Ice Cream"],"potions_floor_usage":[16,23,28,33],"damage_taken":[{"damage":0,"enemies":"Small Slimes","floor":1,"turns":1},{"damage":0,"enemies":"Cultist","floor":5,"turns":1},{"damage":0,"enemies":"Lagavulin","floor":6,"turns":1},{"damage":0,"enemies":"2 Louse","floor":7,"turns":4},{"damage":5,"enemies":"Exordium Wildlife","floor":8,"turns":5},{"damage":7,"enemies":"Looter","floor":13,"turns":3},{"damage":4,"enemies":"2 Fungi Beasts","floor":14,"turns":3},{"damage":58,"enemies":"Hexaghost","floor":16,"turns":11},{"damage":33,"enemies":"3 Byrds","floor":18,"turns":5},{"damage":14,"enemies":"Chosen","floor":20,"turns":5},{"damage":20,"enemies":"Book of Stabbing","floor":23,"turns":4},{"damage":19,"enemies":"3 Cultists","floor":24,"turns":6},{"damage":46,"enemies":"Gremlin Leader","floor":28,"turns":7},{"damage":13,"enemies":"Shelled Parasite and Fungi","floor":29,"turns":5},{"damage":15,"enemies":"Cultist and Chosen","floor":30,"turns":6},{"damage":14,"enemies":"Centurion and Healer","floor":31,"turns":6},{"damage":75,"enemies":"Collector","floor":33,"turns":9}],"seed_played":"-1052693307158167113","potions_obtained":[{"floor":5,"key":"Explosive Potion"},{"floor":6,"key":"SmokeBomb"},{"floor":13,"key":"LiquidBronze"},{"floor":24,"key":"Dexterity Potion"},{"floor":31,"key":"LiquidBronze"}],"is_trial":false,"path_per_floor":["M","$","?","?","M","E","M","M","T","?","R","$","M","M","R","B",null,"M","$","M","?","?","E","M","R","T","R","E","M","M","M","R","B"],"character_chosen":"IRONCLAD","items_purchased":[],"campfire_rested":1,"item_purchase_floors":[],"current_hp_per_floor":[74,74,75,75,75,75,75,75,75,75,75,75,74,75,75,23,62,45,45,43,22,37,23,26,26,26,48,18,18,24,44,44,0],"gold":187,"neow_bonus":"THREE_ENEMY_KILL","is_prod":false,"is_daily":false,"chose_seed":false,"campfire_upgraded":4,"win_rate":0,"timestamp":1548457876,"path_taken":["M","$","?","?","M","E","M","?","T","?","R","?","M","M","R","BOSS","M","$","M","?","?","E","M","R","T","R","E","M","M","M","R","BOSS"],"build_version":"2019-01-23","purchased_purges":3,"victory":false,"max_hp_per_floor":[75,75,75,75,75,75,75,75,75,75,75,75,75,75,75,75,75,75,75,75,75,75,75,75,75,75,75,75,75,75,75,75,75],"card_choices":[{"not_picked":["Headbutt","Twin Strike"],"picked":"Shrug It Off","floor":1},{"not_picked":["Wild Strike","Heavy Blade"],"picked":"Cleave","floor":5},{"not_picked":["Combust","Bloodletting"],"picked":"Iron Wave","floor":6},{"not_picked":["Pommel Strike","Havoc","Bludgeon"],"picked":"SKIP","floor":7},{"not_picked":["Fire Breathing","Perfected Strike","Pommel Strike"],"picked":"SKIP","floor":8},{"not_picked":["Havoc","Twin Strike"],"picked":"Cleave","floor":13},{"not_picked":["True Grit","Pommel Strike"],"picked":"Sword Boomerang","floor":14},{"not_picked":["Limit Break","Berserk"],"picked":"Reaper","floor":16},{"not_picked":["Perfected Strike","Cleave"],"picked":"Whirlwind","floor":18},{"not_picked":["Thunderclap","Perfected Strike"],"picked":"Clash","floor":20},{"not_picked":["Headbutt","Entrench","Havoc"],"picked":"SKIP","floor":24},{"not_picked":["Entrench+1","Juggernaut"],"picked":"Shockwave","floor":28},{"not_picked":["Armaments+1","Reckless Charge"],"picked":"Ghostly Armor","floor":29},{"not_picked":["Wild Strike","Heavy Blade"],"picked":"Shrug It Off+1","floor":30},{"not_picked":["Wild Strike","Second Wind"],"picked":"True Grit","floor":31}],"player_experience":450734,"relics_obtained":[{"floor":6,"key":"Kunai"},{"floor":9,"key":"Orichalcum"},{"floor":21,"key":"Necronomicon"},{"floor":26,"key":"Sundial"},{"floor":28,"key":"Ice Cream"}],"event_choices":[{"damage_healed":18,"gold_gain":0,"player_choice":"Healed","damage_taken":0,"max_hp_gain":0,"max_hp_loss":0,"event_name":"The Cleric","floor":3,"gold_loss":35},{"cards_removed":["Strike_R"],"damage_healed":0,"gold_gain":0,"player_choice":"Purged","damage_taken":0,"max_hp_gain":0,"max_hp_loss":0,"event_name":"Purifier","floor":4,"gold_loss":0},{"damage_healed":0,"gold_gain":30,"player_choice":"Searched \u00271\u0027 times","damage_taken":0,"max_hp_gain":0,"max_hp_loss":0,"event_name":"Dead Adventurer","floor":10,"gold_loss":0},{"damage_healed":0,"gold_gain":0,"player_choice":"Obtained Book","damage_taken":21,"max_hp_gain":0,"max_hp_loss":0,"event_name":"Cursed Tome","floor":21,"gold_loss":0},{"damage_healed":15,"gold_gain":0,"player_choice":"Heal","damage_taken":0,"max_hp_gain":0,"max_hp_loss":0,"event_name":"The Library","floor":22,"gold_loss":0}],"is_beta":false,"boss_relics":[{"not_picked":["Snecko Eye","Black Star"],"picked":"Velvet Choker"}],"items_purged_floors":[2,12,19],"is_endless":false,"potions_floor_spawned":[5,6,8,13,23,24,31],"killed_by":"Collector","ascension_level":15}