{"path_per_floor":["M","?","M","$","M","E","R","M","T","E","M","R","M","M","R","B",null,"M","M","M","$","?","R","?","R","T","E","?"],"character_chosen":"THE_SILENT","items_purchased":["Dash","Acrobatics","Ginger"],"gold_per_floor":[111,111,122,35,55,84,84,104,157,187,205,205,221,234,234,332,362,378,393,409,40,40,40,40,40,40,75,75,75],"floor_reached":29,"campfire_rested":3,"playtime":2503,"current_hp_per_floor":[70,63,63,63,63,47,47,44,44,34,34,34,30,20,41,12,75,75,62,29,29,29,51,37,61,61,3,3,0],"items_purged":["Strike_G"],"gold":75,"score":280,"play_id":"dadf8398-c709-4c16-9434-6fb70c8c5dc5","local_time":"20180415142028","is_prod":false,"is_daily":false,"chose_seed":false,"is_ascension_mode":false,"campfire_upgraded":2,"timestamp":1523827228,"path_taken":["M","?","M","$","M","E","R","M","T","E","M","R","M","M","R","BOSS","M","M","M","$","?","R","?","R","T","E","?","M"],"build_version":"2018-04-12","seed_source_timestamp":396053299451663,"purchased_purges":1,"victory":false,"master_deck":["Defend_G","Defend_G","Defend_G","Defend_G","Defend_G","Survivor","Neutralize","Poisoned Stab","Quick Slash","Dash+1","Acrobatics","Flying Knee","Adrenaline+1","Malaise","Backstab+1","Prepared","Envenom","Escape Plan","Deflect+1","Dagger Spray","Footwork+1","A Thousand Cuts","Bite","Bite","Bite","Bite","Bite"],"max_hp_per_floor":[70,70,70,70,70,70,70,70,70,70,70,70,70,70,70,70,75,75,75,75,75,75,75,80,80,80,80,56,56],"relics":["Ring of the Snake","Bag of Preparation","Bronze Scales","Pen Nib","Tiny House","Ginger","Dream Catcher","Meat on the Bone"],"card_choices":[{"not_picked":["Deadly Poison","Outmaneuver"],"picked":"Poisoned Stab","floor":1},{"not_picked":["Deflect","Calculated Gamble"],"picked":"Quick Slash","floor":3},{"not_picked":["Infinite Blades","Slice"],"picked":"Flying Knee","floor":5},{"not_picked":["Slice","Acrobatics"],"picked":"Adrenaline","floor":6},{"not_picked":["Backstab","Infinite Blades"],"picked":"Malaise","floor":8},{"not_picked":["Heel Hook","PiercingWail"],"picked":"Backstab","floor":10},{"not_picked":["Underhanded Strike","Finisher"],"picked":"Prepared","floor":13},{"not_picked":["Tools of the Trade","Venomology"],"picked":"Envenom","floor":16},{"not_picked":["Endless Agony","Reflex"],"picked":"Escape Plan","floor":17},{"not_picked":["Poisoned Stab","Endless Agony"],"picked":"Deflect","floor":18},{"not_picked":["Outmaneuver","Prepared"],"picked":"Dagger Spray","floor":19},{"not_picked":["Backflip","Flying Knee"],"picked":"Footwork","floor":20},{"not_picked":["Die Die Die","Calculated Gamble"],"picked":"A Thousand Cuts","floor":27}],"player_experience":7449,"potions_floor_usage":[16,16,20,27,27,27],"damage_taken":[{"damage":0,"enemies":"Small Slimes","floor":1,"turns":5},{"damage":0,"enemies":"2 Louse","floor":3,"turns":3},{"damage":0,"enemies":"Jaw Worm","floor":5,"turns":4},{"damage":16,"enemies":"Lagavulin","floor":6,"turns":8},{"damage":3,"enemies":"3 Louse","floor":8,"turns":2},{"damage":10,"enemies":"3 Sentries","floor":10,"turns":10},{"damage":0,"enemies":"Blue Slaver","floor":11,"turns":2},{"damage":4,"enemies":"2 Fungi Beasts","floor":13,"turns":2},{"damage":10,"enemies":"Large Slime","floor":14,"turns":5},{"damage":29,"enemies":"Slime Boss","floor":16,"turns":12},{"damage":0,"enemies":"Shell Parasite","floor":18,"turns":5},{"damage":13,"enemies":"3 Byrds","floor":19,"turns":4},{"damage":33,"enemies":"Slaver and Parasite","floor":20,"turns":9},{"damage":61,"enemies":"Gremlin Leader","floor":27,"turns":8},{"damage":13,"enemies":"Cultist and Chosen","floor":29,"turns":3}],"event_choices":[{"event_name":"Golden Wing","player_choice":"Card Removal","floor":2,"damage_taken":0},{"event_name":"Addict","player_choice":"Ignored","floor":22,"damage_taken":0},{"event_name":"Forgotten Altar","player_choice":"Shed Blood","floor":24,"damage_taken":0},{"event_name":"Vampires","player_choice":"Became a vampire","floor":28,"damage_taken":0}],"boss_relics":[{"not_picked":["Eternal Feather","Snecko Eye"],"picked":"Tiny House"}],"potions_floor_spawned":[3,5,13,14,18,20],"seed_played":"1878974644348232268","killed_by":"Cultist and Chosen","ascension_level":0,"is_trial":false}