{"gold_per_floor":[116,116,17,92,92,92,112,147,147,162,15,15,44,59,59,136,136,155,168,168,195,206,206,240,240,240,268,59,59,59,79,79,79],"floor_reached":33,"playtime":1337,"items_purged":["Regret"],"score":597,"play_id":"5b8fb95c-ede3-4b18-bd75-3b815b24ba0b","local_time":"20190226123959","is_ascension_mode":true,"campfire_choices":[{"data":"Armaments","floor":6.0,"key":"SMITH"},{"data":"True Grit","floor":15.0,"key":"SMITH"},{"floor":23.0,"key":"REST"},{"data":"1","floor":25.0,"key":"LIFT"},{"data":"2","floor":29.0,"key":"LIFT"},{"data":"3","floor":30.0,"key":"LIFT"},{"data":"Uppercut","floor":32.0,"key":"SMITH"}],"neow_cost":"NONE","seed_source_timestamp":0,"circlet_count":0,"master_deck":["AscendersBane","Strike_R","Strike_R","Strike_R","Strike_R","Defend_R","Defend_R","Defend_R","Defend_R","Bash","Armaments+1","True Grit+1","Metallicize","Uppercut+1","Metallicize","Heavy Blade","Offering","Whirlwind","Entrench+1","Shrug It Off"],"special_seed":0,"relics":["Burning Blood","NeowsBlessing","Turnip","PreservedInsect","Girya","Bronze Scales","Vajra","Mark of Pain","Red Mask","Question Card","WingedGreaves","Centennial Puzzle","Brimstone"],"potions_floor_usage":[33],"damage_taken":[{"damage":0.0,"enemies":"2 Louse","floor":1.0,"turns":1.0},{"damage":0.0,"enemies":"Jaw Worm","floor":7.0,"turns":1.0},{"damage":0.0,"enemies":"Lagavulin","floor":8.0,"turns":1.0},{"damage":7.0,"enemies":"Small Slimes","floor":10.0,"turns":5.0},{"damage":18.0,"enemies":"3 Sentries","floor":13.0,"turns":9.0},{"damage":3.0,"enemies":"Blue Slaver","floor":14.0,"turns":4.0},{"damage":38.0,"enemies":"Slime Boss","floor":16.0,"turns":12.0},{"damage":9.0,"enemies":"Spheric Guardian","floor":18.0,"turns":5.0},{"damage":7.0,"enemies":"Shell Parasite","floor":19.0,"turns":6.0},{"damage":40.0,"enemies":"Masked Bandits","floor":21.0,"turns":5.0},{"damage":20.0,"enemies":"Centurion and Healer","floor":22.0,"turns":9.0},{"damage":19.0,"enemies":"Book of Stabbing","floor":24.0,"turns":5.0},{"damage":9.0,"enemies":"Slavers","floor":27.0,"turns":3.0},{"damage":6.0,"enemies":"Cultist and Chosen","floor":31.0,"turns":4.0},{"damage":39,"enemies":"Champ","floor":33,"turns":6}],"seed_played":"-3783912505056169366","potions_obtained":[{"floor":13.0,"key":"Block Potion"},{"floor":14.0,"key":"EssenceOfSteel"},{"floor":18.0,"key":"Energy Potion"},{"floor":24.0,"key":"BloodPotion"},{"floor":27.0,"key":"FearPotion"}],"is_trial":false,"path_per_floor":["M","?","$","?","?","R","M","E","T","M","$","?","E","M","R","B",null,"M","M","?","?","M","R","E","R","T","E","$","R","R","M","R","B"],"character_chosen":"IRONCLAD","items_purchased":["True Grit","Bronze Scales","Brimstone"],"campfire_rested":1,"item_purchase_floors":[3,11,28],"current_hp_per_floor":[74,74,74,63,56,56,62,68,68,67,67,56,44,47,47,15,60,57,56,56,22,8,30,17,17,17,21,21,21,21,21,21,0],"gold":79,"neow_bonus":"THREE_ENEMY_KILL","is_prod":false,"is_daily":false,"chose_seed":false,"campfire_upgraded":3,"win_rate":0,"timestamp":1551213599,"path_taken":["M","?","$","?","?","R","M","E","T","M","$","?","E","M","R","BOSS","M","?","?","?","M","R","E","R","T","E","$","R","R","M","R","BOSS"],"build_version":"2019-01-23","purchased_purges":1,"victory":false,"max_hp_per_floor":[75,75,75,75,75,75,75,75,75,75,75,75,75,75,75,75,75,75,75,75,75,75,75,75,75,75,75,75,75,75,75,75,75],"card_choices":[{"not_picked":["Perfected Strike","Burning Pact"],"picked":"Armaments","floor":1.0},{"not_picked":["Sword Boomerang","Flex"],"picked":"Metallicize","floor":7.0},{"not_picked":["Body Slam","Juggernaut"],"picked":"Uppercut","floor":8.0},{"not_picked":["Headbutt","Flex"],"picked":"Metallicize","floor":10.0},{"not_picked":["Cleave","Feel No Pain","Clash"],"picked":"SKIP","floor":13.0},{"not_picked":["Clash","Iron Wave"],"picked":"Heavy Blade","floor":14.0},{"not_picked":["Limit Break","Bludgeon"],"picked":"Offering","floor":16.0},{"not_picked":["Clash","Intimidate","Warcry"],"picked":"SKIP","floor":18.0},{"not_picked":["Clash","Fire Breathing+1"],"picked":"Whirlwind","floor":19.0},{"not_picked":["Thunderclap+1","Disarm","Warcry"],"picked":"SKIP","floor":22.0},{"not_picked":["Thunderclap","Whirlwind","Clothesline"],"picked":"SKIP","floor":24.0},{"not_picked":["Cleave","Dual Wield","Hemokinesis"],"picked":"Entrench+1","floor":27.0},{"not_picked":["Body Slam","True Grit","Wild Strike"],"picked":"Shrug It Off","floor":31.0}],"player_experience":535153,"relics_obtained":[{"floor":8.0,"key":"PreservedInsect"},{"floor":9.0,"key":"Girya"},{"floor":13.0,"key":"Vajra"},{"floor":21.0,"key":"Red Mask"},{"floor":24.0,"key":"Question Card"},{"floor":26.0,"key":"WingedGreaves"},{"floor":27.0,"key":"Centennial Puzzle"}],"event_choices":[{"damage_healed":0.0,"max_hp_gain":0.0,"max_hp_loss":0.0,"gold_gain":0.0,"event_name":"Big Fish","player_choice":"Box","floor":2.0,"gold_loss":0.0,"damage_taken":0.0,"relics_obtained":["Turnip"],"cards_obtained":["Regret"]},{"damage_healed":0.0,"max_hp_gain":0.0,"max_hp_loss":0.0,"gold_gain":75.0,"event_name":"World of Goop","player_choice":"Gather Gold","floor":4.0,"gold_loss":0.0,"damage_taken":11.0},{"cards_removed":["Strike_R"],"damage_healed":0.0,"max_hp_gain":0.0,"max_hp_loss":0.0,"gold_gain":0.0,"event_name":"Golden Wing","player_choice":"Card Removal","floor":5.0,"gold_loss":0.0,"damage_taken":7.0},{"damage_healed":0.0,"max_hp_gain":0.0,"max_hp_loss":0.0,"gold_gain":0.0,"event_name":"Wheel of Change","player_choice":"Damaged","floor":12.0,"gold_loss":0.0,"damage_taken":11.0},{"damage_healed":0.0,"max_hp_gain":0.0,"max_hp_loss":0.0,"gold_gain":0.0,"event_name":"The Mausoleum","player_choice":"Ignored","floor":20.0,"gold_loss":0.0,"damage_taken":0.0},{"damage_healed":0.0,"max_hp_gain":0.0,"max_hp_loss":0.0,"gold_gain":0.0,"event_name":"Masked Bandits","player_choice":"Fought Bandits","floor":21.0,"gold_loss":0.0,"damage_taken":0.0}],"is_beta":false,"boss_relics":[{"not_picked":["Astrolabe","Black Blood"],"picked":"Mark of Pain"}],"items_purged_floors":[3],"is_endless":false,"potions_floor_spawned":[13,14,16,18,24,27],"killed_by":"Champ","ascension_level":15}