{"gold_per_floor":[213,229,247,261,23,23,36,36,59,86,28,28,28,47,47,47],"floor_reached":16,"playtime":608,"items_purged":[],"score":138,"play_id":"42a6c2e9-8cb6-40ae-981c-368ec751ed7e","local_time":"20190217082439","is_ascension_mode":true,"campfire_choices":[{"data":"Zap","floor":6.0,"key":"SMITH"},{"data":"Dualcast","floor":8.0,"key":"SMITH"},{"data":"Glacier","floor":12.0,"key":"SMITH"},{"floor":15,"key":"REST"}],"neow_cost":"NONE","seed_source_timestamp":220594132268392,"circlet_count":0,"master_deck":["AscendersBane","Strike_B","Strike_B","Strike_B","Strike_B+1","Defend_B","Defend_B","Defend_B","Defend_B","Zap+1","Dualcast+1","Conserve Battery","Capacitor","Glacier+1","Self Repair","Cold Snap+1","Glacier","FTL","Defragment"],"special_seed":0,"relics":["Cracked Core","Membership Card","Bag of Marbles","Odd Mushroom"],"potions_floor_usage":[14],"damage_taken":[{"damage":1.0,"enemies":"2 Louse","floor":1.0,"turns":4.0},{"damage":0.0,"enemies":"Small Slimes","floor":2.0,"turns":3.0},{"damage":13.0,"enemies":"Jaw Worm","floor":3.0,"turns":4.0},{"damage":6.0,"enemies":"3 Louse","floor":4.0,"turns":4.0},{"damage":2.0,"enemies":"Looter","floor":7.0,"turns":3.0},{"damage":18.0,"enemies":"The Mushroom Lair","floor":10.0,"turns":6.0},{"damage":8,"enemies":"Lots of Slimes","floor":14,"turns":4},{"damage":44,"enemies":"Slime Boss","floor":16,"turns":11}],"seed_played":"8152960799760213251","potions_obtained":[{"floor":4.0,"key":"Weak Potion"},{"floor":10.0,"key":"Energy Potion"},{"floor":14,"key":"SpeedPotion"}],"is_trial":false,"path_per_floor":["M","M","M","M","$","R","M","R","T","?","$","R","?","M","R","B"],"character_chosen":"DEFECT","items_purchased":["Membership Card","Glacier","Glacier","FTL"],"campfire_rested":1,"item_purchase_floors":[5,5,11,11],"current_hp_per_floor":[67,67,54,48,48,48,46,46,46,35,35,35,20,19,41,0],"gold":47,"neow_bonus":"HUNDRED_GOLD","is_prod":false,"is_daily":false,"chose_seed":false,"campfire_upgraded":3,"win_rate":0,"timestamp":1550420679,"path_taken":["M","M","M","M","$","R","M","R","T","?","$","R","?","?","R","BOSS"],"build_version":"2019-01-23","purchased_purges":0,"victory":false,"max_hp_per_floor":[75,75,75,75,75,75,75,75,75,75,75,75,75,75,75,75],"card_choices":[{"not_picked":["Redo","Undo"],"picked":"Conserve Battery","floor":1.0},{"not_picked":["Beam Cell","Compile Driver","Ball Lightning"],"picked":"SKIP","floor":2.0},{"not_picked":["Stack","Gash"],"picked":"Capacitor","floor":3.0},{"not_picked":["Static Discharge","Melter","Streamline"],"picked":"SKIP","floor":4.0},{"not_picked":["Blizzard","Turbo"],"picked":"Self Repair","floor":7.0},{"not_picked":["Coolheaded","Redo"],"picked":"Cold Snap","floor":10.0},{"not_picked":["Skim","Multi-Cast"],"picked":"Defragment","floor":14}],"player_experience":410168,"relics_obtained":[{"floor":9.0,"key":"Bag of Marbles"},{"floor":10.0,"key":"Odd Mushroom"}],"event_choices":[{"damage_healed":0.0,"max_hp_gain":0.0,"max_hp_loss":0.0,"gold_gain":0.0,"event_name":"Mushrooms","player_choice":"Fought Mushrooms","floor":10.0,"gold_loss":0.0,"damage_taken":0.0},{"damage_healed":0.0,"max_hp_gain":0.0,"max_hp_loss":0.0,"gold_gain":0.0,"event_name":"Shining Light","player_choice":"Entered Light","floor":13.0,"gold_loss":0.0,"damage_taken":15.0,"cards_upgraded":["Strike_B","Cold Snap"]}],"is_beta":false,"boss_relics":[],"items_purged_floors":[],"is_endless":false,"potions_floor_spawned":[4,10,14],"killed_by":"Slime Boss","ascension_level":10}