{"gold_per_floor":[112,112,125,140,290,290,315,315,396,412,168,168],"floor_reached":12,"playtime":247,"items_purged":["Doubt"],"score":144,"play_id":"aa896f60-fffc-4b54-9875-44d077bdcfff","local_time":"20190302152623","is_ascension_mode":true,"campfire_choices":[{"data":"Body Slam","floor":6,"key":"SMITH"},{"floor":8,"key":"REST"}],"neow_cost":"NONE","seed_source_timestamp":209740876291861,"circlet_count":0,"master_deck":["AscendersBane","Strike_R","Strike_R","Strike_R","Strike_R","Strike_R","Defend_R","Defend_R","Defend_R","Defend_R","Bash","Body Slam+1","Uppercut","Shrug It Off"],"relics":["Burning Blood","Champion Belt","Happy Flower","Darkstone Periapt","Regal Pillow"],"potions_floor_usage":[],"damage_taken":[{"damage":18,"enemies":"Cultist","floor":1,"turns":5},{"damage":7,"enemies":"Small Slimes","floor":3,"turns":6},{"damage":8,"enemies":"Jaw Worm","floor":4,"turns":6},{"damage":52,"enemies":"Gremlin Nob","floor":7,"turns":6},{"damage":12,"enemies":"Blue Slaver","floor":10,"turns":3}],"seed_played":"7020599941666500728","potions_obtained":[{"floor":7,"key":"SteroidPotion"}],"is_trial":false,"path_per_floor":["M","T","M","M","?","R","E","R","T","M","$","?"],"character_chosen":"IRONCLAD","items_purchased":["Regal Pillow"],"campfire_rested":1,"item_purchase_floors":[11],"current_hp_per_floor":[56,56,55,53,53,53,7,29,29,23,23,0],"gold":168,"neow_bonus":"THREE_CARDS","is_prod":false,"is_daily":false,"chose_seed":false,"campfire_upgraded":1,"win_rate":0,"timestamp":1551569183,"path_taken":["M","?","M","M","?","R","E","R","T","?","$","?"],"build_version":"2019-01-23","purchased_purges":1,"victory":false,"max_hp_per_floor":[75,75,75,75,75,75,75,75,75,75,75,75],"card_choices":[{"not_picked":["Clothesline","Havoc"],"picked":"Body Slam","floor":0},{"not_picked":["Headbutt","Thunderclap","Power Through"],"picked":"SKIP","floor":1},{"not_picked":["Power Through","Thunderclap"],"picked":"Uppercut","floor":3},{"not_picked":["Cleave","Power Through","Clothesline"],"picked":"SKIP","floor":4},{"not_picked":["Flex","Combust","Feel No Pain"],"picked":"SKIP","floor":7},{"not_picked":["Ghostly Armor","Iron Wave"],"picked":"Shrug It Off","floor":10}],"player_experience":580578,"relics_obtained":[{"floor":2,"key":"Champion Belt"},{"floor":7,"key":"Happy Flower"},{"floor":9,"key":"Darkstone Periapt"}],"event_choices":[{"damage_healed":0,"gold_gain":150,"player_choice":"AGREE","damage_taken":0,"max_hp_gain":0,"max_hp_loss":0,"event_name":"Liars Game","floor":5,"gold_loss":0,"cards_obtained":["Doubt"]}],"is_beta":false,"boss_relics":[],"items_purged_floors":[11],"is_endless":false,"potions_floor_spawned":[7],"ascension_level":17}