{"gold_per_floor":[114,114,124,49,62,62,96,96,96,96,110,110,127,143,143,239,239,257,273,304,6,6,6],"floor_reached":23,"playtime":904,"items_purged":["Strike_R","Strike_R"],"score":289,"play_id":"6ec13928-771a-4655-b2c0-62a9d8a3a96d","local_time":"20181024102155","is_ascension_mode":true,"campfire_choices":[{"data":"Bash","floor":6,"key":"SMITH"},{"data":"Searing Blow","floor":8,"key":"SMITH"},{"data":"Searing Blow+1","floor":10,"key":"SMITH"},{"data":"Searing Blow+2","floor":12,"key":"SMITH"},{"data":"Searing Blow+3","floor":15,"key":"SMITH"}],"neow_cost":"TEN_PERCENT_HP_LOSS","seed_source_timestamp":750604705588781,"circlet_count":0,"master_deck":["Defend_R","Defend_R","Defend_R","Defend_R","Bash+1","Whirlwind","Searing Blow+4","Warcry","Warcry","Pommel Strike","Rampage"],"relics":["Black Blood","Ornamental Fan","Meat on the Bone","Red Mask","Lee\u0027s Waffle"],"potions_floor_usage":[],"damage_taken":[{"damage":6,"enemies":"2 Louse","floor":1,"turns":2},{"damage":11,"enemies":"Jaw Worm","floor":3,"turns":4},{"damage":6,"enemies":"Cultist","floor":5,"turns":3},{"damage":45,"enemies":"3 Sentries","floor":7,"turns":5},{"damage":7,"enemies":"Looter","floor":11,"turns":3},{"damage":31,"enemies":"Exordium Thugs","floor":13,"turns":3},{"damage":0,"enemies":"Red Slaver","floor":14,"turns":4},{"damage":0,"enemies":"Slime Boss","floor":16,"turns":5},{"damage":9,"enemies":"3 Byrds","floor":18,"turns":5},{"damage":33,"enemies":"2 Thieves","floor":19,"turns":3},{"damage":62,"enemies":"Masked Bandits","floor":20,"turns":5},{"damage":42,"enemies":"Colosseum Slavers","floor":22,"turns":4},{"damage":82,"enemies":"Book of Stabbing","floor":23,"turns":5}],"seed_played":"-151613882315494077","potions_obtained":[{"floor":3,"key":"SpeedPotion"},{"floor":7,"key":"FairyPotion"},{"floor":11,"key":"SneckoOil"},{"floor":16,"key":"AttackPotion"},{"floor":18,"key":"FairyPotion"}],"is_trial":false,"path_per_floor":["M","?","M","$","M","R","E","R","T","R","M","R","M","M","R","B",null,"M","M","?","$","?"],"character_chosen":"IRONCLAD","items_purchased":["Lee\u0027s Waffle"],"campfire_rested":0,"item_purchase_floors":[21],"current_hp_per_floor":[72,65,60,60,60,60,21,21,21,21,32,32,19,37,37,43,72,72,49,29,79,59,0],"gold":6,"neow_bonus":"TRANSFORM_TWO_CARDS","is_prod":false,"is_daily":false,"chose_seed":false,"campfire_upgraded":5,"win_rate":0,"timestamp":1540390915,"path_taken":["M","?","M","$","M","R","E","R","T","R","?","R","M","M","R","BOSS","M","M","?","$","?","E"],"build_version":"2018-10-18","purchased_purges":2,"victory":false,"max_hp_per_floor":[72,72,72,72,72,72,72,72,72,72,72,72,72,72,72,72,72,72,72,72,79,79,79],"card_choices":[{"not_picked":["Entrench","Sword Boomerang"],"picked":"Warcry","floor":1},{"not_picked":["Thunderclap","Anger","Clash"],"picked":"SKIP","floor":3},{"not_picked":["Whirlwind","Rage","Intimidate"],"picked":"SKIP","floor":5},{"not_picked":["Thunderclap","Perfected Strike"],"picked":"Warcry","floor":7},{"not_picked":["Uppercut","Headbutt"],"picked":"Pommel Strike","floor":11},{"not_picked":["Flex","Body Slam","Hemokinesis"],"picked":"SKIP","floor":13},{"not_picked":["Disarm","Clash","Havoc"],"picked":"SKIP","floor":14},{"not_picked":["Cleave","Iron Wave","Clothesline"],"picked":"SKIP","floor":18},{"not_picked":["Blood for Blood+1","Anger"],"picked":"Rampage","floor":19}],"player_experience":223586,"relics_obtained":[{"floor":7,"key":"Ornamental Fan"},{"floor":9,"key":"Meat on the Bone"},{"floor":20,"key":"Red Mask"}],"event_choices":[{"cards_removed":["Strike_R"],"damage_healed":0,"gold_gain":0,"player_choice":"Card Removal","damage_taken":7,"max_hp_gain":0,"max_hp_loss":0,"event_name":"Golden Wing","floor":2,"gold_loss":0},{"damage_healed":0,"gold_gain":0,"player_choice":"Fought Bandits","damage_taken":0,"max_hp_gain":0,"max_hp_loss":0,"event_name":"Masked Bandits","floor":20,"gold_loss":0},{"damage_healed":0,"gold_gain":0,"player_choice":"Fight","damage_taken":0,"max_hp_gain":0,"max_hp_loss":0,"event_name":"Colosseum","floor":22,"gold_loss":0},{"damage_healed":0,"gold_gain":0,"player_choice":"Fled From Nobs","damage_taken":0,"max_hp_gain":0,"max_hp_loss":0,"event_name":"Colosseum","floor":22,"gold_loss":0}],"is_beta":false,"boss_relics":[{"not_picked":["Coffee Dripper","Sozu"],"picked":"Black Blood"}],"items_purged_floors":[4,21],"is_endless":false,"potions_floor_spawned":[3,7,11,16,18,22],"killed_by":"Book of Stabbing","ascension_level":4}