{"gold_per_floor":[115,125,125,125,50,50,64,64,87,106,106,6,25,69,69,69],"floor_reached":16,"playtime":692,"items_purged":["Injury","Strike_G"],"score":125,"play_id":"792686ab-c506-41ca-9048-c29214670d19","local_time":"20190126160401","is_ascension_mode":true,"campfire_choices":[{"floor":6,"key":"REST"},{"data":"Neutralize","floor":8,"key":"SMITH"},{"data":"Survivor","floor":11,"key":"SMITH"},{"floor":15,"key":"REST"}],"neow_cost":"PERCENT_DAMAGE","seed_source_timestamp":4999269593730,"circlet_count":0,"master_deck":["Defend_G","Defend_G","Defend_G","Defend_G","Defend_G","Strike_G","Strike_G","Strike_G","Strike_G","Survivor+1","Neutralize+1","Prepared","Crippling Poison","Backstab","Terror+1","Catalyst+1"],"relics":["Ring of the Snake","Tough Bandages","Golden Idol","Toxic Egg 2","Blood Vial","Bottled Lightning"],"potions_floor_usage":[16],"damage_taken":[{"damage":7,"enemies":"Jaw Worm","floor":1,"turns":6},{"damage":7,"enemies":"Small Slimes","floor":2,"turns":6},{"damage":0,"enemies":"Cultist","floor":7,"turns":4},{"damage":0,"enemies":"3 Louse","floor":10,"turns":3},{"damage":0,"enemies":"Red Slaver","floor":13,"turns":5},{"damage":16,"enemies":"Lagavulin","floor":14,"turns":9},{"damage":62,"enemies":"Slime Boss","floor":16,"turns":10}],"seed_played":"3972053562194033238","potions_obtained":[{"floor":2,"key":"Ancient Potion"},{"floor":10,"key":"Ancient Potion"}],"is_trial":false,"path_per_floor":["M","M","?","?","$","R","M","R","T","M","R","$","M","E","R","B"],"character_chosen":"THE_SILENT","items_purchased":[],"campfire_rested":2,"item_purchase_floors":[],"current_hp_per_floor":[42,35,35,23,23,44,44,44,44,46,46,46,48,34,55,0],"gold":69,"neow_bonus":"ONE_RARE_RELIC","is_prod":false,"is_daily":false,"chose_seed":false,"campfire_upgraded":2,"win_rate":0,"timestamp":1548547441,"path_taken":["M","M","?","?","?","R","M","R","T","?","R","$","M","E","R","BOSS"],"build_version":"2019-01-23","purchased_purges":2,"victory":false,"max_hp_per_floor":[70,70,70,70,70,70,70,70,70,70,70,70,70,70,70,70],"card_choices":[{"not_picked":["Poisoned Stab","Riddle With Holes"],"picked":"Prepared","floor":1},{"not_picked":["Dagger Throw","Dodge and Roll"],"picked":"Crippling Poison","floor":2},{"not_picked":["Riddle With Holes","Masterful Stab"],"picked":"Backstab","floor":7},{"not_picked":["Dash","Infinite Blades"],"picked":"Terror+1","floor":10},{"not_picked":["Deflect+1","Backstab"],"picked":"Catalyst+1","floor":13},{"not_picked":["Backstab","Quick Slash","All Out Attack"],"picked":"SKIP","floor":14}],"player_experience":236261,"relics_obtained":[{"floor":9,"key":"Blood Vial"},{"floor":14,"key":"Bottled Lightning"}],"event_choices":[{"damage_healed":0,"gold_gain":0,"player_choice":"Take Wound","damage_taken":0,"relics_obtained":["Golden Idol"],"max_hp_gain":0,"max_hp_loss":0,"event_name":"Golden Idol","floor":3,"gold_loss":0,"cards_obtained":["Injury"]},{"damage_healed":0,"gold_gain":0,"player_choice":"Success","damage_taken":12,"relics_obtained":["Toxic Egg 2"],"max_hp_gain":0,"max_hp_loss":0,"event_name":"Scrap Ooze","floor":4,"gold_loss":0}],"is_beta":false,"boss_relics":[],"items_purged_floors":[5,12],"is_endless":false,"potions_floor_spawned":[2,10],"killed_by":"Slime Boss","ascension_level":5}