{"path_per_floor":["M","M","?","M","M","R","?","$","T","E","M","$","M","E","R","B",null,"M","?","?","M","$","R","E","M","T","$"],"character_chosen":"THE_SILENT","items_purchased":["Omamori","Noxious Fumes","Malaise","Noxious Fumes","Cloak And Dagger"],"gold_per_floor":[110,129,304,323,338,338,338,263,290,348,365,107,119,144,144,241,241,259,259,184,198,127,127,155,167,221,76,76],"floor_reached":28,"campfire_rested":0,"playtime":1326,"current_hp_per_floor":[68,68,68,68,68,68,68,68,68,50,33,33,33,33,33,33,70,65,65,65,65,65,65,41,8,8,8,0],"items_purged":["Strike_G","Strike_G"],"gold":76,"score":371,"play_id":"9a308ccb-ca25-41ea-bfa9-e1dde691703e","local_time":"20180511102620","is_prod":false,"is_daily":false,"chose_seed":true,"is_ascension_mode":true,"campfire_upgraded":3,"timestamp":1526059580,"path_taken":["M","M","?","M","?","R","?","$","T","E","?","?","M","E","R","BOSS","M","?","?","M","$","R","E","M","T","?","M"],"build_version":"2018-05-10","seed_source_timestamp":209277442771942,"purchased_purges":2,"victory":false,"master_deck":["Defend_G","Defend_G","Defend_G","Defend_G","Defend_G","Strike_G","Strike_G","Survivor","Neutralize+1","Dagger Throw","Cloak And Dagger","Backstab","Flying Knee","Parasite","PiercingWail","After Image","Noxious Fumes+1","Malaise+1","Poisoned Stab","Well Laid Plans","Tools of the Trade","Footwork","Poisoned Stab+1","Noxious Fumes","Infinite Blades","Underhanded Strike+1","Cloak And Dagger"],"max_hp_per_floor":[70,70,70,70,70,70,70,70,70,70,70,70,70,70,70,70,70,70,70,70,70,70,70,70,70,70,70,70],"relics":["Cursed Key","Snake Skull","Tiny Chest","Omamori","Shuriken","Sozu","Question Card","Letter Opener","Blood Vial"],"card_choices":[{"not_picked":["Outmaneuver","Bouncing Flask"],"picked":"Dagger Throw","floor":1},{"not_picked":["Riddle With Holes","Skewer"],"picked":"Cloak And Dagger","floor":2},{"not_picked":["Underhanded Strike","Flying Knee"],"picked":"Backstab","floor":4},{"not_picked":["Blade Dance","Riddle With Holes"],"picked":"Flying Knee","floor":5},{"not_picked":["Escape Plan","Outmaneuver"],"picked":"PiercingWail","floor":10},{"not_picked":["Deflect","Deadly Poison"],"picked":"After Image","floor":11},{"not_picked":["Choke","Catalyst"],"picked":"Poisoned Stab","floor":13},{"not_picked":["Underhanded Strike","Deadly Poison"],"picked":"Well Laid Plans","floor":14},{"not_picked":["Doppelganger","Grand Finale"],"picked":"Tools of the Trade","floor":16},{"not_picked":["Outmaneuver","PiercingWail"],"picked":"Footwork","floor":18},{"not_picked":["Dagger Throw","Flying Knee","Dodge and Roll"],"picked":"Poisoned Stab","floor":21},{"not_picked":["Flechettes","Skewer","Prepared"],"picked":"Infinite Blades","floor":24},{"not_picked":["Poisoned Stab","Acrobatics","Deadly Poison"],"picked":"Underhanded Strike","floor":25}],"player_experience":160831,"potions_floor_usage":[16,16,25,28],"damage_taken":[{"damage":2,"enemies":"2 Louse","floor":1,"turns":3},{"damage":0,"enemies":"Small Slimes","floor":2,"turns":3},{"damage":0,"enemies":"Cultist","floor":4,"turns":4},{"damage":0,"enemies":"Blue Slaver","floor":5,"turns":3},{"damage":18,"enemies":"Lagavulin","floor":10,"turns":10},{"damage":17,"enemies":"Exordium Thugs","floor":11,"turns":4},{"damage":0,"enemies":"3 Louse","floor":13,"turns":3},{"damage":0,"enemies":"3 Sentries","floor":14,"turns":5},{"damage":0,"enemies":"The Guardian","floor":16,"turns":8},{"damage":5,"enemies":"Spheric Guardian","floor":18,"turns":5},{"damage":0,"enemies":"Chosen","floor":21,"turns":7},{"damage":24,"enemies":"Book of Stabbing","floor":24,"turns":7},{"damage":33,"enemies":"Slaver and Parasite","floor":25,"turns":6},{"damage":16,"enemies":"Snake Plant","floor":28,"turns":1}],"event_choices":[{"event_name":"Liars Game","player_choice":"agreed","floor":3,"damage_taken":0},{"event_name":"Purifier","player_choice":"One Purge","floor":7,"damage_taken":0},{"event_name":"Accursed Blacksmith","player_choice":"Rummage","floor":19,"damage_taken":0},{"event_name":"Beggar","player_choice":"Gave Gold","floor":20,"damage_taken":0}],"boss_relics":[{"not_picked":["Ectoplasm","Runic Dome"],"picked":"Sozu"}],"potions_floor_spawned":[5,10,14,16,18,24],"seed_played":"-8430924806316186563","killed_by":"Snake Plant","ascension_level":3,"is_trial":false}