{"path_per_floor":["M","M","M","?","$","E","R","M","T","R","E","?","$","M","R","B",null,"M","M","?","M","?","R","M","E","T"],"character_chosen":"THE_SILENT","items_purchased":["Infinite Blades","Noxious Fumes"],"gold_per_floor":[109,127,145,145,72,104,104,124,124,124,153,228,114,131,131,232,232,251,262,262,272,197,197,212,244,244,244],"floor_reached":27,"campfire_rested":2,"playtime":2803,"current_hp_per_floor":[70,70,70,70,70,55,55,55,55,55,19,8,8,5,26,26,70,54,47,31,18,18,39,35,11,11,0],"items_purged":["Defend_G"],"gold":244,"score":293,"play_id":"b2414c83-f411-4eaa-adf0-56cdb9aee6e4","local_time":"20180417075458","is_prod":false,"is_daily":false,"chose_seed":false,"is_ascension_mode":false,"campfire_upgraded":2,"timestamp":1523976898,"path_taken":["M","M","M","?","$","E","R","M","T","R","E","?","$","?","R","BOSS","M","M","?","M","?","R","M","E","T","?"],"build_version":"2018-04-12","seed_source_timestamp":0,"purchased_purges":1,"victory":false,"master_deck":["Defend_G","Defend_G","Defend_G","Defend_G","Strike_G","Strike_G","Strike_G","Strike_G+1","Survivor","Neutralize+1","PiercingWail","Sucker Punch+1","Acrobatics","Infinite Blades+1","Backflip","Terror","Noxious Fumes","Prepared","Caltrops","Dagger Throw+1","Infinite Blades+1"],"max_hp_per_floor":[70,70,70,70,70,70,70,70,70,70,70,70,70,70,70,70,70,70,70,70,70,70,70,70,70,70,70],"relics":["Ring of the Snake","Oddly Smooth Stone","Bag of Preparation","Whetstone","Ornamental Fan","Orrery","Nilry\u0027s Codex","Molten Egg 2","Unceasing Top"],"card_choices":[{"not_picked":["Dash","Dagger Spray"],"picked":"PiercingWail","floor":1.0},{"not_picked":["Deflect","Outmaneuver"],"picked":"Sucker Punch","floor":2.0},{"not_picked":["Heel Hook","Finisher"],"picked":"Acrobatics","floor":3.0},{"not_picked":["Bane","Finisher"],"picked":"Backflip","floor":6.0},{"not_picked":["Caltrops","Prepared"],"picked":"Terror","floor":11.0},{"not_picked":["Deadly Poison","Backflip"],"picked":"Prepared","floor":14.0},{"not_picked":["Flechettes","Calculated Gamble"],"picked":"Caltrops","floor":17.0},{"not_picked":["Blade Dance","Skewer"],"picked":"Dagger Throw","floor":24},{"not_picked":["Crippling Poison","Dagger Spray"],"picked":"Infinite Blades","floor":25}],"player_experience":39240,"potions_floor_usage":[24,27],"damage_taken":[{"damage":0.0,"enemies":"2 Louse","floor":1.0,"turns":3.0},{"damage":0.0,"enemies":"Cultist","floor":2.0,"turns":5.0},{"damage":0.0,"enemies":"Jaw Worm","floor":3.0,"turns":4.0},{"damage":15.0,"enemies":"3 Sentries","floor":6.0,"turns":12.0},{"damage":0.0,"enemies":"Blue Slaver","floor":8.0,"turns":5.0},{"damage":36.0,"enemies":"Gremlin Nob","floor":11.0,"turns":6.0},{"damage":3.0,"enemies":"Looter","floor":14.0,"turns":5.0},{"damage":0.0,"enemies":"Hexaghost","floor":16.0,"turns":10.0},{"damage":16.0,"enemies":"Spheric Guardian","floor":18.0,"turns":8.0},{"damage":7.0,"enemies":"Shell Parasite","floor":19.0,"turns":6.0},{"damage":13,"enemies":"Snake Plant","floor":21,"turns":6},{"damage":19,"enemies":"Centurion and Healer","floor":24,"turns":14},{"damage":24,"enemies":"Book of Stabbing","floor":25,"turns":6},{"damage":11,"enemies":"Chosen and Byrds","floor":27,"turns":3}],"event_choices":[{"event_name":"The Woman in Blue","player_choice":"Bought 0 Potions","floor":4.0,"damage_taken":0.0},{"event_name":"World of Goop","player_choice":"Gather Gold","floor":12.0,"damage_taken":0.0},{"event_name":"Cursed Tome","player_choice":"Obtained Book","floor":20,"damage_taken":0},{"event_name":"Beggar","player_choice":"Gave Gold","floor":22,"damage_taken":0}],"boss_relics":[],"potions_floor_spawned":[1,11,14,16,18],"seed_played":"5533977937850411576","killed_by":"Chosen and Byrds","ascension_level":0,"is_trial":false}