{"path_per_floor":["M","?","$","?","M","E","M","?","T","R","E","?","R","M","R","B",null,"M","$","?","?","$"],"character_chosen":"THE_SILENT","items_purchased":["Terror","Happy Flower","Torii"],"gold_per_floor":[143,143,70,70,86,130,150,100,127,127,165,240,240,254,254,379,379,402,183,183,363,64,64],"floor_reached":23,"campfire_rested":3,"playtime":1067,"current_hp_per_floor":[70,63,63,46,45,11,13,13,13,34,18,7,28,32,53,26,72,59,59,59,35,35,0],"items_purged":["Strike_G"],"gold":64,"score":215,"play_id":"ac7dd49a-831b-4475-a2bb-f41959535e4c","local_time":"20180425094347","is_prod":false,"is_daily":false,"chose_seed":false,"is_ascension_mode":true,"campfire_upgraded":0,"timestamp":1524674627,"path_taken":["M","?","$","?","?","E","M","?","T","R","E","?","R","M","R","BOSS","M","$","?","?","$","E"],"build_version":"2018-04-19","seed_source_timestamp":1245004134701737,"purchased_purges":2,"victory":false,"master_deck":["Defend_G","Defend_G","Defend_G","Defend_G","Strike_G","Strike_G+1","Strike_G","Survivor","Neutralize","Malaise","Terror","PiercingWail","Bullet Time","Dagger Spray+1","Glass Knife","A Thousand Cuts","Flying Knee"],"max_hp_per_floor":[70,70,70,70,70,70,70,70,70,70,70,70,70,72,72,72,72,72,72,72,72,72,72],"relics":["Ring of the Snake","Tiny Chest","Golden Idol","Blood Vial","Singing Bowl","Whetstone","Black Star","Happy Flower","Torii"],"card_choices":[{"not_picked":["Heel Hook","Backflip"],"picked":"Malaise","floor":1},{"not_picked":["Crippling Poison","Distraction"],"picked":"PiercingWail","floor":5},{"not_picked":["Quick Slash","Finisher"],"picked":"Bullet Time","floor":6},{"not_picked":["Masterful Stab","Deflect"],"picked":"Dagger Spray","floor":7},{"not_picked":["Dagger Throw","Infinite Blades"],"picked":"Glass Knife","floor":11},{"not_picked":["Tools of the Trade","Envenom"],"picked":"A Thousand Cuts","floor":16},{"not_picked":["Catalyst","Dagger Throw"],"picked":"Flying Knee","floor":18}],"player_experience":135472,"potions_floor_usage":[11,16,18,23,23],"damage_taken":[{"damage":0,"enemies":"Jaw Worm","floor":1,"turns":5},{"damage":1,"enemies":"2 Louse","floor":5,"turns":4},{"damage":34,"enemies":"Lagavulin","floor":6,"turns":13},{"damage":0,"enemies":"Small Slimes","floor":7,"turns":3},{"damage":18,"enemies":"Gremlin Nob","floor":11,"turns":6},{"damage":0,"enemies":"3 Louse","floor":14,"turns":2},{"damage":29,"enemies":"Hexaghost","floor":16,"turns":16},{"damage":13,"enemies":"Shell Parasite","floor":18,"turns":6},{"damage":53,"enemies":"Slavers","floor":23,"turns":3}],"event_choices":[{"event_name":"Golden Wing","player_choice":"Card Removal","floor":2,"damage_taken":0},{"event_name":"Golden Idol","player_choice":"Take Damage","floor":4,"damage_taken":0},{"event_name":"The Cleric","player_choice":"Card Removal","floor":8,"damage_taken":0},{"event_name":"World of Goop","player_choice":"Gather Gold","floor":12,"damage_taken":0},{"event_name":"Ghosts","player_choice":"Ignored","floor":20,"damage_taken":0},{"event_name":"Knowing Skull","player_choice":"GOLD GOLD ","floor":21,"damage_taken":0}],"boss_relics":[{"not_picked":["Calling Bell","Ectoplasm"],"picked":"Black Star"}],"potions_floor_spawned":[1,6,7,14,16,18],"seed_played":"-7000113685509296897","killed_by":"Slavers","ascension_level":2,"is_trial":false}