{"gold_per_floor":[116,130,130,144,144,144,175,175,175,175,450,479,479,499,499,575,575,595,21,21,0,0,0,17,17],"floor_reached":25,"playtime":851,"items_purged":["Strike_R"],"score":362,"play_id":"fb14da2b-b3b6-4d0e-8aa5-4ee74286a473","local_time":"20190124142336","is_ascension_mode":true,"campfire_choices":[{"data":"Berserk","floor":6,"key":"SMITH"},{"floor":8,"key":"REST"},{"data":"Blood for Blood","floor":10,"key":"SMITH"},{"floor":13,"key":"REST"},{"data":"Bash","floor":15,"key":"SMITH"},{"data":"Berserk","floor":23,"key":"SMITH"}],"neow_cost":"NONE","seed_source_timestamp":568422762999603,"circlet_count":0,"master_deck":["AscendersBane","Strike_R","Strike_R","Strike_R","Strike_R","Defend_R","Defend_R","Defend_R","Defend_R","Bash+1","Metallicize","Pummel","Berserk+1","Pommel Strike","Blood for Blood+1","Evolve","Pummel","Berserk+1","Apotheosis+1","Rupture"],"relics":["Burning Blood","NeowsBlessing","Self Forming Clay","Nunchaku","Pear","Strawberry","Empty Cage","Toxic Egg 2"],"potions_floor_usage":[7,16,24,25],"damage_taken":[{"damage":0,"enemies":"Jaw Worm","floor":1,"turns":1},{"damage":0,"enemies":"Cultist","floor":2,"turns":1},{"damage":0,"enemies":"Small Slimes","floor":4,"turns":1},{"damage":53,"enemies":"Lagavulin","floor":7,"turns":9},{"damage":46,"enemies":"3 Sentries","floor":12,"turns":12},{"damage":7,"enemies":"Looter","floor":14,"turns":3},{"damage":42,"enemies":"The Guardian","floor":16,"turns":10},{"damage":14,"enemies":"Chosen","floor":18,"turns":4},{"damage":19,"enemies":"Shell Parasite","floor":24,"turns":6},{"damage":30,"enemies":"Gremlin Leader","floor":25,"turns":5}],"seed_played":"8132339321061362217","potions_obtained":[{"floor":1,"key":"FearPotion"},{"floor":14,"key":"Weak Potion"},{"floor":16,"key":"Block Potion"}],"is_trial":false,"path_per_floor":["M","M","?","M","?","R","E","R","T","R","?","E","R","M","R","B",null,"M","$","$","?","$","R","M","E"],"character_chosen":"IRONCLAD","items_purchased":["Toxic Egg 2","Apotheosis+1","Rupture","PowerPotion"],"campfire_rested":2,"item_purchase_floors":[19,19,19,19],"current_hp_per_floor":[74,75,75,75,75,75,28,50,60,60,60,27,54,53,53,17,73,65,65,65,65,65,65,52,22],"gold":17,"neow_bonus":"THREE_ENEMY_KILL","is_prod":false,"is_daily":false,"chose_seed":false,"campfire_upgraded":4,"win_rate":0,"timestamp":1548357816,"path_taken":["M","M","?","?","?","R","E","R","T","R","?","E","R","M","R","BOSS","M","?","$","?","?","R","?","E"],"build_version":"2019-01-23","purchased_purges":1,"victory":false,"max_hp_per_floor":[75,75,75,75,75,75,75,75,85,85,85,92,92,92,92,92,92,92,92,92,92,92,92,92,92],"card_choices":[{"not_picked":["Sentinel","Clash"],"picked":"Metallicize","floor":1},{"not_picked":["Feel No Pain","Thunderclap","Combust"],"picked":"SKIP","floor":2},{"not_picked":["Wild Strike","Dual Wield"],"picked":"Pommel Strike","floor":4},{"not_picked":["Searing Blow","Shrug It Off"],"picked":"Blood for Blood","floor":7},{"not_picked":["Heavy Blade","Pommel Strike"],"picked":"Evolve","floor":12},{"not_picked":["Clash","Pommel Strike"],"picked":"Pummel","floor":14},{"not_picked":["Double Tap","Limit Break"],"picked":"Berserk","floor":16},{"not_picked":["Thunderclap","Iron Wave","Havoc"],"picked":"SKIP","floor":18},{"not_picked":["Armaments+1","Dark Embrace","Body Slam+1"],"picked":"SKIP","floor":24}],"player_experience":415542,"relics_obtained":[{"floor":7,"key":"Nunchaku"},{"floor":9,"key":"Pear"},{"floor":12,"key":"Strawberry"}],"event_choices":[{"damage_healed":0,"gold_gain":0,"player_choice":"2 cards matched","damage_taken":0,"max_hp_gain":0,"max_hp_loss":0,"event_name":"Match and Keep!","floor":3,"gold_loss":0,"cards_obtained":["Pummel","Berserk"]},{"damage_healed":0,"gold_gain":0,"player_choice":"Box","damage_taken":0,"relics_obtained":["Self Forming Clay"],"max_hp_gain":0,"max_hp_loss":0,"event_name":"Big Fish","floor":5,"gold_loss":0,"cards_obtained":["Regret"]},{"damage_healed":0,"gold_gain":275,"player_choice":"Desecrate","damage_taken":0,"max_hp_gain":0,"max_hp_loss":0,"event_name":"Golden Shrine","floor":11,"gold_loss":0,"cards_obtained":["Regret"]},{"damage_healed":0,"gold_gain":0,"player_choice":"Paid Fearfully","damage_taken":0,"max_hp_gain":0,"max_hp_loss":0,"event_name":"Masked Bandits","floor":21,"gold_loss":21}],"is_beta":false,"boss_relics":[{"not_picked":["Fusion Hammer","Calling Bell"],"picked":"Empty Cage"}],"items_purged_floors":[19],"is_endless":false,"potions_floor_spawned":[1,14,16],"killed_by":"Gremlin Leader","ascension_level":15}