{"gold_per_floor":[214,28,40,40,40,40,78,78,78,118,18,18,42,66,66,162,162,182,202,216,216,216,216,231,231,231,231,231,231,256,58,58,133,133,143,155,174,190,190,190,203,203,251,11,39,62,75,75,75,75,75,75,29,56,56],"floor_reached":56,"playtime":2313,"items_purged":["Strike_R","Strike_R"],"score":1993,"play_id":"74f75d25-b613-4d83-b837-1efe3945c0ad","local_time":"20190125185037","is_ascension_mode":true,"campfire_choices":[{"data":"Bash","floor":6,"key":"SMITH"},{"data":"Corruption","floor":8,"key":"SMITH"},{"floor":12,"key":"REST"},{"data":"Shockwave","floor":15,"key":"SMITH"},{"floor":23,"key":"DIG"},{"floor":25,"key":"DIG"},{"floor":27,"key":"DIG"},{"floor":29,"key":"DIG"},{"floor":32,"key":"REST"},{"floor":40,"key":"DIG"},{"floor":42,"key":"RECALL"},{"floor":49,"key":"DIG"},{"floor":52,"key":"DIG"}],"neow_cost":"NONE","seed_source_timestamp":669351060520268,"circlet_count":0,"master_deck":["AscendersBane","Strike_R+1","Defend_R","Defend_R","Defend_R","Defend_R","Bash+1","Clash","Clash+1","Swift Strike","Corruption+1","Burning Pact","Ghostly Armor","Shockwave+1","Dark Embrace","Shrug It Off+1","Iron Wave","Burning Pact","Iron Wave","Disarm+1","Double Tap","Shrug It Off+1","Shrug It Off","Flex","Pommel Strike+1","Feel No Pain+1","Flex","Shrug It Off","Pommel Strike+1"],"relics":["Burning Blood","Bloody Idol","Red Skull","Oddly Smooth Stone","Shovel","Fusion Hammer","Bronze Scales","Ornamental Fan","Charon\u0027s Ashes","Pen Nib","Turnip","Darkstone Periapt","Brimstone","Coffee Dripper","Gremlin Horn","Bottled Tornado","Ginger","Whetstone","Ice Cream","Bottled Flame","Bird Faced Urn"],"potions_floor_usage":[10,19,33,38,55],"damage_taken":[{"damage":5,"enemies":"2 Louse","floor":1,"turns":4},{"damage":8,"enemies":"Jaw Worm","floor":3,"turns":4},{"damage":25,"enemies":"Lagavulin","floor":7,"turns":5},{"damage":42,"enemies":"3 Sentries","floor":10,"turns":8},{"damage":0,"enemies":"Cultist","floor":13,"turns":3},{"damage":0,"enemies":"2 Fungi Beasts","floor":14,"turns":3},{"damage":25,"enemies":"Slime Boss","floor":16,"turns":9},{"damage":0,"enemies":"Shell Parasite","floor":18,"turns":5},{"damage":22,"enemies":"2 Thieves","floor":19,"turns":4},{"damage":1,"enemies":"3 Cultists","floor":20,"turns":4},{"damage":27,"enemies":"Snake Plant","floor":24,"turns":4},{"damage":0,"enemies":"Gremlin Leader","floor":30,"turns":4},{"damage":5,"enemies":"Collector","floor":33,"turns":5},{"damage":9,"enemies":"Orb Walker","floor":35,"turns":3},{"damage":5,"enemies":"3 Darklings","floor":36,"turns":2},{"damage":0,"enemies":"Maw","floor":37,"turns":4},{"damage":0,"enemies":"Spire Growth","floor":38,"turns":2},{"damage":0,"enemies":"3 Darklings","floor":41,"turns":2},{"damage":0,"enemies":"Giant Head","floor":45,"turns":2},{"damage":0,"enemies":"Transient","floor":47,"turns":5},{"damage":15,"enemies":"Donu and Deca","floor":50,"turns":5},{"damage":16,"enemies":"Shield and Spear","floor":54,"turns":4},{"damage":38,"enemies":"The Heart","floor":55,"turns":5}],"seed_played":"-7467843806256769274","potions_obtained":[{"floor":1,"key":"FearPotion"},{"floor":7,"key":"LiquidBronze"},{"floor":10,"key":"Energy Potion"},{"floor":24,"key":"Swift Potion"},{"floor":30,"key":"Strength Potion"},{"floor":35,"key":"Swift Potion"},{"floor":36,"key":"Dexterity Potion"}],"is_trial":false,"path_per_floor":["M","$","M","?","?","R","E","R","T","E","$","R","M","M","R","B",null,"M","M","M","?","?","R","M","R","T","R","?","R","E","$","R","B",null,"M","M","M","M","?","R","M","R","T","$","E","T","M","?","R","B",null,"R","$","E","B",null],"character_chosen":"IRONCLAD","items_purchased":["Clash","Swift Strike","Brimstone","Bottled Tornado","Shrug It Off"],"campfire_rested":2,"item_purchase_floors":[2,2,31,44,53],"current_hp_per_floor":[69,69,67,67,67,67,48,48,48,12,12,32,38,44,44,25,57,63,47,52,52,52,52,31,31,31,31,31,31,42,42,62,68,68,68,68,68,68,68,68,68,68,68,68,68,68,68,65,65,56,63,63,63,58,32],"gold":56,"neow_bonus":"HUNDRED_GOLD","is_prod":false,"is_daily":false,"chose_seed":false,"campfire_upgraded":3,"win_rate":0,"timestamp":1548460237,"path_taken":["M","$","M","?","?","R","E","R","T","E","?","R","?","M","R","BOSS","M","M","M","?","?","R","?","R","T","R","?","R","E","$","R","BOSS","M","M","M","M","?","R","?","R","T","$","E","?","M","?","R","BOSS","R","$","E","BOSS"],"build_version":"2019-01-23","purchased_purges":2,"victory":true,"max_hp_per_floor":[75,75,75,68,68,68,68,68,68,68,68,68,68,68,68,68,68,68,68,68,68,68,68,68,68,68,68,68,68,68,68,68,68,68,68,68,68,68,68,68,68,68,68,68,68,68,68,65,65,65,65,65,65,65,65],"card_choices":[{"not_picked":["Sentinel","Body Slam"],"picked":"Clash","floor":1},{"not_picked":["Blood for Blood","Headbutt","Power Through"],"picked":"SKIP","floor":3},{"not_picked":["Flame Barrier","Pummel"],"picked":"Corruption","floor":7},{"not_picked":["Barricade","Rupture"],"picked":"Burning Pact","floor":10},{"not_picked":["Sword Boomerang","Wild Strike"],"picked":"Ghostly Armor","floor":13},{"not_picked":["True Grit","Wild Strike"],"picked":"Shockwave","floor":14},{"not_picked":["Double Tap","Demon Form"],"picked":"Dark Embrace","floor":16},{"not_picked":["Sever Soul","Heavy Blade"],"picked":"Shrug It Off+1","floor":18},{"not_picked":["Wild Strike","Perfected Strike"],"picked":"Iron Wave","floor":19},{"not_picked":["Wild Strike","Anger","Headbutt"],"picked":"SKIP","floor":20},{"not_picked":["Reckless Charge","Flame Barrier"],"picked":"Iron Wave","floor":24},{"not_picked":["Heavy Blade","Flex"],"picked":"Disarm+1","floor":30},{"not_picked":["Limit Break","Exhume"],"picked":"Double Tap","floor":33},{"not_picked":["Heavy Blade","True Grit+1"],"picked":"Shrug It Off+1","floor":35},{"not_picked":["Headbutt","Havoc"],"picked":"Shrug It Off","floor":36},{"not_picked":["Sever Soul","Armaments"],"picked":"Flex","floor":37},{"not_picked":["Thunderclap+1","Body Slam"],"picked":"Pommel Strike+1","floor":38},{"not_picked":["Fire Breathing","Headbutt+1","Pummel"],"picked":"SKIP","floor":41},{"not_picked":["Twin Strike","Demon Form"],"picked":"Feel No Pain+1","floor":45},{"not_picked":["Sentinel","Pommel Strike"],"picked":"Flex","floor":47},{"not_picked":["Perfected Strike","Rage"],"picked":"Pommel Strike+1","floor":54}],"player_experience":451916,"relics_obtained":[{"floor":7,"key":"Red Skull"},{"floor":9,"key":"Oddly Smooth Stone"},{"floor":10,"key":"Shovel"},{"floor":23,"key":"Bronze Scales"},{"floor":25,"key":"Ornamental Fan"},{"floor":26,"key":"Charon\u0027s Ashes"},{"floor":27,"key":"Pen Nib"},{"floor":29,"key":"Turnip"},{"floor":30,"key":"Darkstone Periapt"},{"floor":40,"key":"Gremlin Horn"},{"floor":45,"key":"Ginger"},{"floor":46,"key":"Whetstone"},{"floor":49,"key":"Ice Cream"},{"floor":52,"key":"Bottled Flame"},{"floor":54,"key":"Bird Faced Urn"}],"event_choices":[{"damage_healed":0,"gold_gain":0,"player_choice":"Lose Max HP","damage_taken":0,"relics_obtained":["Golden Idol"],"max_hp_gain":0,"max_hp_loss":7,"event_name":"Golden Idol","floor":4,"gold_loss":0},{"damage_healed":0,"gold_gain":0,"player_choice":"Leave","damage_taken":0,"max_hp_gain":0,"max_hp_loss":0,"event_name":"The Cleric","floor":5,"gold_loss":0},{"damage_healed":0,"gold_gain":0,"player_choice":"Ignored","damage_taken":0,"max_hp_gain":0,"max_hp_loss":0,"event_name":"The Mausoleum","floor":21,"gold_loss":0},{"damage_healed":0,"gold_gain":0,"cards_transformed":["Strike_R"],"player_choice":"Transformed","damage_taken":0,"max_hp_gain":0,"max_hp_loss":0,"event_name":"Transmorgrifier","floor":22,"gold_loss":0,"cards_obtained":["Burning Pact"]},{"damage_healed":0,"gold_gain":0,"player_choice":"Gave Idol","damage_taken":0,"relics_obtained":["Bloody Idol"],"max_hp_gain":0,"max_hp_loss":0,"event_name":"Forgotten Altar","floor":28,"relics_lost":["Golden Idol"],"gold_loss":0},{"cards_removed":["Strike_R"],"damage_healed":0,"gold_gain":0,"player_choice":"Purged","damage_taken":0,"max_hp_gain":0,"max_hp_loss":0,"event_name":"Purifier","floor":39,"gold_loss":0},{"damage_healed":0,"gold_gain":0,"player_choice":"Max HP","damage_taken":0,"max_hp_gain":0,"max_hp_loss":3,"event_name":"Winding Halls","floor":48,"gold_loss":0}],"is_beta":false,"boss_relics":[{"not_picked":["Empty Cage","Orrery"],"picked":"Fusion Hammer"},{"not_picked":["Pandora\u0027s Box","Tiny House"],"picked":"Coffee Dripper"}],"items_purged_floors":[2,11],"is_endless":false,"potions_floor_spawned":[1,7,10,14,18,24,30,35,36,37],"ascension_level":15}