{"gold_per_floor":[109,120,133,146,146,146,176,196,221,246,266,286,286,301,301,399,399,415,69,59,69,81,81,81],"floor_reached":24,"playtime":1177,"items_purged":["Strike_G"],"score":214,"play_id":"ea518e56-2b92-4a31-967b-0671eee422dc","local_time":"20190103200609","is_ascension_mode":false,"campfire_choices":[{"data":"Neutralize","floor":6,"key":"SMITH"},{"data":"Crippling Poison","floor":13,"key":"SMITH"},{"data":"Bouncing Flask","floor":15,"key":"SMITH"},{"data":"Bouncing Flask","floor":23,"key":"SMITH"}],"neow_cost":"NONE","seed_source_timestamp":36388222601085,"circlet_count":0,"master_deck":["Defend_G","Defend_G","Defend_G","Defend_G","Defend_G","Strike_G","Strike_G","Strike_G","Strike_G","Survivor","Neutralize+1","Cloak And Dagger","Dagger Spray","Flechettes","Crippling Poison+1","Deadly Poison","Deadly Poison","Bouncing Flask+1","Backflip","Backflip","Grand Finale","PiercingWail","Well Laid Plans+1","Deflect","Bouncing Flask+1","Footwork+1","Bane"],"relics":["Ring of the Snake","NeowsBlessing","Frozen Egg 2","Bag of Marbles","Art of War","Eternal Feather","Membership Card"],"potions_floor_usage":[11,16,18,24],"damage_taken":[{"damage":0,"enemies":"Jaw Worm","floor":1,"turns":1},{"damage":0,"enemies":"Cultist","floor":2,"turns":1},{"damage":0,"enemies":"Small Slimes","floor":3,"turns":1},{"damage":0,"enemies":"Looter","floor":4,"turns":5},{"damage":26,"enemies":"Gremlin Nob","floor":7,"turns":5},{"damage":4,"enemies":"3 Louse","floor":8,"turns":3},{"damage":12,"enemies":"3 Sentries","floor":10,"turns":9},{"damage":0,"enemies":"Large Slime","floor":11,"turns":4},{"damage":0,"enemies":"Blue Slaver","floor":12,"turns":4},{"damage":2,"enemies":"Looter","floor":14,"turns":3},{"damage":13,"enemies":"Hexaghost","floor":16,"turns":7},{"damage":10,"enemies":"Chosen","floor":18,"turns":5},{"damage":16,"enemies":"2 Thieves","floor":20,"turns":5},{"damage":2,"enemies":"Snecko","floor":21,"turns":4},{"damage":20,"enemies":"Sentry and Sphere","floor":22,"turns":4},{"damage":45,"enemies":"Slavers","floor":24,"turns":3}],"seed_played":"-2935275947463210574","potions_obtained":[{"floor":2,"key":"GamblersBrew"},{"floor":4,"key":"PowerPotion"},{"floor":7,"key":"Block Potion"},{"floor":10,"key":"Regen Potion"},{"floor":20,"key":"Explosive Potion"},{"floor":21,"key":"Ancient Potion"}],"is_trial":false,"path_per_floor":["M","M","M","M","?","R","E","M","T","E","M","M","R","M","R","B",null,"M","$","M","M","M","R","E"],"character_chosen":"THE_SILENT","items_purchased":["Well Laid Plans+1","Membership Card","Deflect","Bouncing Flask"],"campfire_rested":0,"item_purchase_floors":[19,19,19,19],"current_hp_per_floor":[70,70,70,70,70,70,44,40,40,28,40,40,40,38,38,25,70,60,60,44,42,22,37,0],"gold":81,"neow_bonus":"THREE_ENEMY_KILL","is_prod":false,"is_daily":false,"chose_seed":false,"campfire_upgraded":4,"win_rate":0.0,"timestamp":1546513569,"path_taken":["M","M","M","M","?","R","E","M","T","E","M","M","R","M","R","BOSS","M","$","M","M","M","R","E"],"build_version":"2018-12-20","purchased_purges":1,"victory":false,"max_hp_per_floor":[70,70,70,70,70,70,70,70,70,70,70,70,70,70,70,70,70,70,70,70,70,70,70,70],"card_choices":[{"not_picked":["Acrobatics","Outmaneuver"],"picked":"Cloak And Dagger","floor":1},{"not_picked":["Bane","Underhanded Strike"],"picked":"Dagger Spray","floor":2},{"not_picked":["Dagger Throw","Bane","Blade Dance"],"picked":"SKIP","floor":3},{"not_picked":["Dagger Spray","Poisoned Stab"],"picked":"Flechettes","floor":4},{"not_picked":["Doppelganger","Outmaneuver"],"picked":"Crippling Poison","floor":7},{"not_picked":["Dagger Spray","Prepared"],"picked":"Deadly Poison","floor":8},{"not_picked":["All Out Attack","Accuracy+1"],"picked":"Deadly Poison","floor":10},{"not_picked":["Poisoned Stab","Blur"],"picked":"Bouncing Flask","floor":11},{"not_picked":["Slice","Acrobatics"],"picked":"Backflip","floor":12},{"not_picked":["Riddle With Holes","Deadly Poison"],"picked":"Backflip","floor":14},{"not_picked":["Doppelganger","Glass Knife"],"picked":"Grand Finale","floor":16},{"not_picked":["Quick Slash","Finisher"],"picked":"PiercingWail","floor":18},{"not_picked":["Backflip","Outmaneuver"],"picked":"Footwork+1","floor":20},{"not_picked":["Well Laid Plans+1","Escape Plan"],"picked":"Bane","floor":21},{"not_picked":["Quick Slash","Poisoned Stab","Underhanded Strike"],"picked":"SKIP","floor":22}],"player_experience":71709,"relics_obtained":[{"floor":7,"key":"Frozen Egg 2"},{"floor":9,"key":"Bag of Marbles"},{"floor":10,"key":"Art of War"}],"event_choices":[{"damage_healed":0,"gold_gain":0,"player_choice":"Bought 0 Potions","damage_taken":0,"max_hp_gain":0,"max_hp_loss":0,"event_name":"The Woman in Blue","floor":5,"gold_loss":0}],"is_beta":false,"boss_relics":[{"not_picked":["Busted Crown","Coffee Dripper"],"picked":"Eternal Feather"}],"items_purged_floors":[19],"is_endless":false,"potions_floor_spawned":[2,4,7,10,20,21],"killed_by":"Slavers","ascension_level":0}