{"path_per_floor":["M","$","?","?","?","M","$","E","T","M","R","T","M","?","R","B",null,"M","?","?","$","?","E","M","M","T","?","R","E","R","M","R","B",null,"M","T","T","M","M","R","$","T","T","R"],"character_chosen":"IRONCLAD","items_purchased":["Rampage","Matryoshka","Offering","Shrug It Off"],"gold_per_floor":[112,37,37,112,112,129,29,59,59,79,79,79,90,90,90,194,194,211,211,211,47,47,76,90,109,109,199,199,231,231,241,241,336,336,346,423,450,466,481,481,59,59,138,138,138],"floor_reached":45,"campfire_rested":3,"playtime":2470,"current_hp_per_floor":[80,80,80,69,69,75,75,21,21,27,51,65,71,71,71,48,94,79,79,79,79,65,30,34,40,40,16,35,30,30,38,57,25,65,65,65,65,69,57,57,57,57,57,57,0],"items_purged":["Strike_R","Strike_R","Defend_R"],"gold":138,"score":497,"play_id":"cacde005-d571-4e4d-8ab6-c4e7833db84c","local_time":"20180416213329","is_prod":false,"is_daily":false,"chose_seed":false,"is_ascension_mode":false,"campfire_upgraded":4,"timestamp":1523939609,"path_taken":["M","$","?","?","?","?","$","E","T","M","R","?","M","?","R","BOSS","M","?","?","$","?","E","?","M","T","?","R","E","R","M","R","BOSS","M","?","?","?","M","R","$","?","T","R","E"],"build_version":"2018-04-12","seed_source_timestamp":508486151554690,"purchased_purges":3,"victory":false,"master_deck":["Defend_R","Defend_R","Defend_R","Shrug It Off+1","Seeing Red+1","Iron Wave+1","Spot Weakness+1","Reaper","Fire Breathing+1","Rampage+1","Bite","Bite","Bite","Bite+1","Bite","Headbutt","Flex+1","Armaments+1","Dramatic Entrance","Rampage","Thunderclap+1","Feed","Headbutt+1","Offering","Shrug It Off"],"max_hp_per_floor":[80,80,80,80,80,80,80,80,80,80,80,94,94,94,94,94,94,94,94,94,94,65,65,65,65,65,65,65,65,65,65,65,65,65,65,65,65,69,72,72,72,72,72,72,72],"relics":["Burning Blood","Thread and Needle","Sundial","Unceasing Top","Mango","Sozu","Omamori","Champion Belt","Vajra","Mark of Pain","Dodecahedron","Whetstone","Matryoshka","Dream Catcher","Self Forming Clay","Orichalcum","Pantograph"],"card_choices":[{"not_picked":["Clothesline","Twin Strike"],"picked":"Shrug It Off","floor":1},{"not_picked":["Body Slam","Rupture"],"picked":"Seeing Red","floor":8},{"not_picked":["Pommel Strike","Heavy Blade"],"picked":"Iron Wave","floor":10},{"not_picked":["Armaments","Twin Strike"],"picked":"Spot Weakness","floor":13},{"not_picked":["Juggernaut","Dark Embrace"],"picked":"Reaper","floor":16},{"not_picked":["Hemokinesis","Flex"],"picked":"Fire Breathing","floor":18},{"not_picked":["Iron Wave","Body Slam"],"picked":"Headbutt","floor":23},{"not_picked":["Perfected Strike","Clothesline"],"picked":"Flex","floor":24},{"not_picked":["Heavy Blade","Disarm"],"picked":"Armaments","floor":25},{"not_picked":["Limit Break","Armaments"],"picked":"Rampage","floor":29},{"not_picked":["Iron Wave","Clothesline"],"picked":"Thunderclap","floor":31},{"not_picked":["Fiend Fire","Double Tap"],"picked":"Feed","floor":33},{"not_picked":["Heavy Blade","Warcry"],"picked":"Headbutt","floor":39}],"player_experience":33489,"potions_floor_usage":[],"damage_taken":[{"damage":5,"enemies":"Cultist","floor":1,"turns":4},{"damage":0,"enemies":"2 Louse","floor":6,"turns":3},{"damage":60,"enemies":"Gremlin Nob","floor":8,"turns":7},{"damage":0,"enemies":"Jaw Worm","floor":10,"turns":4},{"damage":0,"enemies":"Looter","floor":13,"turns":4},{"damage":29,"enemies":"The Guardian","floor":16,"turns":13},{"damage":21,"enemies":"3 Byrds","floor":18,"turns":7},{"damage":57,"enemies":"Book of Stabbing","floor":23,"turns":7},{"damage":12,"enemies":"Spheric Guardian","floor":24,"turns":4},{"damage":18,"enemies":"Snecko","floor":25,"turns":5},{"damage":39,"enemies":"Slavers","floor":29,"turns":6},{"damage":22,"enemies":"Slaver and Parasite","floor":31,"turns":5},{"damage":81,"enemies":"Automaton","floor":33,"turns":11},{"damage":17,"enemies":"3 Darklings","floor":35,"turns":5},{"damage":0,"enemies":"Orb Walker","floor":38,"turns":2},{"damage":24,"enemies":"4 Shapes","floor":39,"turns":3},{"damage":93,"enemies":"Giant Head","floor":45,"turns":8}],"event_choices":[{"event_name":"Upgrade Shrine","player_choice":"Upgraded","floor":3,"damage_taken":0},{"event_name":"World of Goop","player_choice":"Gather Gold","floor":4,"damage_taken":0},{"event_name":"Accursed Blacksmith","player_choice":"Rummage","floor":5,"damage_taken":0},{"event_name":"Bonfire Elementals","player_choice":"BASIC","floor":14,"damage_taken":0},{"event_name":"Ghosts","player_choice":"Ignored","floor":19,"damage_taken":0},{"event_name":"The Woman in Blue","player_choice":"Bought 0 Potions","floor":20,"damage_taken":0},{"event_name":"Vampires","player_choice":"Became a vampire","floor":22,"damage_taken":0},{"event_name":"Knowing Skull","player_choice":"CARD GOLD ","floor":27,"damage_taken":0}],"boss_relics":[{"not_picked":["Ectoplasm","Calling Bell"],"picked":"Sozu"},{"not_picked":["Orrery","Tiny House"],"picked":"Mark of Pain"}],"potions_floor_spawned":[8,18,31,38],"seed_played":"-3708323148282907425","killed_by":"Giant Head","ascension_level":0,"is_trial":false}