{"gold_per_floor":[110,128,146,163,178,178,188,213,281,16,33,33,43,55,55,157,157,173,98,118,138,138,138,148,148],"floor_reached":25,"playtime":1702,"items_purged":["Strike_B"],"score":338,"play_id":"36effb7c-ded2-4ba6-8907-55f4899c9322","local_time":"20190210150203","is_ascension_mode":true,"campfire_choices":[{"floor":6,"key":"REST"},{"floor":12,"key":"REST"},{"data":"White Noise","floor":15,"key":"SMITH"},{"data":"Echo Form","floor":23,"key":"SMITH"}],"neow_cost":"NONE","seed_source_timestamp":9772619836442,"circlet_count":0,"master_deck":["AscendersBane","Strike_B","Strike_B","Strike_B","Defend_B","Defend_B","Defend_B","Defend_B","Zap","Dualcast","Glacier","Consume","Genetic Algorithm","Streamline","White Noise+1","Static Discharge","Electrodynamics","Conserve Battery","Loop","Self Repair","Cold Snap","Echo Form+1","Capacitor","Darkness","Biased Cognition","Stack","Hologram","Double Energy","Skim+1"],"relics":["Cracked Core","Happy Flower","Bag of Preparation","Mercury Hourglass","Orrery"],"potions_floor_usage":[7,8,11,13,20],"damage_taken":[{"damage":1,"enemies":"Cultist","floor":1,"turns":3},{"damage":12,"enemies":"Jaw Worm","floor":2,"turns":2},{"damage":0,"enemies":"2 Louse","floor":3,"turns":2},{"damage":27,"enemies":"Lots of Slimes","floor":4,"turns":7},{"damage":1,"enemies":"2 Fungi Beasts","floor":5,"turns":5},{"damage":7,"enemies":"Exordium Wildlife","floor":7,"turns":3},{"damage":13,"enemies":"Lagavulin","floor":8,"turns":6},{"damage":10,"enemies":"Gremlin Gang","floor":11,"turns":3},{"damage":0,"enemies":"3 Louse","floor":13,"turns":1},{"damage":1,"enemies":"Blue Slaver","floor":14,"turns":2},{"damage":19,"enemies":"Hexaghost","floor":16,"turns":9},{"damage":21,"enemies":"Shell Parasite","floor":18,"turns":6},{"damage":3,"enemies":"Spheric Guardian","floor":20,"turns":5},{"damage":13,"enemies":"Centurion and Healer","floor":21,"turns":9},{"damage":20,"enemies":"Snake Plant","floor":24,"turns":7},{"damage":50,"enemies":"Book of Stabbing","floor":25,"turns":6}],"seed_played":"-15807497612804838","potions_obtained":[{"floor":3,"key":"Energy Potion"},{"floor":7,"key":"Weak Potion"},{"floor":8,"key":"AttackPotion"},{"floor":11,"key":"AttackPotion"},{"floor":13,"key":"FearPotion"},{"floor":20,"key":"FearPotion"}],"is_trial":false,"path_per_floor":["M","M","M","M","M","R","M","E","T","$","M","R","M","M","R","B",null,"M","$","M","M","$","R","M","E"],"character_chosen":"DEFECT","items_purchased":["Electrodynamics","Conserve Battery","Regen Potion"],"campfire_rested":2,"item_purchase_floors":[10,10,19],"current_hp_per_floor":[67,55,55,28,27,49,42,29,29,29,19,41,41,40,40,21,62,48,48,66,67,67,67,47,0],"gold":148,"neow_bonus":"RANDOM_COMMON_RELIC","is_prod":false,"is_daily":false,"chose_seed":false,"campfire_upgraded":2,"win_rate":0,"timestamp":1549778523,"path_taken":["M","M","M","M","M","R","M","E","T","$","M","R","?","M","R","BOSS","M","$","M","M","$","R","M","E"],"build_version":"2019-01-23","purchased_purges":1,"victory":false,"max_hp_per_floor":[75,75,75,75,75,75,75,75,75,75,75,75,75,75,75,75,75,75,75,75,75,75,75,75,75],"card_choices":[{"not_picked":["Leap","Storm"],"picked":"Glacier","floor":1},{"not_picked":["Conserve Battery","Force Field"],"picked":"Consume","floor":2},{"not_picked":["Sweeping Beam","Go for the Eyes"],"picked":"Genetic Algorithm","floor":3},{"not_picked":["Auto Shields","Chaos"],"picked":"Streamline","floor":4},{"not_picked":["Streamline","Cold Snap"],"picked":"White Noise","floor":5},{"not_picked":["FTL","Conserve Battery"],"picked":"Static Discharge","floor":7},{"not_picked":["Beam Cell","White Noise","Storm"],"picked":"SKIP","floor":8},{"not_picked":["Turbo","Glacier"],"picked":"Loop","floor":11},{"not_picked":["Static Discharge","Storm"],"picked":"Self Repair","floor":13},{"not_picked":["Streamline","Rebound"],"picked":"Cold Snap","floor":14},{"not_picked":["Core Surge","Hyperbeam"],"picked":"Echo Form","floor":16},{"not_picked":["Sunder","Rebound"],"picked":"Capacitor","floor":17},{"not_picked":["Cold Snap","Steam Power"],"picked":"Darkness","floor":17},{"not_picked":["Scrape","Beam Cell"],"picked":"Biased Cognition","floor":17},{"not_picked":["Auto Shields","Melter"],"picked":"Stack","floor":17},{"not_picked":["Undo","Consume"],"picked":"Hologram","floor":18},{"not_picked":["Sweeping Beam","Gash","Cold Snap"],"picked":"SKIP","floor":20},{"not_picked":["Compile Driver","Ball Lightning"],"picked":"Double Energy","floor":21},{"not_picked":["Leap","Doom and Gloom"],"picked":"Skim+1","floor":24}],"player_experience":318907,"relics_obtained":[{"floor":8,"key":"Bag of Preparation"},{"floor":9,"key":"Mercury Hourglass"}],"event_choices":[],"is_beta":false,"boss_relics":[{"not_picked":["Tiny House","Snecko Eye"],"picked":"Orrery"}],"items_purged_floors":[10],"is_endless":false,"potions_floor_spawned":[3,7,8,11,13,20,24],"killed_by":"Book of Stabbing","ascension_level":12}