{"gold_per_floor":[15,15,27,4,16,56,83,95,107,119,146,187,209,221,233,245],"floor_reached":16,"playtime":582,"items_purged":[],"score":205,"play_id":"c2c55518-5bf7-42b6-84d0-d337e2c71884","local_time":"20190305104245","is_ascension_mode":true,"campfire_choices":[{"data":"Zap","floor":8,"key":"SMITH"},{"floor":10,"key":"REST"},{"data":"Streamline","floor":15,"key":"SMITH"}],"neow_cost":"NO_GOLD","seed_source_timestamp":167884993142498,"circlet_count":0,"master_deck":["AscendersBane","Strike_B","Strike_B","Strike_B","Defend_B","Defend_B","Defend_B","Zap+1","Dualcast","Compile Driver","Chill","Barrage","Recycle","Streamline+1"],"relics":["Cracked Core","MawBank","Potion Belt","Pantograph","Bag of Preparation"],"potions_floor_usage":[12,12],"damage_taken":[{"damage":9,"enemies":"2 Louse","floor":1,"turns":2},{"damage":50,"enemies":"3 Sentries","floor":6,"turns":8},{"damage":0,"enemies":"Cultist","floor":7,"turns":4},{"damage":5,"enemies":"Jaw Worm","floor":11,"turns":3},{"damage":6,"enemies":"Gremlin Nob","floor":12,"turns":3},{"damage":5,"enemies":"Looter","floor":13,"turns":3},{"damage":59,"enemies":"Hexaghost","floor":16,"turns":10}],"seed_played":"-9041836943986128656","potions_obtained":[{"floor":6,"key":"Weak Potion"},{"floor":11,"key":"FearPotion"}],"is_trial":false,"path_per_floor":["M","?","$","?","?","E","M","R","T","R","M","E","M","$","R","B"],"character_chosen":"DEFECT","items_purchased":[],"campfire_rested":1,"item_purchase_floors":[],"current_hp_per_floor":[55,55,55,71,76,26,26,26,26,48,43,37,32,32,32,0],"gold":245,"neow_bonus":"REMOVE_TWO","is_prod":false,"is_daily":false,"chose_seed":false,"campfire_upgraded":2,"win_rate":0,"timestamp":1551800565,"path_taken":["M","?","?","?","?","E","M","R","T","R","M","E","M","?","R","BOSS"],"build_version":"2019-01-23","purchased_purges":0,"victory":false,"max_hp_per_floor":[71,71,71,71,76,76,76,76,76,76,76,76,76,76,76,76],"card_choices":[{"not_picked":["Storm","Cold Snap"],"picked":"Compile Driver","floor":1},{"not_picked":["Go for the Eyes","Barrage"],"picked":"Chill","floor":6},{"not_picked":["All For One","Hologram"],"picked":"Barrage","floor":7},{"not_picked":["Beam Cell","Force Field","Reprogram"],"picked":"SKIP","floor":11},{"not_picked":["Stack","Redo"],"picked":"Recycle","floor":12},{"not_picked":["Stack","Rip and Tear"],"picked":"Streamline","floor":13}],"player_experience":871802,"relics_obtained":[{"floor":2,"key":"MawBank"},{"floor":6,"key":"Potion Belt"},{"floor":9,"key":"Pantograph"},{"floor":12,"key":"Bag of Preparation"}],"event_choices":[{"damage_healed":0,"gold_gain":0,"player_choice":"Relic","damage_taken":0,"max_hp_gain":0,"max_hp_loss":0,"event_name":"Wheel of Change","floor":2,"gold_loss":0},{"damage_healed":17,"gold_gain":0,"player_choice":"Healed","damage_taken":0,"max_hp_gain":0,"max_hp_loss":0,"event_name":"The Cleric","floor":4,"gold_loss":35},{"damage_healed":0,"gold_gain":0,"player_choice":"Donut","damage_taken":0,"max_hp_gain":5,"max_hp_loss":0,"event_name":"Big Fish","floor":5,"gold_loss":0}],"is_beta":false,"boss_relics":[],"items_purged_floors":[],"is_endless":false,"potions_floor_spawned":[6,11],"killed_by":"Hexaghost","ascension_level":18}