{"path_per_floor":["M","$","M","M","M","R","E","$","T","E","R","?","M","E","R","B",null,"M","$","?","M","?","R","M","?","T","R","E","T","M","M","R","B",null,"M","?","$","M","M","E","?","R","T","E","M","M","R","$","R","B"],"character_chosen":"THE_SILENT","items_purchased":["Cloak And Dagger","Backstab","Infinite Blades","Blood Vial","Accuracy","Cloak And Dagger","Weak Potion"],"gold_per_floor":[367,173,190,206,218,218,247,79,79,104,104,104,117,143,143,248,278,290,11,11,25,25,25,37,37,37,37,66,66,79,94,94,192,192,211,211,90,108,122,152,0,0,0,26,45,56,56,6,6,6],"floor_reached":51,"campfire_rested":5,"playtime":3754,"current_hp_per_floor":[62,62,62,62,58,58,52,52,52,44,44,30,30,18,39,22,70,61,61,61,62,49,49,38,38,48,85,66,66,54,50,92,50,92,74,74,74,65,64,39,39,81,81,59,53,50,50,50,92,22],"items_purged":["Pain","Defend_G","Normality"],"gold":6,"score":745,"play_id":"b32f88da-7d0b-4aa4-8c2e-e0c276c3993a","local_time":"20180417103123","is_prod":false,"is_daily":false,"chose_seed":false,"is_ascension_mode":false,"campfire_upgraded":4,"timestamp":1523986283,"path_taken":["M","$","M","M","M","R","E","$","T","E","R","?","M","E","R","BOSS","M","$","?","M","?","R","M","?","T","R","E","?","?","M","R","BOSS","M","?","$","?","M","E","?","R","T","E","M","?","R","?","R","BOSS"],"build_version":"2018-04-12","seed_source_timestamp":553856691076248,"purchased_purges":3,"victory":true,"master_deck":["Defend_G","Defend_G","Defend_G","Defend_G","Strike_G+1","Strike_G+1","Strike_G","Strike_G","Survivor","Neutralize","Flying Knee","Cloak And Dagger+1","Backstab","PiercingWail","Terror+1","Slice","Cloak And Dagger+1","Infinite Blades+1","Caltrops+1","Bouncing Flask+1","Parasite","Clumsy","Distraction+1","Slice+1","Dash+1","Quick Slash+1","Noxious Fumes+1","Tools of the Trade+1","Backflip+1","Accuracy+1","Cloak And Dagger+1","Reflex+1","Bullet Time+1","Clumsy","Malaise+1"],"max_hp_per_floor":[70,70,70,70,70,70,70,70,70,70,70,70,70,70,70,70,70,70,70,70,70,75,75,75,75,85,85,92,92,92,92,92,92,92,92,92,92,92,92,92,92,92,92,92,92,92,92,92,92,92],"relics":["Ring of the Snake","Toxic Egg 2","Lantern","Orichalcum","Centennial Puzzle","Calling Bell","Frozen Egg 2","Regal Pillow","Tiny Chest","Blood Vial","Pear","Strawberry","Molten Egg 2","Cursed Key","Bronze Scales","Red Mask","Meat on the Bone","Vajra"],"card_choices":[{"not_picked":["Flechettes","Bane"],"picked":"Flying Knee","floor":1},{"not_picked":["Dodge and Roll","Reflex"],"picked":"PiercingWail","floor":3},{"not_picked":["Flying Knee","Prepared"],"picked":"Terror","floor":4},{"not_picked":["Deadly Poison","Choke"],"picked":"Slice","floor":5},{"not_picked":["Bouncing Flask","Backstab"],"picked":"Cloak And Dagger","floor":7},{"not_picked":["Flying Knee","PiercingWail"],"picked":"Caltrops","floor":10},{"not_picked":["Night Terror","Endless Agony"],"picked":"Bouncing Flask","floor":14},{"not_picked":["Tools of the Trade","Storm of Steel"],"picked":"Glass Knife","floor":16},{"not_picked":["Flying Knee","Expertise"],"picked":"Distraction","floor":18},{"not_picked":["Poisoned Stab","Flying Knee"],"picked":"Slice","floor":21},{"not_picked":["Expertise","Flying Knee"],"picked":"Dash","floor":24},{"not_picked":["Choke","Flying Knee"],"picked":"Quick Slash","floor":30},{"not_picked":["Poisoned Stab","Choke"],"picked":"Noxious Fumes","floor":31},{"not_picked":["Unload","Corpse Explosion"],"picked":"Tools of the Trade","floor":33},{"not_picked":["Poisoned Stab","Dodge and Roll"],"picked":"Backflip","floor":35},{"not_picked":["Slice","Sucker Punch"],"picked":"Reflex","floor":38},{"not_picked":["Poisoned Stab","Flying Knee"],"picked":"Bullet Time","floor":40},{"not_picked":["Underhanded Strike","Flying Knee"],"picked":"Malaise","floor":45}],"player_experience":44593,"potions_floor_usage":[16,28,28,33,40,40,44,45,50],"damage_taken":[{"damage":8,"enemies":"Jaw Worm","floor":1,"turns":7},{"damage":0,"enemies":"Cultist","floor":3,"turns":4},{"damage":0,"enemies":"2 Louse","floor":4,"turns":1},{"damage":4,"enemies":"Lots of Slimes","floor":5,"turns":6},{"damage":6,"enemies":"Gremlin Nob","floor":7,"turns":4},{"damage":8,"enemies":"3 Sentries","floor":10,"turns":7},{"damage":0,"enemies":"Blue Slaver","floor":13,"turns":3},{"damage":12,"enemies":"Lagavulin","floor":14,"turns":4},{"damage":17,"enemies":"The Guardian","floor":16,"turns":7},{"damage":9,"enemies":"2 Thieves","floor":18,"turns":3},{"damage":1,"enemies":"3 Byrds","floor":21,"turns":4},{"damage":13,"enemies":"Slaver and Parasite","floor":24,"turns":5},{"damage":26,"enemies":"Slavers","floor":28,"turns":5},{"damage":14,"enemies":"3 Cultists","floor":30,"turns":6},{"damage":6,"enemies":"Snecko","floor":31,"turns":4},{"damage":42,"enemies":"Champ","floor":33,"turns":10},{"damage":18,"enemies":"3 Darklings","floor":35,"turns":6},{"damage":11,"enemies":"3 Shapes","floor":38,"turns":4},{"damage":3,"enemies":"Maw","floor":39,"turns":7},{"damage":27,"enemies":"Nemesis","floor":40,"turns":5},{"damage":24,"enemies":"Giant Head","floor":44,"turns":7},{"damage":20,"enemies":"3 Darklings","floor":45,"turns":3},{"damage":17,"enemies":"Sphere and 2 Shapes","floor":46,"turns":5},{"damage":82,"enemies":"Awakened One","floor":50,"turns":12}],"event_choices":[{"event_name":"Shining Light","player_choice":"Entered Light","floor":12,"damage_taken":0},{"event_name":"Back to Basics","player_choice":"Elegance","floor":20,"damage_taken":0},{"event_name":"Forgotten Altar","player_choice":"Shed Blood","floor":22,"damage_taken":0},{"event_name":"Drug Dealer","player_choice":"Ignored","floor":25,"damage_taken":0},{"event_name":"Tomb of Lord Red Mask","player_choice":"Paid","floor":41,"damage_taken":0}],"boss_relics":[{"not_picked":["Black Star","Astrolabe"],"picked":"Calling Bell"},{"not_picked":["Orrery","Lizard Tail"],"picked":"Cursed Key"}],"potions_floor_spawned":[1,10,14,16,18,28,30,35,38,40],"seed_played":"-4421813062935334275","ascension_level":0,"is_trial":false}