{"gold_per_floor":[367,42,81,117,135,167,167,185,211,211,226,276,276,276,276,399,399,414,414,427,234,244,324,324,324],"floor_reached":25,"playtime":1638,"items_purged":["Strike_B","Dualcast"],"score":281,"play_id":"1a36aa65-40c7-459b-8f54-466538ce6f4f","local_time":"20190107184735","is_ascension_mode":true,"campfire_choices":[{"floor":7,"key":"REST"},{"data":"Darkness","floor":10,"key":"SMITH"},{"floor":13,"key":"REST"},{"data":"Self Repair","floor":15,"key":"SMITH"},{"floor":24,"key":"REST"}],"neow_cost":"TEN_PERCENT_HP_LOSS","seed_source_timestamp":1526792895848220,"circlet_count":0,"master_deck":["Zap","Turbo","HandOfGreed+1","Doom and Gloom","Conserve Battery","Redo","Conserve Battery","Darkness+1","Self Repair+1","Chill","Conserve Battery","Fission","Rainbow","Consume","Blizzard","Fission","Buffer","Creative AI","Darkness","Self Repair","Glacier+1","Amplify"],"relics":["Cracked Core","Prayer Wheel","Smiling Mask","Pandora\u0027s Box","Oddly Smooth Stone","Bag of Preparation"],"potions_floor_usage":[6,11,23,25],"damage_taken":[{"damage":1,"enemies":"2 Louse","floor":1,"turns":2},{"damage":0,"enemies":"Cultist","floor":3,"turns":3},{"damage":0,"enemies":"Small Slimes","floor":4,"turns":2},{"damage":6,"enemies":"Blue Slaver","floor":5,"turns":3},{"damage":35,"enemies":"Lagavulin","floor":6,"turns":6},{"damage":7,"enemies":"Exordium Wildlife","floor":8,"turns":3},{"damage":18,"enemies":"3 Louse","floor":11,"turns":2},{"damage":3,"enemies":"2 Fungi Beasts","floor":12,"turns":6},{"damage":42,"enemies":"The Guardian","floor":16,"turns":8},{"damage":0,"enemies":"Chosen","floor":18,"turns":4},{"damage":13,"enemies":"Spheric Guardian","floor":20,"turns":5},{"damage":23,"enemies":"Centurion and Healer","floor":22,"turns":6},{"damage":52,"enemies":"Slavers","floor":23,"turns":10},{"damage":33,"enemies":"Book of Stabbing","floor":25,"turns":5}],"seed_played":"2567550593678500231","potions_obtained":[{"floor":3,"key":"Energy Potion"},{"floor":5,"key":"Strength Potion"},{"floor":6,"key":"AttackPotion"},{"floor":16,"key":"SkillPotion"},{"floor":18,"key":"FairyPotion"},{"floor":23,"key":"Weak Potion"}],"is_trial":false,"path_per_floor":["M","$","M","M","M","E","R","M","T","R","M","M","R","?","R","B",null,"M","?","M","$","M","E","R","E"],"character_chosen":"DEFECT","items_purchased":["HandOfGreed","Doom and Gloom","Oddly Smooth Stone"],"campfire_rested":3,"item_purchase_floors":[2,2,21],"current_hp_per_floor":[67,67,67,67,61,26,46,39,39,39,28,32,52,52,52,20,56,66,68,65,65,49,13,33,0],"gold":324,"neow_bonus":"TWO_FIFTY_GOLD","is_prod":false,"is_daily":false,"chose_seed":false,"campfire_upgraded":2,"win_rate":0,"timestamp":1546904855,"path_taken":["M","$","M","M","M","E","R","M","T","R","M","M","R","?","R","BOSS","M","?","M","$","?","E","R","E"],"build_version":"2019-01-03v4","purchased_purges":2,"victory":false,"max_hp_per_floor":[68,68,68,68,68,68,68,68,68,68,68,68,68,68,68,68,68,68,68,68,68,68,68,68,68],"card_choices":[{"not_picked":["Hologram","Compile Driver"],"picked":"Turbo","floor":1},{"not_picked":["Rebound","Ball Lightning"],"picked":"Conserve Battery","floor":3},{"not_picked":["Barrage","Compile Driver","Force Field"],"picked":"SKIP","floor":4},{"not_picked":["Barrage","Aggregate"],"picked":"Redo","floor":5},{"not_picked":["Hologram","Ball Lightning"],"picked":"Conserve Battery","floor":6},{"not_picked":["Stack","Tempest"],"picked":"Darkness","floor":8},{"not_picked":["Chill","Hologram"],"picked":"Self Repair","floor":8},{"not_picked":["Ball Lightning","Melter"],"picked":"Chill","floor":11},{"not_picked":["Sweeping Beam","Streamline","Creative AI"],"picked":"SKIP","floor":11},{"not_picked":["Stack","Compile Driver"],"picked":"Conserve Battery","floor":12},{"not_picked":["Scrape","Barrage","Skim"],"picked":"SKIP","floor":12},{"not_picked":["Thunder Strike","Hyperbeam"],"picked":"Fission","floor":16},{"not_picked":["Double Energy","Streamline+1"],"picked":"Darkness","floor":18},{"not_picked":["Lockon","Chill"],"picked":"Self Repair","floor":18},{"not_picked":["Cold Snap+1","Stack"],"picked":"Glacier+1","floor":20},{"not_picked":["Rebound","Steam Power+1","Consume"],"picked":"SKIP","floor":20},{"not_picked":["Aggregate","Redo","Glacier"],"picked":"SKIP","floor":22},{"not_picked":["Beam Cell","Coolheaded+1","Consume"],"picked":"SKIP","floor":22},{"not_picked":["Reprogram","Blizzard+1"],"picked":"Amplify","floor":23}],"player_experience":337972,"relics_obtained":[{"floor":6,"key":"Prayer Wheel"},{"floor":9,"key":"Smiling Mask"},{"floor":23,"key":"Bag of Preparation"}],"event_choices":[{"damage_healed":0,"gold_gain":0,"player_choice":"Upgraded","damage_taken":0,"max_hp_gain":0,"max_hp_loss":0,"event_name":"Upgrade Shrine","floor":14,"gold_loss":0,"cards_upgraded":["HandOfGreed"]},{"cards_removed":["Steam Power"],"damage_healed":2,"gold_gain":0,"player_choice":"Offered Uncommon","damage_taken":0,"max_hp_gain":0,"max_hp_loss":0,"event_name":"Bonfire Elementals","floor":19,"gold_loss":0}],"is_beta":false,"boss_relics":[{"not_picked":["Runic Dome","Runic Pyramid"],"picked":"Pandora\u0027s Box"}],"items_purged_floors":[2,21],"is_endless":false,"potions_floor_spawned":[3,5,6,16,18,23],"killed_by":"Book of Stabbing","ascension_level":5}