{"gold_per_floor":[116,134,5,5,5,36,50,66,66,99,13,47,67,94,94,165,165,184,234,50,69,81,81],"floor_reached":23,"playtime":755,"items_purged":["Strike_R","Strike_R"],"score":567,"play_id":"207e13eb-3228-4736-9bbb-4de6ce6fcae1","local_time":"20190203151754","is_ascension_mode":true,"campfire_choices":[{"floor":15,"key":"REST"}],"neow_cost":"NONE","seed_source_timestamp":1435879765234533,"circlet_count":0,"master_deck":["AscendersBane","Strike_R+1","Strike_R","Strike_R","Defend_R","Defend_R+1","Defend_R","Defend_R","Bash","Carnage+1","Clothesline","Thunderclap","Offering","Battle Trance","True Grit","Cleave","Combust","Flex","Berserk","Evolve","Offering","Seeing Red","Combust","Warcry+1","Sword Boomerang+1"],"relics":["Burning Blood","NeowsBlessing","Regal Pillow","Self Forming Clay","Prayer Wheel","Pear","Mango","Black Star"],"potions_floor_usage":[10,12,12,23,23],"damage_taken":[{"damage":0,"enemies":"Small Slimes","floor":1,"turns":1},{"damage":0,"enemies":"Jaw Worm","floor":2,"turns":1},{"damage":0,"enemies":"Lagavulin","floor":6,"turns":1},{"damage":0,"enemies":"Cultist","floor":7,"turns":2},{"damage":26,"enemies":"Lots of Slimes","floor":8,"turns":4},{"damage":9,"enemies":"Gremlin Nob","floor":10,"turns":3},{"damage":6,"enemies":"Lagavulin","floor":12,"turns":5},{"damage":15,"enemies":"Red Slaver","floor":13,"turns":4},{"damage":39,"enemies":"Gremlin Nob","floor":14,"turns":4},{"damage":53,"enemies":"Slime Boss","floor":16,"turns":6},{"damage":33,"enemies":"2 Thieves","floor":18,"turns":3},{"damage":21,"enemies":"3 Byrds","floor":21,"turns":3},{"damage":25,"enemies":"Sentry and Sphere","floor":22,"turns":5},{"damage":34,"enemies":"Book of Stabbing","floor":23,"turns":3}],"seed_played":"-2041221733687276026","potions_obtained":[{"floor":6,"key":"SpeedPotion"},{"floor":10,"key":"Ancient Potion"},{"floor":16,"key":"FearPotion"},{"floor":22,"key":"LiquidBronze"}],"is_trial":false,"path_per_floor":["M","M","$","?","?","E","M","M","T","E","$","E","M","E","R","B",null,"M","?","$","M","M","E"],"character_chosen":"IRONCLAD","items_purchased":["PowerPotion","Cleave","Combust","Combust"],"campfire_rested":1,"item_purchase_floors":[3,11,11,20],"current_hp_per_floor":[74,75,75,52,52,58,64,44,44,41,41,51,42,23,67,20,79,52,52,52,37,18,0],"gold":81,"neow_bonus":"THREE_ENEMY_KILL","is_prod":false,"is_daily":false,"chose_seed":false,"campfire_upgraded":0,"win_rate":0,"timestamp":1549225074,"path_taken":["M","M","$","?","?","E","M","?","T","E","?","E","M","E","R","BOSS","M","?","$","M","M","E"],"build_version":"2019-01-23","purchased_purges":2,"victory":false,"max_hp_per_floor":[75,75,75,75,75,75,75,75,75,75,75,85,85,99,99,99,99,99,99,99,99,99,99],"card_choices":[{"not_picked":["Armaments","Flame Barrier"],"picked":"Carnage","floor":1},{"not_picked":["Burning Pact","Shrug It Off"],"picked":"Clothesline","floor":2},{"not_picked":["Feel No Pain","Clash"],"picked":"Thunderclap","floor":6},{"not_picked":["True Grit","Sword Boomerang"],"picked":"Offering","floor":7},{"not_picked":["Searing Blow","Clash"],"picked":"Battle Trance","floor":8},{"not_picked":["Intimidate","Twin Strike"],"picked":"True Grit","floor":10},{"not_picked":["Havoc","Body Slam","Clash"],"picked":"SKIP","floor":12},{"not_picked":["Sword Boomerang","Havoc"],"picked":"Flex","floor":13},{"not_picked":["Anger","Metallicize"],"picked":"Berserk","floor":13},{"not_picked":["Flex","Entrench"],"picked":"Evolve","floor":14},{"not_picked":["Limit Break","Brutality"],"picked":"Offering","floor":16},{"not_picked":["Hemokinesis","Perfected Strike"],"picked":"Seeing Red","floor":18},{"not_picked":["Sword Boomerang","Body Slam","Flex"],"picked":"SKIP","floor":18},{"not_picked":["Cleave","Searing Blow"],"picked":"Warcry+1","floor":21},{"not_picked":["Heavy Blade","Reckless Charge","Perfected Strike"],"picked":"SKIP","floor":21},{"not_picked":["Wild Strike","Heavy Blade"],"picked":"Sword Boomerang+1","floor":22},{"not_picked":["Heavy Blade","Flex","Entrench"],"picked":"SKIP","floor":22}],"player_experience":647508,"relics_obtained":[{"floor":6,"key":"Regal Pillow"},{"floor":9,"key":"Self Forming Clay"},{"floor":10,"key":"Prayer Wheel"},{"floor":12,"key":"Pear"},{"floor":14,"key":"Mango"}],"event_choices":[{"damage_healed":0,"gold_gain":0,"player_choice":"Entered Light","damage_taken":23,"max_hp_gain":0,"max_hp_loss":0,"event_name":"Shining Light","floor":4,"gold_loss":0,"cards_upgraded":["Strike_R","Defend_R"]},{"damage_healed":0,"gold_gain":0,"player_choice":"Upgraded","damage_taken":0,"max_hp_gain":0,"max_hp_loss":0,"event_name":"Upgrade Shrine","floor":5,"gold_loss":0,"cards_upgraded":["Carnage"]},{"damage_healed":0,"gold_gain":50,"player_choice":"Stole From Cult","damage_taken":0,"max_hp_gain":0,"max_hp_loss":0,"event_name":"Nest","floor":19,"gold_loss":0}],"is_beta":false,"boss_relics":[{"not_picked":["Calling Bell","Busted Crown"],"picked":"Black Star"}],"items_purged_floors":[3,20],"is_endless":false,"potions_floor_spawned":[6,7,8,10,16,22],"killed_by":"Book of Stabbing","ascension_level":20}