{"gold_per_floor":[114,125,125,139,157,157,90,90,166,74,91,91,106,106,106,205,255,270,27,33,33,52,52,70,70,144,155,181,181,210,224,224,325,325,340,394,91,91,108,108,125,125,152,152,252,252,2,14,14,14],"floor_reached":51,"playtime":3136,"items_purged":["Strike_B"],"score":1046,"play_id":"a7e4bf6a-b33f-45b0-a442-b828c9a979b8","local_time":"20190220090515","is_ascension_mode":true,"campfire_choices":[{"data":"Zap","floor":6.0,"key":"SMITH"},{"data":"Dualcast","floor":8.0,"key":"SMITH"},{"data":"Defragment","floor":12.0,"key":"SMITH"},{"data":"Loop","floor":15.0,"key":"SMITH"},{"floor":23.0,"key":"REST"},{"data":"Creative AI","floor":25.0,"key":"SMITH"},{"data":"Coolheaded","floor":29,"key":"SMITH"},{"floor":32,"key":"REST"},{"data":"Conserve Battery","floor":40,"key":"SMITH"},{"data":"Consume","floor":42,"key":"SMITH"},{"data":"Double Energy","floor":44,"key":"SMITH"},{"floor":49,"key":"REST"}],"neow_cost":"CURSE","seed_source_timestamp":0,"circlet_count":0,"master_deck":["AscendersBane","Strike_B","Strike_B","Strike_B","Defend_B","Defend_B","Defend_B","Defend_B","Zap+1","Dualcast+1","Chill+1","Defragment+1","FTL+1","Coolheaded+1","Loop+1","Conserve Battery+1","Creative AI+1","Double Energy+1","Glacier+1","Core Surge+1","Consume+1","Defragment+1","Electrodynamics+1","Core Surge+1","Defragment+1","Glacier+1","Echo Form+1"],"special_seed":0,"relics":["Cracked Core","StoneCalendar","Spirit Poop","Molten Egg 2","FaceOfCleric","Tiny House","Frozen Egg 2","Mercury Hourglass","Juzu Bracelet","Meat on the Bone","Sozu","Gambling Chip","Orichalcum","Boot","Mango","Pear"],"potions_floor_usage":[28,31,33,50],"damage_taken":[{"damage":1.0,"enemies":"2 Louse","floor":1.0,"turns":2.0},{"damage":1.0,"enemies":"Cultist","floor":2.0,"turns":3.0},{"damage":0.0,"enemies":"Small Slimes","floor":4.0,"turns":3.0},{"damage":9.0,"enemies":"Red Slaver","floor":5.0,"turns":4.0},{"damage":11.0,"enemies":"Gremlin Gang","floor":11.0,"turns":6.0},{"damage":6.0,"enemies":"2 Fungi Beasts","floor":13.0,"turns":4.0},{"damage":12.0,"enemies":"Hexaghost","floor":16.0,"turns":10.0},{"damage":0.0,"enemies":"Chosen","floor":18.0,"turns":6.0},{"damage":17.0,"enemies":"2 Thieves","floor":20.0,"turns":4.0},{"damage":27.0,"enemies":"Snake Plant","floor":22.0,"turns":7.0},{"damage":1.0,"enemies":"Cultist and Chosen","floor":24.0,"turns":7.0},{"damage":6.0,"enemies":"Snecko","floor":27.0,"turns":7.0},{"damage":2,"enemies":"Gremlin Leader","floor":28,"turns":9},{"damage":28,"enemies":"Slavers","floor":30,"turns":5},{"damage":16,"enemies":"Chosen and Byrds","floor":31,"turns":5},{"damage":24,"enemies":"Automaton","floor":33,"turns":14},{"damage":31,"enemies":"3 Darklings","floor":35,"turns":4},{"damage":47,"enemies":"2 Orb Walkers","floor":36,"turns":5},{"damage":6,"enemies":"Orb Walker","floor":39,"turns":3},{"damage":7,"enemies":"Sphere and 2 Shapes","floor":41,"turns":4},{"damage":26,"enemies":"Mind Bloom Boss Battle","floor":45,"turns":7},{"damage":3,"enemies":"4 Shapes","floor":48,"turns":4},{"damage":11,"enemies":"Donu and Deca","floor":50,"turns":14}],"seed_played":"-4704632305651630883","potions_obtained":[{"floor":1.0,"key":"Dexterity Potion"},{"floor":4.0,"key":"Strength Potion"},{"floor":16.0,"key":"Energy Potion"},{"floor":22.0,"key":"Energy Potion"},{"floor":27,"key":"FocusPotion"},{"floor":30,"key":"LiquidBronze"},{"floor":31,"key":"Fire Potion"}],"is_trial":false,"path_per_floor":["M","M","?","M","M","R","$","R","T","$","M","R","M","?","R","B",null,"M","$","M","$","M","R","M","R","T","M","E","R","E","M","R","B",null,"M","?","$","?","M","R","M","R","T","R","?","?","$","M","R","B",null],"character_chosen":"DEFECT","items_purchased":["Defragment","FTL+1","Coolheaded","Frozen Egg 2","Orichalcum","Core Surge+1","Pear"],"campfire_rested":3,"item_purchase_floors":[7,10,10,19,37,37,47],"current_hp_per_floor":[67,66,66,66,57,57,57,57,57,57,46,46,40,40,40,29,69,70,70,54,54,28,53,53,53,53,48,47,47,20,17,43,32,76,58,24,24,80,75,75,69,69,69,69,58,58,68,66,98,88],"gold":14,"neow_bonus":"ONE_RARE_RELIC","is_prod":false,"is_daily":false,"chose_seed":false,"campfire_upgraded":9,"win_rate":0,"timestamp":1550682315,"path_taken":["M","M","?","M","M","R","?","R","T","$","M","R","M","?","R","BOSS","M","$","M","?","M","R","M","R","T","M","E","R","E","M","R","BOSS","M","?","$","?","M","R","M","R","T","R","?","?","$","M","R","BOSS"],"build_version":"2019-01-23","purchased_purges":1,"victory":true,"max_hp_per_floor":[75,75,75,75,75,75,75,75,75,75,75,75,75,75,75,76,81,82,82,83,83,84,84,85,85,85,86,87,87,88,89,89,90,90,91,92,92,80,81,81,82,82,82,82,97,97,107,108,108,109],"card_choices":[{"not_picked":["Turbo","Rebound","Streamline"],"picked":"SKIP","floor":1.0},{"not_picked":["Rebound","Steam","Turbo"],"picked":"SKIP","floor":2.0},{"not_picked":["Hologram","Redo","Static Discharge"],"picked":"SKIP","floor":4.0},{"not_picked":["Hologram","Lockon"],"picked":"Chill","floor":5.0},{"not_picked":["Scrape+1","Hyperbeam+1"],"picked":"Loop","floor":11.0},{"not_picked":["Genetic Algorithm","Loop"],"picked":"Conserve Battery","floor":13.0},{"not_picked":["Rainbow","Biased Cognition"],"picked":"Creative AI","floor":16.0},{"not_picked":["Steam","Conserve Battery"],"picked":"Double Energy","floor":17.0},{"not_picked":["Conserve Battery","Coolheaded"],"picked":"Glacier+1","floor":18.0},{"not_picked":["Steam","Sweeping Beam+1"],"picked":"Core Surge+1","floor":20.0},{"not_picked":["Doom and Gloom+1","Sweeping Beam+1","Beam Cell+1"],"picked":"SKIP","floor":22.0},{"not_picked":["Aggregate","Hologram"],"picked":"Consume","floor":24.0},{"not_picked":["Redo","Static Discharge+1","Hello World+1"],"picked":"SKIP","floor":27},{"not_picked":["Turbo","Chaos","Compile Driver+1"],"picked":"SKIP","floor":28},{"not_picked":["Sweeping Beam+1","Creative AI+1","Hologram"],"picked":"SKIP","floor":30},{"not_picked":["Go for the Eyes+1","Compile Driver+1"],"picked":"Defragment+1","floor":31},{"not_picked":["Amplify","Creative AI+1"],"picked":"Electrodynamics+1","floor":33},{"not_picked":["Chill+1","Beam Cell+1","Rebound+1"],"picked":"SKIP","floor":35},{"not_picked":["Go for the Eyes+1","Rebound+1"],"picked":"Defragment+1","floor":39},{"not_picked":["Rebound+1","Scrape+1","Turbo+1"],"picked":"SKIP","floor":41},{"not_picked":["Steam","Stack+1"],"picked":"Echo Form+1","floor":48}],"player_experience":438269,"relics_obtained":[{"floor":9.0,"key":"Molten Egg 2"},{"floor":26.0,"key":"Mercury Hourglass"},{"floor":28,"key":"Juzu Bracelet"},{"floor":30,"key":"Meat on the Bone"},{"floor":36,"key":"Gambling Chip"},{"floor":43,"key":"Boot"},{"floor":45,"key":"Mango"}],"event_choices":[{"cards_removed":["Clumsy"],"damage_healed":0.0,"max_hp_gain":0.0,"max_hp_loss":0.0,"gold_gain":0.0,"event_name":"Bonfire Elementals","player_choice":"Offered Curse","floor":3.0,"gold_loss":0.0,"damage_taken":0.0,"relics_obtained":["Spirit Poop"]},{"damage_healed":0.0,"max_hp_gain":0.0,"max_hp_loss":0.0,"gold_gain":0.0,"event_name":"FaceTrader","player_choice":"Trade","floor":14.0,"gold_loss":0.0,"damage_taken":0.0,"relics_obtained":["FaceOfCleric"]},{"damage_healed":0,"gold_gain":0,"player_choice":"Fight","damage_taken":0,"max_hp_gain":0,"max_hp_loss":0,"event_name":"Mysterious Sphere","floor":36,"gold_loss":0},{"damage_healed":80,"gold_gain":0,"player_choice":"Heal","damage_taken":0,"max_hp_gain":0,"max_hp_loss":12,"event_name":"The Moai Head","floor":38,"gold_loss":0},{"damage_healed":0,"gold_gain":0,"player_choice":"Fight","damage_taken":0,"max_hp_gain":0,"max_hp_loss":0,"event_name":"MindBloom","floor":45,"gold_loss":0},{"damage_healed":0,"gold_gain":0,"player_choice":"Copied","damage_taken":0,"max_hp_gain":0,"max_hp_loss":0,"event_name":"Duplicator","floor":46,"gold_loss":0,"cards_obtained":["Glacier"]}],"is_beta":false,"boss_relics":[{"not_picked":["Lizard Tail","Eternal Feather"],"picked":"Tiny House"},{"not_picked":["Pandora\u0027s Box","Coffee Dripper"],"picked":"Sozu"}],"items_purged_floors":[37],"is_endless":false,"potions_floor_spawned":[1,4,16,22,27,30,31,36,39,41],"ascension_level":11}