{"gold_per_floor":[112,287,87,104,104,123,123,161,184,225,238,258,4,18,18,137,137,156,180,196,196,19,19,39,39,39,39,63,63],"floor_reached":29,"playtime":1610,"items_purged":["Doubt","Strike_B","Strike_B"],"score":262,"play_id":"d92b6305-22d6-43b8-8fd3-5903741443db","local_time":"20181013193730","is_ascension_mode":false,"campfire_choices":[{"data":"Defragment","floor":7,"key":"SMITH"},{"data":"Capacitor","floor":15,"key":"SMITH"},{"floor":23,"key":"REST"},{"data":"Loop","floor":25,"key":"SMITH"},{"data":"Defragment","floor":27,"key":"SMITH"}],"neow_cost":"NONE","seed_source_timestamp":357340602006072,"circlet_count":0,"master_deck":["Strike_B","Strike_B","Defend_B","Defend_B","Defend_B","Defend_B","Zap","Dualcast+1","Conserve Battery","Defragment","Ball Lightning","Defragment+1","Conserve Battery","FTL","Doom and Gloom","Defragment","Steam","Defragment+1","Capacitor+1","Rainbow+1","Undo","Steam","Loop+1","Redo+1"],"relics":["Cracked Core","Golden Idol","Potion Belt","Centennial Puzzle","Darkstone Periapt","Philosopher\u0027s Stone","Singing Bowl"],"potions_floor_usage":[8,14,16,20,24,28,29],"damage_taken":[{"damage":0,"enemies":"2 Louse","floor":1,"turns":2},{"damage":0,"enemies":"Small Slimes","floor":4,"turns":2},{"damage":0,"enemies":"Jaw Worm","floor":6,"turns":3},{"damage":12,"enemies":"Lagavulin","floor":8,"turns":5},{"damage":10,"enemies":"3 Sentries","floor":10,"turns":6},{"damage":5,"enemies":"3 Louse","floor":11,"turns":2},{"damage":13,"enemies":"Red Slaver","floor":12,"turns":2},{"damage":6,"enemies":"Exordium Thugs","floor":14,"turns":4},{"damage":7,"enemies":"Hexaghost","floor":16,"turns":7},{"damage":24,"enemies":"2 Thieves","floor":18,"turns":4},{"damage":14,"enemies":"Spheric Guardian","floor":19,"turns":5},{"damage":16,"enemies":"Centurion and Healer","floor":20,"turns":5},{"damage":11,"enemies":"Snake Plant","floor":24,"turns":4},{"damage":32,"enemies":"Shelled Parasite and Fungi","floor":28,"turns":7},{"damage":13,"enemies":"Centurion and Healer","floor":29,"turns":1}],"seed_played":"-2772786780935933338","potions_obtained":[{"floor":4,"key":"FearPotion"},{"floor":6,"key":"Swift Potion"},{"floor":10,"key":"FairyPotion"},{"floor":11,"key":"Weak Potion"},{"floor":19,"key":"SkillPotion"},{"floor":20,"key":"FearPotion"}],"is_trial":false,"path_per_floor":["M","?","$","M","?","M","R","E","T","E","M","M","$","M","R","B",null,"M","M","M","?","$","R","M","R","T","R","M"],"character_chosen":"DEFECT","items_purchased":["Defragment","Ball Lightning","Defragment","Regen Potion","PowerPotion"],"campfire_rested":1,"item_purchase_floors":[3,3,13,13,22],"current_hp_per_floor":[75,75,75,75,57,57,57,45,45,35,30,17,17,23,23,16,75,51,37,21,21,21,43,32,32,32,32,9,0],"gold":63,"neow_bonus":"UPGRADE_CARD","is_prod":false,"is_daily":false,"chose_seed":false,"campfire_upgraded":4,"win_rate":0.0,"timestamp":1539473850,"path_taken":["M","?","$","M","?","M","R","E","T","E","M","M","$","?","R","BOSS","M","M","M","?","$","R","M","R","T","R","M","M"],"build_version":"2018-10-11","purchased_purges":3,"victory":false,"max_hp_per_floor":[75,75,75,75,75,75,75,75,75,75,75,75,75,75,75,75,75,75,75,75,75,75,75,75,75,75,75,77,77],"card_choices":[{"not_picked":["Steam","Auto Shields"],"picked":"Conserve Battery","floor":1},{"not_picked":["Barrage","Chaos"],"picked":"Defragment","floor":4},{"not_picked":["Steam Power","Reinforced Body"],"picked":"Conserve Battery","floor":6},{"not_picked":["Sweeping Beam","Beam Cell"],"picked":"FTL","floor":8},{"not_picked":["Streamline","Genetic Algorithm"],"picked":"Doom and Gloom","floor":10},{"not_picked":["Capacitor","Reinforced Body"],"picked":"Defragment","floor":11},{"not_picked":["Auto Shields","Rebound"],"picked":"Steam","floor":12},{"not_picked":["Go for the Eyes","Barrage"],"picked":"Capacitor","floor":14},{"not_picked":["Buffer","Reboot"],"picked":"Rainbow","floor":16},{"not_picked":["Leap","Stack"],"picked":"Undo","floor":18},{"not_picked":["Cold Snap","Leap"],"picked":"Steam","floor":19},{"not_picked":["Double Energy","Streamline"],"picked":"Loop","floor":20},{"not_picked":["Chaos","Fusion+1"],"picked":"Redo+1","floor":24},{"not_picked":["Leap+1","Hello World","White Noise"],"picked":"Singing Bowl","floor":28}],"player_experience":139679,"relics_obtained":[{"floor":8,"key":"Potion Belt"},{"floor":9,"key":"Centennial Puzzle"},{"floor":10,"key":"Darkstone Periapt"},{"floor":26,"key":"Singing Bowl"}],"event_choices":[{"event_name":"Liars Game","player_choice":"agreed","floor":2,"damage_taken":0},{"event_name":"Golden Idol","player_choice":"Take Damage","floor":5,"damage_taken":0},{"event_name":"Upgrade Shrine","player_choice":"Upgraded","floor":21,"damage_taken":0}],"is_beta":false,"boss_relics":[{"not_picked":["Orrery","Ectoplasm"],"picked":"Philosopher\u0027s Stone"}],"items_purged_floors":[3,13,22],"is_endless":false,"potions_floor_spawned":[4,6,10,11,19,20],"killed_by":"Centurion and Healer","ascension_level":0}