{"gold_per_floor":[110,110,35,47,47,47,73,53,80,100,100,116,129,79,79,176,176,196,96,107,22,41,41,41,53,79,79,91,91,122,142,142,242,242,255,255,269,280,294,294,294,294,294,12,37,47,61,74,74,74],"floor_reached":51,"playtime":2402,"items_purged":["Strike_B","Aggregate+1","Defend_B"],"score":989,"play_id":"1c377df1-5268-4b47-ada2-d590b7e13acd","local_time":"20190111104609","is_ascension_mode":true,"campfire_choices":[{"data":"Zap","floor":6,"key":"SMITH"},{"data":"Dualcast","floor":11,"key":"SMITH"},{"data":"Scrape","floor":15,"key":"SMITH"},{"data":"Machine Learning","floor":23,"key":"SMITH"},{"data":"FTL","floor":27,"key":"SMITH"},{"data":"Reboot","floor":29,"key":"SMITH"},{"data":"All For One","floor":32,"key":"SMITH"},{"data":"Beam Cell","floor":40,"key":"SMITH"},{"data":"Beam Cell","floor":42,"key":"SMITH"},{"floor":49,"key":"REST"}],"neow_cost":"NONE","seed_source_timestamp":145128279500644,"circlet_count":0,"master_deck":["Zap+1","Dualcast+1","Scrape+1","Beam Cell+1","Reboot+1","FTL+1","Machine Learning+1","Tempest+1","Reinforced Body+1","BootSequence","All For One+1","Beam Cell+1","Turbo+1","FTL+1","Dramatic Entrance"],"relics":["Cracked Core","NeowsBlessing","Turnip","Bag of Preparation","Astrolabe","Blood Vial","Omamori","Pen Nib","Calling Bell","Darkstone Periapt","Vajra","Ginger","Kunai","Regal Pillow"],"potions_floor_usage":[16,16,33,39,41,50,50,50],"damage_taken":[{"damage":0,"enemies":"2 Louse","floor":1,"turns":1},{"damage":0,"enemies":"Cultist","floor":4,"turns":1},{"damage":0,"enemies":"Gremlin Nob","floor":7,"turns":1},{"damage":0,"enemies":"Jaw Worm","floor":10,"turns":1},{"damage":0,"enemies":"Looter","floor":12,"turns":1},{"damage":8,"enemies":"Exordium Thugs","floor":13,"turns":2},{"damage":35,"enemies":"The Guardian","floor":16,"turns":6},{"damage":0,"enemies":"Spheric Guardian","floor":18,"turns":2},{"damage":0,"enemies":"Chosen","floor":20,"turns":3},{"damage":13,"enemies":"Centurion and Healer","floor":22,"turns":3},{"damage":0,"enemies":"Cultist and Chosen","floor":25,"turns":3},{"damage":0,"enemies":"Snecko","floor":28,"turns":3},{"damage":0,"enemies":"Gremlin Leader","floor":30,"turns":3},{"damage":2,"enemies":"Chosen and Byrds","floor":31,"turns":3},{"damage":8,"enemies":"Champ","floor":33,"turns":4},{"damage":1,"enemies":"3 Shapes","floor":35,"turns":2},{"damage":3,"enemies":"3 Darklings","floor":37,"turns":2},{"damage":0,"enemies":"Transient","floor":38,"turns":5},{"damage":7,"enemies":"4 Shapes","floor":39,"turns":2},{"damage":0,"enemies":"Giant Head","floor":45,"turns":3},{"damage":30,"enemies":"Maw","floor":46,"turns":3},{"damage":0,"enemies":"Writhing Mass","floor":47,"turns":2},{"damage":1,"enemies":"Jaw Worm Horde","floor":48,"turns":2},{"damage":68,"enemies":"Time Eater","floor":50,"turns":6}],"seed_played":"6851452166906820758","potions_obtained":[{"floor":4,"key":"Explosive Potion"},{"floor":8,"key":"LiquidBronze"},{"floor":10,"key":"Dexterity Potion"},{"floor":18,"key":"Swift Potion"},{"floor":22,"key":"Energy Potion"},{"floor":35,"key":"Dexterity Potion"},{"floor":39,"key":"Strength Potion"},{"floor":41,"key":"Fruit Juice"},{"floor":41,"key":"Block Potion"},{"floor":47,"key":"LiquidBronze"}],"is_trial":false,"path_per_floor":["M","?","$","M","?","R","E","?","T","M","R","M","M","?","R","B",null,"M","$","M","?","M","R","?","M","T","R","M","R","E","M","R","B",null,"M","?","M","M","M","R","?","R","T","$","E","M","M","M","R","B",null],"character_chosen":"DEFECT","items_purchased":["LiquidBronze","Dramatic Entrance"],"campfire_rested":1,"item_purchase_floors":[44,44],"current_hp_per_floor":[75,75,75,75,68,68,68,68,68,68,68,68,60,60,60,25,63,63,63,63,63,52,52,52,54,54,54,56,56,58,58,58,52,69,70,70,69,71,66,66,71,71,71,71,73,45,47,48,80,12],"gold":74,"neow_bonus":"THREE_ENEMY_KILL","is_prod":false,"is_daily":false,"chose_seed":false,"campfire_upgraded":9,"win_rate":0,"timestamp":1547221569,"path_taken":["M","?","$","?","?","R","E","?","T","M","R","?","M","?","R","BOSS","M","$","M","?","M","R","?","M","T","R","?","R","E","M","R","BOSS","M","?","M","?","M","R","?","R","T","$","E","?","M","?","R","BOSS"],"build_version":"2019-01-10","purchased_purges":3,"victory":true,"max_hp_per_floor":[75,75,75,75,75,75,75,75,75,75,75,75,75,75,75,75,75,75,75,75,75,75,75,75,75,75,75,75,75,75,75,75,75,75,75,75,75,75,75,75,80,80,80,80,80,80,80,80,80,80],"card_choices":[{"not_picked":["Beam Cell","Redo"],"picked":"Scrape","floor":1},{"not_picked":["Coolheaded","Skim"],"picked":"Beam Cell","floor":4},{"not_picked":["Redo","Double Energy"],"picked":"Reboot","floor":7},{"not_picked":["Stack","Darkness","Redo"],"picked":"SKIP","floor":10},{"not_picked":["Conserve Battery","Leap","Hologram"],"picked":"SKIP","floor":12},{"not_picked":["Undo","Turbo"],"picked":"FTL","floor":13},{"not_picked":["Buffer","Thunder Strike"],"picked":"Machine Learning","floor":16},{"not_picked":["Compile Driver","Rebound","Sweeping Beam"],"picked":"SKIP","floor":18},{"not_picked":["Barrage","Rebound"],"picked":"BootSequence","floor":20},{"not_picked":["Rebound+1","Hello World"],"picked":"All For One","floor":22},{"not_picked":["Coolheaded","Defragment"],"picked":"Beam Cell","floor":25},{"not_picked":["Coolheaded","Genetic Algorithm","Darkness"],"picked":"SKIP","floor":28},{"not_picked":["Undo","Melter","Hologram"],"picked":"SKIP","floor":30},{"not_picked":["Streamline","Rebound+1"],"picked":"Turbo+1","floor":31},{"not_picked":["Stack","Rip and Tear+1","Consume"],"picked":"SKIP","floor":35},{"not_picked":["Rainbow","Streamline"],"picked":"FTL+1","floor":37},{"not_picked":["Leap","Go for the Eyes","Hello World+1"],"picked":"SKIP","floor":38},{"not_picked":["Undo+1","Barrage+1","Glacier"],"picked":"SKIP","floor":39},{"not_picked":["White Noise+1","Ball Lightning+1","Melter+1"],"picked":"SKIP","floor":45},{"not_picked":["Turbo","Beam Cell","Leap"],"picked":"SKIP","floor":46},{"not_picked":["Steam+1","Reprogram+1","Go for the Eyes"],"picked":"SKIP","floor":47},{"not_picked":["Cold Snap","Compile Driver+1","White Noise+1"],"picked":"SKIP","floor":48}],"player_experience":367330,"relics_obtained":[{"floor":7,"key":"Turnip"},{"floor":9,"key":"Bag of Preparation"},{"floor":26,"key":"Omamori"},{"floor":30,"key":"Pen Nib"},{"floor":34,"key":"Darkstone Periapt"},{"floor":34,"key":"Vajra"},{"floor":34,"key":"Ginger"},{"floor":43,"key":"Kunai"},{"floor":45,"key":"Regal Pillow"}],"event_choices":[{"damage_healed":0,"gold_gain":0,"player_choice":"Ignored","damage_taken":0,"max_hp_gain":0,"max_hp_loss":0,"event_name":"Golden Shrine","floor":2,"gold_loss":0},{"cards_removed":["Strike_B"],"damage_healed":0,"gold_gain":0,"player_choice":"Card Removal","damage_taken":7,"max_hp_gain":0,"max_hp_loss":0,"event_name":"Golden Wing","floor":5,"gold_loss":0},{"damage_healed":0,"gold_gain":0,"player_choice":"Bought 1 Potion","damage_taken":0,"max_hp_gain":0,"max_hp_loss":0,"event_name":"The Woman in Blue","floor":8,"gold_loss":0},{"cards_removed":["Defend_B"],"damage_healed":0,"gold_gain":0,"player_choice":"Card Removal","damage_taken":0,"max_hp_gain":0,"max_hp_loss":0,"event_name":"The Cleric","floor":14,"gold_loss":50},{"damage_healed":0,"gold_gain":0,"player_choice":"Obtained Relic","damage_taken":0,"relics_obtained":["Blood Vial"],"max_hp_gain":0,"max_hp_loss":0,"event_name":"Addict","floor":21,"gold_loss":85},{"cards_removed":["Strike_B"],"damage_healed":0,"gold_gain":0,"player_choice":"Offered Basic","damage_taken":0,"max_hp_gain":0,"max_hp_loss":0,"event_name":"Bonfire Elementals","floor":24,"gold_loss":0},{"cards_removed":["Doubt"],"damage_healed":0,"gold_gain":0,"player_choice":"Removed Curses","damage_taken":0,"max_hp_gain":0,"max_hp_loss":0,"event_name":"Fountain of Cleansing","floor":36,"gold_loss":0},{"damage_healed":0,"gold_gain":0,"player_choice":"Got Potions","damage_taken":0,"max_hp_gain":0,"max_hp_loss":0,"event_name":"Lab","floor":41,"gold_loss":0}],"is_beta":false,"boss_relics":[{"not_picked":["Cursed Key","Eternal Feather"],"picked":"Astrolabe"},{"not_picked":["Busted Crown","Nuclear Battery"],"picked":"Calling Bell"}],"items_purged_floors":[3,19,44],"is_endless":false,"potions_floor_spawned":[4,10,12,18,22,30,35,37,39,47],"ascension_level":5}