{"gold_per_floor":[119,137,153,165,176,176,192,203,203,203,13,25,58,73,73,178,178,188,198,211,221,146,146,157,169,169,187,187,203,203],"floor_reached":30,"playtime":1640,"items_purged":[],"score":244,"play_id":"1dca68d7-6a5c-4dcd-9b51-8620cc0f7b4d","local_time":"20190103235007","is_ascension_mode":false,"campfire_choices":[{"data":"Deadly Poison","floor":6,"key":"SMITH"},{"data":"Blur","floor":15,"key":"SMITH"},{"floor":23,"key":"REST"},{"data":"Envenom","floor":28,"key":"SMITH"}],"neow_cost":"PERCENT_DAMAGE","seed_source_timestamp":49363427967370,"circlet_count":0,"master_deck":["Defend_G","Defend_G","Defend_G","Defend_G","Defend_G","Strike_G","Strike_G","Strike_G","Strike_G","Survivor","Neutralize","Die Die Die","Slice","Quick Slash","Deadly Poison+1","Cloak And Dagger","Backflip","Caltrops","Footwork","Blur+1","A Thousand Cuts","Envenom+1","Bane","Leg Sweep","Calculated Gamble","Setup+1","Acrobatics"],"relics":["Ring of the Snake","Mummified Hand","PreservedInsect","Pantograph","Lizard Tail","Thread and Needle"],"potions_floor_usage":[19,21,27,30],"damage_taken":[{"damage":0,"enemies":"Jaw Worm","floor":1,"turns":4},{"damage":2,"enemies":"Small Slimes","floor":2,"turns":4},{"damage":1,"enemies":"Cultist","floor":3,"turns":4},{"damage":3,"enemies":"Blue Slaver","floor":4,"turns":5},{"damage":0,"enemies":"2 Fungi Beasts","floor":5,"turns":2},{"damage":0,"enemies":"Looter","floor":7,"turns":3},{"damage":0,"enemies":"Lots of Slimes","floor":8,"turns":1},{"damage":3,"enemies":"Large Slime","floor":12,"turns":5},{"damage":18,"enemies":"3 Sentries","floor":13,"turns":7},{"damage":0,"enemies":"2 Fungi Beasts","floor":14,"turns":3},{"damage":21,"enemies":"The Guardian","floor":16,"turns":13},{"damage":10,"enemies":"Chosen","floor":18,"turns":6},{"damage":3,"enemies":"3 Byrds","floor":19,"turns":4},{"damage":24,"enemies":"Centurion and Healer","floor":20,"turns":8},{"damage":29,"enemies":"Sentry and Sphere","floor":21,"turns":10},{"damage":15,"enemies":"Snake Plant","floor":24,"turns":5},{"damage":7,"enemies":"Shelled Parasite and Fungi","floor":25,"turns":11},{"damage":20,"enemies":"Centurion and Healer","floor":27,"turns":7},{"damage":18,"enemies":"3 Cultists","floor":29,"turns":6},{"damage":19,"enemies":"Sentry and Sphere","floor":30,"turns":5}],"seed_played":"2825784852722565935","potions_obtained":[{"floor":3,"key":"GhostInAJar"},{"floor":7,"key":"Weak Potion"},{"floor":8,"key":"SteroidPotion"},{"floor":12,"key":"LiquidBronze"},{"floor":16,"key":"GhostInAJar"},{"floor":19,"key":"Weak Potion"},{"floor":25,"key":"Regen Potion"}],"is_trial":false,"path_per_floor":["M","M","M","M","M","R","M","M","T","?","$","M","E","M","R","B",null,"M","M","M","M","?","R","M","M","T","M","R","M","M"],"character_chosen":"THE_SILENT","items_purchased":["PreservedInsect","Caltrops"],"campfire_rested":1,"item_purchase_floors":[11,11],"current_hp_per_floor":[49,47,46,43,43,43,43,43,43,43,43,40,22,22,22,26,70,60,57,33,4,4,25,10,3,3,35,35,17,0],"gold":203,"neow_bonus":"THREE_RARE_CARDS","is_prod":false,"is_daily":false,"chose_seed":false,"campfire_upgraded":3,"win_rate":0.0,"timestamp":1546527007,"path_taken":["M","M","M","M","M","R","M","M","T","?","$","M","E","M","R","BOSS","M","M","M","M","?","R","M","M","T","M","R","M","M"],"build_version":"2018-12-20","purchased_purges":0,"victory":false,"max_hp_per_floor":[70,70,70,70,70,70,70,70,70,70,70,70,70,70,70,70,70,70,70,70,70,70,70,70,70,70,70,70,70,70],"card_choices":[{"not_picked":["Storm of Steel","Grand Finale"],"picked":"Die Die Die","floor":0},{"not_picked":["Flying Knee","Escape Plan","Underhanded Strike"],"picked":"SKIP","floor":1},{"not_picked":["Prepared","Flying Knee","Tactician"],"picked":"SKIP","floor":2},{"not_picked":["Prepared","Blade Dance"],"picked":"Slice","floor":3},{"not_picked":["Prepared","Masterful Stab"],"picked":"Quick Slash","floor":4},{"not_picked":["Phantasmal Killer","All Out Attack"],"picked":"Deadly Poison","floor":5},{"not_picked":["PiercingWail","Flying Knee"],"picked":"Cloak And Dagger","floor":7},{"not_picked":["Outmaneuver","Flying Knee"],"picked":"Backflip","floor":8},{"not_picked":["Setup","Flying Knee","Outmaneuver"],"picked":"SKIP","floor":12},{"not_picked":["Deadly Poison","All Out Attack"],"picked":"Footwork","floor":13},{"not_picked":["Well Laid Plans","Cloak And Dagger"],"picked":"Blur","floor":14},{"not_picked":["Venomology","Malaise"],"picked":"A Thousand Cuts","floor":16},{"not_picked":["Blade Dance","Flying Knee+1","Underhanded Strike"],"picked":"SKIP","floor":18},{"not_picked":["Sucker Punch","Flying Knee"],"picked":"Envenom","floor":19},{"not_picked":["Flechettes","Finisher+1"],"picked":"Bane","floor":20},{"not_picked":["Poisoned Stab+1","Endless Agony"],"picked":"Leg Sweep","floor":21},{"not_picked":["Acrobatics","Setup"],"picked":"Calculated Gamble","floor":24},{"not_picked":["Accuracy","Slice"],"picked":"Setup+1","floor":25},{"not_picked":["Flying Knee+1","Bane"],"picked":"Acrobatics","floor":27},{"not_picked":["Acrobatics","Flechettes+1","Underhanded Strike"],"picked":"SKIP","floor":29}],"player_experience":80831,"relics_obtained":[{"floor":9,"key":"Mummified Hand"},{"floor":13,"key":"Pantograph"},{"floor":26,"key":"Thread and Needle"}],"event_choices":[{"damage_healed":0,"gold_gain":0,"player_choice":"Ignored","damage_taken":0,"max_hp_gain":0,"max_hp_loss":0,"event_name":"Liars Game","floor":10,"gold_loss":0},{"cards_removed":["Strike_G"],"damage_healed":0,"gold_gain":0,"player_choice":"Gave Gold","damage_taken":0,"max_hp_gain":0,"max_hp_loss":0,"event_name":"Beggar","floor":22,"gold_loss":75}],"is_beta":false,"boss_relics":[{"not_picked":["Calling Bell","Sozu"],"picked":"Lizard Tail"}],"items_purged_floors":[],"is_endless":false,"potions_floor_spawned":[3,7,8,12,16,19,25],"killed_by":"Sentry and Sphere","ascension_level":0}