{"gold_per_floor":[114,114,124,140,140,174,174,200,200,211,279,21,33,45,45,45],"floor_reached":16,"playtime":714,"items_purged":[],"score":112,"play_id":"4fa183da-bb29-4977-970b-c3a0ded9a75e","local_time":"20190101213631","is_ascension_mode":false,"campfire_choices":[{"floor":7,"key":"REST"},{"data":"Anger","floor":15,"key":"SMITH"}],"neow_cost":"NONE","seed_source_timestamp":38247533150953,"circlet_count":0,"master_deck":["Strike_R+1","Strike_R","Strike_R","Strike_R","Strike_R+1","Defend_R","Defend_R","Defend_R","Defend_R","Bash","Iron Wave","Anger+1","Metallicize","Clash","Slice"],"relics":["Burning Blood","Regal Pillow","Paper Frog","Boot","Frozen Egg 2","PrismaticShard"],"potions_floor_usage":[],"damage_taken":[{"damage":11,"enemies":"Small Slimes","floor":1,"turns":3},{"damage":5,"enemies":"2 Louse","floor":3,"turns":3},{"damage":1,"enemies":"Cultist","floor":4,"turns":3},{"damage":32,"enemies":"3 Sentries","floor":6,"turns":10},{"damage":27,"enemies":"Lagavulin","floor":8,"turns":6},{"damage":5,"enemies":"Looter","floor":10,"turns":2},{"damage":9,"enemies":"Blue Slaver","floor":13,"turns":4},{"damage":9,"enemies":"2 Fungi Beasts","floor":14,"turns":4},{"damage":53,"enemies":"The Guardian","floor":16,"turns":8}],"seed_played":"3342633930277491489","potions_obtained":[{"floor":4,"key":"PowerPotion"},{"floor":14,"key":"SneckoOil"}],"is_trial":false,"path_per_floor":["M","?","M","M","?","E","R","E","T","M","?","$","M","M","R","B"],"character_chosen":"IRONCLAD","items_purchased":["PrismaticShard","Strength Potion"],"campfire_rested":1,"item_purchase_floors":[12,12],"current_hp_per_floor":[83,65,66,71,59,33,74,53,53,54,54,54,51,48,48,0],"gold":45,"neow_bonus":"TEN_PERCENT_HP_BONUS","is_prod":false,"is_daily":false,"chose_seed":false,"campfire_upgraded":1,"win_rate":0.0,"timestamp":1546346191,"path_taken":["M","?","M","M","?","E","R","E","T","M","?","$","M","M","R","BOSS"],"build_version":"2018-12-20","purchased_purges":0,"victory":false,"max_hp_per_floor":[88,88,88,88,88,88,88,88,88,88,88,88,88,88,88,88],"card_choices":[{"not_picked":["Fire Breathing","Headbutt"],"picked":"Iron Wave","floor":1},{"not_picked":["Armaments","Clash","Pommel Strike"],"picked":"SKIP","floor":3},{"not_picked":["Heavy Blade","Pummel"],"picked":"Anger","floor":4},{"not_picked":["Corruption","Clothesline"],"picked":"Metallicize","floor":6},{"not_picked":["Body Slam","Berserk"],"picked":"Clash","floor":8},{"not_picked":["Seeing Red","Carnage","Sword Boomerang"],"picked":"SKIP","floor":10},{"not_picked":["Outmaneuver","Streamline","Flying Knee"],"picked":"SKIP","floor":13},{"not_picked":["Distraction","Blood for Blood"],"picked":"Slice","floor":14}],"player_experience":15053,"relics_obtained":[{"floor":6,"key":"Paper Frog"},{"floor":8,"key":"Boot"},{"floor":9,"key":"Frozen Egg 2"}],"event_choices":[{"damage_healed":0,"gold_gain":0,"player_choice":"Entered Light","damage_taken":18,"max_hp_gain":0,"max_hp_loss":0,"event_name":"Shining Light","floor":2,"gold_loss":0,"cards_upgraded":["Strike_R","Strike_R"]},{"damage_healed":0,"gold_gain":0,"player_choice":"Success","damage_taken":12,"relics_obtained":["Regal Pillow"],"max_hp_gain":0,"max_hp_loss":0,"event_name":"Scrap Ooze","floor":5,"gold_loss":0},{"damage_healed":0,"gold_gain":68,"player_choice":"Gained Gold","damage_taken":0,"max_hp_gain":0,"max_hp_loss":0,"event_name":"Golden Wing","floor":11,"gold_loss":0}],"is_beta":false,"boss_relics":[],"items_purged_floors":[],"is_endless":false,"potions_floor_spawned":[4,14],"killed_by":"The Guardian","ascension_level":0}