{"gold_per_floor":[115,115,115,131,131,161,161,174,174,174,193,193,29,304,304,405,405,345,345,345,364,9,9,9,9,58,78,78,98,123,123,123,222,222,241,258,258,55,0,0,28,28,98,48,48,66,66,16,16,16],"floor_reached":51,"playtime":3564,"items_purged":["Decay","Regret","Shame","Defend_B","Defend_B"],"score":969,"play_id":"bc06e127-22ca-45f8-8d1c-dcd1f8c015d4","local_time":"20190212183406","is_ascension_mode":true,"campfire_choices":[{"data":"Zap","floor":7.0,"key":"SMITH"},{"data":"Dualcast","floor":10.0,"key":"SMITH"},{"floor":15.0,"key":"REST"},{"data":"Go for the Eyes","floor":23.0,"key":"SMITH"},{"data":"Capacitor","floor":25.0,"key":"SMITH"},{"data":"Undo","floor":28.0,"key":"SMITH"},{"data":"Echo Form","floor":32.0,"key":"SMITH"},{"data":"Loop","floor":40,"key":"SMITH"},{"data":"Madness","floor":45,"key":"SMITH"},{"data":"Consume","floor":47,"key":"SMITH"},{"data":"Madness","floor":49,"key":"SMITH"}],"neow_cost":"NONE","seed_source_timestamp":94667419995705,"circlet_count":0,"master_deck":["Defend_B","Defend_B","Zap+1","Dualcast+1","Undo+1","Conserve Battery+1","Capacitor+1","Conserve Battery+1","Go for the Eyes+1","Self Repair","Echo Form+1","Bite","Bite","Bite","Bite","Bite","Coolheaded+1","Glacier+1","Loop+1","Consume+1","Madness+1","Madness+1"],"special_seed":0,"relics":["FrozenCore","NeowsBlessing","Letter Opener","Pear","Velvet Choker","Singing Bowl","Darkstone Periapt","Smiling Mask","Bottled Lightning","Bag of Marbles","Red Mask","Pen Nib","Dodecahedron"],"potions_floor_usage":[41,41,50,50],"damage_taken":[{"damage":0.0,"enemies":"2 Louse","floor":1.0,"turns":1.0},{"damage":0.0,"enemies":"Small Slimes","floor":4.0,"turns":1.0},{"damage":0.0,"enemies":"Gremlin Nob","floor":6.0,"turns":1.0},{"damage":5.0,"enemies":"Cultist","floor":8.0,"turns":4.0},{"damage":8.0,"enemies":"Looter","floor":11.0,"turns":4.0},{"damage":24.0,"enemies":"Slime Boss","floor":16.0,"turns":9.0},{"damage":2.0,"enemies":"2 Thieves","floor":18.0,"turns":4.0},{"damage":8.0,"enemies":"Shell Parasite","floor":21.0,"turns":7.0},{"damage":19.0,"enemies":"Shelled Parasite and Fungi","floor":27.0,"turns":9.0},{"damage":22.0,"enemies":"Snake Plant","floor":29.0,"turns":7.0},{"damage":41.0,"enemies":"Slavers","floor":30.0,"turns":9.0},{"damage":0.0,"enemies":"Cultist and Chosen","floor":31.0,"turns":1.0},{"damage":38.0,"enemies":"Automaton","floor":33.0,"turns":18.0},{"damage":31.0,"enemies":"Orb Walker","floor":35.0,"turns":9.0},{"damage":11.0,"enemies":"3 Darklings","floor":36.0,"turns":9.0},{"damage":72,"enemies":"Giant Head","floor":41,"turns":18},{"damage":19,"enemies":"Spire Growth","floor":46,"turns":10},{"damage":22,"enemies":"Donu and Deca","floor":50,"turns":22}],"seed_played":"-3383096259911921723","potions_obtained":[{"floor":1.0,"key":"SteroidPotion"},{"floor":4.0,"key":"PowerPotion"},{"floor":5.0,"key":"FairyPotion"},{"floor":5.0,"key":"EntropicBrew"},{"floor":27.0,"key":"SpeedPotion"},{"floor":29.0,"key":"SmokeBomb"},{"floor":35.0,"key":"SkillPotion"}],"is_trial":false,"path_per_floor":["M","?","?","M","?","E","R","M","T","R","M","?","$","?","R","B",null,"M","?","?","M","$","R","?","R","T","M","R","M","E","M","R","B",null,"M","M","?","$","?","R","E","?","T","$","R","M","R","$","R","B",null],"character_chosen":"DEFECT","items_purchased":["Go for the Eyes","Self Repair","Singing Bowl","Bag of Marbles"],"campfire_rested":1,"item_purchase_floors":[13,13,22,38],"current_hp_per_floor":[68,43,43,43,43,53,53,48,48,48,40,23,23,23,48,31,72,77,59,49,61,61,61,67,67,67,72,72,72,58,58,58,76,76,62,78,78,78,78,78,42,32,32,32,32,44,44,44,44,80],"gold":16,"neow_bonus":"THREE_ENEMY_KILL","is_prod":false,"is_daily":false,"chose_seed":false,"campfire_upgraded":10,"win_rate":0,"timestamp":1550025246,"path_taken":["M","?","?","?","?","E","R","?","T","R","M","?","?","?","R","BOSS","M","?","?","M","?","R","?","R","T","M","R","M","E","M","R","BOSS","M","M","?","$","?","R","E","?","T","?","R","M","R","$","R","BOSS"],"build_version":"2019-01-23","purchased_purges":5,"victory":true,"max_hp_per_floor":[75,75,75,75,75,85,85,85,85,85,85,85,85,85,85,85,85,85,59,64,64,64,64,70,70,70,72,72,72,74,74,74,76,76,76,78,78,78,78,78,78,78,78,78,78,80,80,80,80,80],"card_choices":[{"not_picked":["Auto Shields","Sweeping Beam","Leap"],"picked":"SKIP","floor":1.0},{"not_picked":["Beam Cell","Streamline"],"picked":"Undo","floor":4.0},{"not_picked":["Leap","Compile Driver"],"picked":"Conserve Battery","floor":6.0},{"not_picked":["Sweeping Beam","Gash"],"picked":"Capacitor","floor":8.0},{"not_picked":["Stack","Undo"],"picked":"Conserve Battery","floor":11.0},{"not_picked":["Seek","Core Surge"],"picked":"Echo Form","floor":16.0},{"not_picked":["Undo+1","Conserve Battery","Rebound"],"picked":"SKIP","floor":18.0},{"not_picked":["Compile Driver+1","Gash"],"picked":"Coolheaded+1","floor":21.0},{"not_picked":["Genetic Algorithm","Rebound","Steam+1"],"picked":"Singing Bowl","floor":27.0},{"not_picked":["Steam+1","White Noise+1"],"picked":"Glacier+1","floor":29.0},{"not_picked":["Biased Cognition","Ball Lightning+1","Sunder"],"picked":"Singing Bowl","floor":30.0},{"not_picked":["Reboot","Creative AI","Thunder Strike"],"picked":"Singing Bowl","floor":33.0},{"not_picked":["Steam+1","Sunder"],"picked":"Loop","floor":35.0},{"not_picked":["Sweeping Beam+1","Double Energy","Rebound+1"],"picked":"Singing Bowl","floor":36.0},{"not_picked":["Streamline","Scrape"],"picked":"Consume","floor":41},{"not_picked":["Redo+1","Streamline+1","Turbo"],"picked":"Singing Bowl","floor":46}],"player_experience":348629,"relics_obtained":[{"floor":6.0,"key":"Pear"},{"floor":26.0,"key":"Smiling Mask"},{"floor":30.0,"key":"Bottled Lightning"},{"floor":41,"key":"Pen Nib"},{"floor":43,"key":"Dodecahedron"}],"event_choices":[{"damage_healed":0.0,"max_hp_gain":0.0,"max_hp_loss":0.0,"gold_gain":0.0,"event_name":"Scrap Ooze","player_choice":"Success","floor":2.0,"gold_loss":0.0,"damage_taken":25.0,"relics_obtained":["Letter Opener"]},{"damage_healed":0.0,"max_hp_gain":0.0,"max_hp_loss":0.0,"gold_gain":0.0,"event_name":"Wheel of Change","player_choice":"Cursed","floor":3.0,"gold_loss":0.0,"damage_taken":0.0,"cards_obtained":["Decay"]},{"damage_healed":0.0,"max_hp_gain":0.0,"max_hp_loss":0.0,"gold_gain":0.0,"event_name":"Lab","player_choice":"Got Potions","floor":5.0,"gold_loss":0.0,"damage_taken":0.0},{"damage_healed":0.0,"max_hp_gain":0.0,"max_hp_loss":0.0,"gold_gain":0.0,"event_name":"Shining Light","player_choice":"Entered Light","floor":12.0,"gold_loss":0.0,"damage_taken":17.0,"cards_upgraded":["Conserve Battery","Conserve Battery"]},{"damage_healed":0.0,"max_hp_gain":0.0,"max_hp_loss":0.0,"gold_gain":275.0,"event_name":"Golden Shrine","player_choice":"Desecrate","floor":14.0,"gold_loss":0.0,"damage_taken":0.0,"cards_obtained":["Regret"]},{"damage_healed":0.0,"max_hp_gain":0.0,"max_hp_loss":26.0,"gold_gain":0.0,"event_name":"Vampires","player_choice":"Became a vampire","floor":19.0,"gold_loss":0.0,"damage_taken":0.0,"cards_obtained":["Bite","Bite","Bite","Bite","Bite"]},{"damage_healed":0.0,"max_hp_gain":5.0,"max_hp_loss":0.0,"gold_gain":0.0,"event_name":"Forgotten Altar","player_choice":"Shed Blood","floor":20.0,"gold_loss":0.0,"damage_taken":15.0},{"damage_healed":0.0,"max_hp_gain":0.0,"max_hp_loss":0.0,"gold_gain":0.0,"event_name":"Addict","player_choice":"Stole Relic","floor":24.0,"gold_loss":0.0,"damage_taken":0.0,"relics_obtained":["Darkstone Periapt"],"cards_obtained":["Shame"]},{"damage_healed":0,"gold_gain":0,"player_choice":"Ignored","damage_taken":0,"max_hp_gain":0,"max_hp_loss":0,"event_name":"Mysterious Sphere","floor":37,"gold_loss":0},{"damage_healed":0,"gold_gain":0,"player_choice":"Paid","damage_taken":0,"relics_obtained":["Red Mask"],"max_hp_gain":0,"max_hp_loss":0,"event_name":"Tomb of Lord Red Mask","floor":39,"gold_loss":55},{"damage_healed":0,"gold_gain":0,"player_choice":"Embrace Madness","damage_taken":10,"max_hp_gain":0,"max_hp_loss":0,"event_name":"Winding Halls","floor":42,"gold_loss":0,"cards_obtained":["Madness","Madness"]}],"is_beta":false,"boss_relics":[{"not_picked":["Tiny House","Orrery"],"picked":"Velvet Choker"},{"not_picked":["Pandora\u0027s Box","Empty Cage"],"picked":"FrozenCore"}],"items_purged_floors":[13,22,38,44,48],"is_endless":false,"potions_floor_spawned":[1,4,8,27,29,35,36,41],"ascension_level":7}