{"gold_per_floor":[113,131,147,158,174,174,193,67,67,67,86,106,135,152,152,249,249,265,64,75,95,109,138,0,0,0,0,16,36,54,64,64,64],"floor_reached":33,"playtime":2002,"items_purged":[],"score":329,"play_id":"933127fd-357f-41f7-919e-31d827efa3c0","local_time":"20190101212222","is_ascension_mode":false,"campfire_choices":[{"data":"Uppercut","floor":6,"key":"SMITH"},{"data":"Limit Break","floor":15,"key":"SMITH"},{"floor":25,"key":"REST"},{"floor":32,"key":"REST"}],"neow_cost":"NONE","seed_source_timestamp":36108528454710,"circlet_count":0,"master_deck":["Strike_R","Strike_R","Strike_R","Strike_R","Strike_R","Defend_R","Defend_R","Defend_R","Defend_R","Bash","Feed","Heavy Blade","Flex","Uppercut+1","Iron Wave","Rampage","Flex","Limit Break+1","Anger","Feed","Dual Wield","Feed","Inflame","Iron Wave","Headbutt","Heavy Blade","Rupture","Uppercut+1","Metallicize","Infernal Blade","Infernal Blade"],"relics":["Burning Blood","Letter Opener","Thread and Needle","Mark of Pain","Shuriken","Ice Cream"],"potions_floor_usage":[16,16,23,29,33,33],"damage_taken":[{"damage":5,"enemies":"2 Louse","floor":1,"turns":3},{"damage":6,"enemies":"Jaw Worm","floor":2,"turns":4},{"damage":0,"enemies":"Cultist","floor":3,"turns":2},{"damage":10,"enemies":"Looter","floor":4,"turns":3},{"damage":22,"enemies":"Large Slime","floor":5,"turns":5},{"damage":1,"enemies":"2 Fungi Beasts","floor":7,"turns":3},{"damage":9,"enemies":"Red Slaver","floor":11,"turns":3},{"damage":29,"enemies":"3 Louse","floor":12,"turns":3},{"damage":10,"enemies":"Gremlin Nob","floor":13,"turns":4},{"damage":1,"enemies":"Looter","floor":14,"turns":2},{"damage":8,"enemies":"The Guardian","floor":16,"turns":8},{"damage":6,"enemies":"Chosen","floor":18,"turns":3},{"damage":5,"enemies":"Shell Parasite","floor":20,"turns":5},{"damage":19,"enemies":"Cultist and Chosen","floor":21,"turns":5},{"damage":26,"enemies":"Snecko","floor":22,"turns":5},{"damage":88,"enemies":"Gremlin Leader","floor":23,"turns":6},{"damage":9,"enemies":"Centurion and Healer","floor":28,"turns":5},{"damage":4,"enemies":"3 Cultists","floor":29,"turns":4},{"damage":21,"enemies":"Snake Plant","floor":30,"turns":3},{"damage":12,"enemies":"Cultist and Chosen","floor":31,"turns":6},{"damage":89,"enemies":"Collector","floor":33,"turns":7}],"seed_played":"137291828310802318","potions_obtained":[{"floor":2,"key":"EssenceOfSteel"},{"floor":5,"key":"SkillPotion"},{"floor":7,"key":"AttackPotion"},{"floor":14,"key":"Strength Potion"},{"floor":16,"key":"Explosive Potion"},{"floor":22,"key":"FairyPotion"},{"floor":30,"key":"Explosive Potion"},{"floor":31,"key":"SkillPotion"}],"is_trial":false,"path_per_floor":["M","M","M","M","M","R","M","$","T","?","M","M","E","M","R","B",null,"M","$","M","M","M","E","?","R","T","?","M","M","M","M","R","B"],"character_chosen":"IRONCLAD","items_purchased":["Rampage","Flex","Inflame","Iron Wave","BloodPotion"],"campfire_rested":2,"item_purchase_floors":[8,8,19,19,19],"current_hp_per_floor":[83,83,86,82,69,69,77,77,77,77,77,57,53,58,58,56,98,101,101,101,91,74,16,16,48,48,48,45,50,35,35,69,0],"gold":64,"neow_bonus":"ONE_RANDOM_RARE_CARD","is_prod":false,"is_daily":false,"chose_seed":false,"campfire_upgraded":2,"win_rate":0.0,"timestamp":1546345342,"path_taken":["M","M","M","M","M","R","M","$","T","?","M","M","E","M","R","BOSS","M","$","M","M","M","E","?","R","T","?","M","M","M","M","R","BOSS"],"build_version":"2018-12-20","purchased_purges":0,"victory":false,"max_hp_per_floor":[83,83,86,86,89,89,92,92,92,92,95,98,98,98,98,98,98,101,101,101,104,107,107,107,107,107,107,107,110,110,116,116,116],"card_choices":[{"not_picked":["Pommel Strike","Clothesline"],"picked":"Heavy Blade","floor":1},{"not_picked":["Thunderclap","Shrug It Off"],"picked":"Flex","floor":2},{"not_picked":["Armaments","Feel No Pain","Body Slam"],"picked":"SKIP","floor":3},{"not_picked":["Warcry","Power Through","Feel No Pain"],"picked":"SKIP","floor":4},{"not_picked":["Flex","Clothesline"],"picked":"Uppercut","floor":5},{"not_picked":["Sever Soul","Bloodletting"],"picked":"Iron Wave","floor":7},{"not_picked":["Perfected Strike","Burning Pact"],"picked":"Limit Break","floor":11},{"not_picked":["Infernal Blade","Warcry"],"picked":"Anger","floor":12},{"not_picked":["Warcry","Thunderclap"],"picked":"Feed","floor":13},{"not_picked":["Shrug It Off","Thunderclap"],"picked":"Dual Wield","floor":14},{"not_picked":["Reaper","Fiend Fire"],"picked":"Feed","floor":16},{"not_picked":["Body Slam","Feel No Pain","Pommel Strike"],"picked":"SKIP","floor":18},{"not_picked":["Armaments","Flex"],"picked":"Headbutt","floor":20},{"not_picked":["Perfected Strike+1","Clothesline"],"picked":"Heavy Blade","floor":21},{"not_picked":["Second Wind","Shockwave+1"],"picked":"Rupture","floor":22},{"not_picked":["Seeing Red","True Grit"],"picked":"Uppercut+1","floor":23},{"not_picked":["Flex","Rage"],"picked":"Metallicize","floor":28},{"not_picked":["Sword Boomerang","Corruption","Warcry"],"picked":"SKIP","floor":29},{"not_picked":["Rampage","Clothesline"],"picked":"Infernal Blade","floor":30},{"not_picked":["Carnage","True Grit"],"picked":"Infernal Blade","floor":31}],"player_experience":12969,"relics_obtained":[{"floor":9,"key":"Letter Opener"},{"floor":13,"key":"Thread and Needle"},{"floor":23,"key":"Shuriken"},{"floor":26,"key":"Ice Cream"}],"event_choices":[{"damage_healed":0,"gold_gain":0,"player_choice":"Ignored","damage_taken":0,"max_hp_gain":0,"max_hp_loss":0,"event_name":"Liars Game","floor":10,"gold_loss":0},{"damage_healed":0,"gold_gain":0,"player_choice":"Paid Fearfully","damage_taken":0,"max_hp_gain":0,"max_hp_loss":0,"event_name":"Masked Bandits","floor":24,"gold_loss":138}],"is_beta":false,"boss_relics":[{"not_picked":["Empty Cage","Orrery"],"picked":"Mark of Pain"}],"items_purged_floors":[],"is_endless":false,"potions_floor_spawned":[2,5,7,12,14,16,21,22,30,31],"killed_by":"Collector","ascension_level":0}