{"gold_per_floor":[361,311,325,50,225,271,271,282,282,282,282,133,133,164,164,238,238,250,39,78,78],"floor_reached":21,"playtime":1058,"items_purged":["Strike_G"],"score":301,"play_id":"0b025fba-e892-4f03-8bf3-d2325265b50e","local_time":"20190224211017","is_ascension_mode":true,"campfire_choices":[{"data":"Neutralize","floor":7,"key":"SMITH"},{"data":"Dash","floor":11,"key":"SMITH"},{"data":"Dagger Spray","floor":13,"key":"SMITH"},{"data":"Footwork","floor":15,"key":"SMITH"}],"neow_cost":"TEN_PERCENT_HP_LOSS","seed_source_timestamp":112149116611474,"circlet_count":0,"master_deck":["AscendersBane","Defend_G","Defend_G","Defend_G","Defend_G","Defend_G","Strike_G","Strike_G","Strike_G","Survivor","Neutralize+1","Dagger Spray+1","Noxious Fumes+1","Dash+1","HandOfGreed","Doubt","Bullet Time","Infinite Blades","Footwork+1","Corpse Explosion","Well Laid Plans","Cloak And Dagger"],"relics":["Ring of the Snake","Pocketwatch","Blue Candle","Philosopher\u0027s Stone","Membership Card"],"potions_floor_usage":[6,16,20],"damage_taken":[{"damage":1,"enemies":"2 Louse","floor":1,"turns":3},{"damage":0,"enemies":"Small Slimes","floor":3,"turns":4},{"damage":42,"enemies":"Lagavulin","floor":6,"turns":8},{"damage":0,"enemies":"Cultist","floor":8,"turns":4},{"damage":0,"enemies":"2 Fungi Beasts","floor":14,"turns":2},{"damage":18,"enemies":"The Guardian","floor":16,"turns":9},{"damage":13,"enemies":"Spheric Guardian","floor":18,"turns":6},{"damage":18,"enemies":"3 Byrds","floor":20,"turns":6},{"damage":21,"enemies":"Centurion and Healer","floor":21,"turns":3}],"seed_played":"6099597058610215549","potions_obtained":[{"floor":1,"key":"Explosive Potion"},{"floor":3,"key":"Regen Potion"},{"floor":14,"key":"LiquidBronze"},{"floor":18,"key":"Strength Potion"}],"is_trial":false,"path_per_floor":["M","?","M","$","?","E","R","M","T","?","R","$","R","M","R","B",null,"M","$","M","M"],"character_chosen":"THE_SILENT","items_purchased":["Dash","HandOfGreed","Infinite Blades","Membership Card","Well Laid Plans"],"campfire_rested":0,"item_purchase_floors":[4,4,12,19,19],"current_hp_per_floor":[58,58,58,58,58,30,30,30,30,30,30,30,30,30,30,12,48,35,35,17,0],"gold":78,"neow_bonus":"TWO_FIFTY_GOLD","is_prod":false,"is_daily":false,"chose_seed":false,"campfire_upgraded":4,"win_rate":0,"timestamp":1551071417,"path_taken":["M","?","M","$","?","E","R","M","T","?","R","$","R","M","R","BOSS","M","$","?","M"],"build_version":"2019-01-23","purchased_purges":1,"victory":false,"max_hp_per_floor":[60,60,60,60,60,60,60,60,60,60,60,60,60,60,60,60,60,60,60,60,60],"card_choices":[{"not_picked":["Expertise","Calculated Gamble"],"picked":"Dagger Spray","floor":1},{"not_picked":["Dagger Spray","Poisoned Stab"],"picked":"Noxious Fumes","floor":3},{"not_picked":["Escape Plan","Catalyst"],"picked":"Bullet Time","floor":6},{"not_picked":["Bane","Blur","Underhanded Strike"],"picked":"SKIP","floor":8},{"not_picked":["Reflex","Dash"],"picked":"Footwork","floor":14},{"not_picked":["Bullet Time","Night Terror"],"picked":"Corpse Explosion","floor":16},{"not_picked":["Outmaneuver","Choke","Eviscerate"],"picked":"SKIP","floor":18},{"not_picked":["Backflip","Dodge and Roll+1"],"picked":"Cloak And Dagger","floor":20}],"player_experience":506227,"relics_obtained":[{"floor":6,"key":"Pocketwatch"},{"floor":9,"key":"Blue Candle"}],"event_choices":[{"cards_removed":["Strike_G"],"damage_healed":0,"gold_gain":0,"player_choice":"Card Removal","damage_taken":0,"max_hp_gain":0,"max_hp_loss":0,"event_name":"The Cleric","floor":2,"gold_loss":50},{"damage_healed":0,"gold_gain":175,"player_choice":"AGREE","damage_taken":0,"max_hp_gain":0,"max_hp_loss":0,"event_name":"Liars Game","floor":5,"gold_loss":0,"cards_obtained":["Doubt"]},{"damage_healed":0,"gold_gain":0,"player_choice":"Upgraded","damage_taken":0,"max_hp_gain":0,"max_hp_loss":0,"event_name":"Upgrade Shrine","floor":10,"gold_loss":0,"cards_upgraded":["Noxious Fumes"]}],"is_beta":false,"boss_relics":[{"not_picked":["Fusion Hammer","HoveringKite"],"picked":"Philosopher\u0027s Stone"}],"items_purged_floors":[12],"is_endless":false,"potions_floor_spawned":[1,3,14,18],"killed_by":"Centurion and Healer","ascension_level":14}