{"gold_per_floor":[118,134,59,79,79,104,104,117,117,132,145,75,91,119,119,216,266,281,206,216,216,233,233],"floor_reached":23,"playtime":979,"items_purged":["Strike_G"],"score":293,"play_id":"33eee616-b077-48ec-b768-9295e1faec5a","local_time":"20190110170904","is_ascension_mode":true,"campfire_choices":[{"data":"Noxious Fumes","floor":7.0,"key":"SMITH"},{"data":"Adrenaline","floor":15.0,"key":"SMITH"}],"neow_cost":"NONE","seed_source_timestamp":23205913474869,"circlet_count":0,"master_deck":["Defend_G","Defend_G+1","Defend_G","Defend_G","Defend_G","Strike_G","Strike_G","Survivor","Neutralize","Deadly Poison","Adrenaline+1","PiercingWail","Dagger Spray","Bane","Deflect","Noxious Fumes+1","Deflect","Noxious Fumes","PiercingWail","Calculated Gamble","Blur","Acrobatics","Die Die Die","Catalyst","Deadly Poison","Backflip+1"],"special_seed":0,"relics":["Orrery","Mummified Hand","Bottled Lightning","Ornamental Fan","Tiny House"],"potions_floor_usage":[16,20,22,23,23,23],"damage_taken":[{"damage":0.0,"enemies":"Cultist","floor":1.0,"turns":3.0},{"damage":0.0,"enemies":"2 Louse","floor":2.0,"turns":3.0},{"damage":0.0,"enemies":"Jaw Worm","floor":4.0,"turns":4.0},{"damage":14.0,"enemies":"Lagavulin","floor":6.0,"turns":7.0},{"damage":5.0,"enemies":"2 Fungi Beasts","floor":8.0,"turns":3.0},{"damage":2.0,"enemies":"3 Louse","floor":10.0,"turns":3.0},{"damage":0.0,"enemies":"Lots of Slimes","floor":11.0,"turns":3.0},{"damage":0.0,"enemies":"Exordium Wildlife","floor":13.0,"turns":4.0},{"damage":7.0,"enemies":"3 Sentries","floor":14.0,"turns":6.0},{"damage":0,"enemies":"Hexaghost","floor":16,"turns":9},{"damage":0,"enemies":"Shell Parasite","floor":18,"turns":5},{"damage":14,"enemies":"2 Thieves","floor":20,"turns":4},{"damage":35,"enemies":"Sentry and Sphere","floor":22,"turns":6},{"damage":12,"enemies":"Gremlin Leader","floor":23,"turns":4}],"seed_played":"1425987287979819201","potions_obtained":[{"floor":2.0,"key":"Swift Potion"},{"floor":6.0,"key":"SteroidPotion"},{"floor":10.0,"key":"GamblersBrew"},{"floor":11.0,"key":"SteroidPotion"},{"floor":14.0,"key":"FearPotion"},{"floor":16,"key":"Fire Potion"},{"floor":20,"key":"SteroidPotion"},{"floor":22,"key":"Fire Potion"}],"is_trial":false,"path_per_floor":["M","M","$","M","?","E","R","M","T","M","M","$","M","E","R","B",null,"M","?","M","?","M","E"],"character_chosen":"THE_SILENT","items_purchased":["Calculated Gamble"],"campfire_rested":0,"item_purchase_floors":[12],"current_hp_per_floor":[70,70,70,70,70,56,56,51,51,49,49,49,49,42,42,42,75,75,75,61,47,12,0],"gold":233,"neow_bonus":"BOSS_RELIC","is_prod":false,"is_daily":false,"chose_seed":false,"campfire_upgraded":2,"win_rate":0,"timestamp":1547107744,"path_taken":["M","?","$","M","?","E","R","?","T","M","M","?","M","E","R","BOSS","M","?","M","?","M","E"],"build_version":"2019-01-03v4","purchased_purges":1,"victory":false,"max_hp_per_floor":[70,70,70,70,70,70,70,70,70,70,70,70,70,70,70,70,75,75,75,75,80,80,80],"card_choices":[{"not_picked":["Cloak And Dagger","Dagger Throw"],"picked":"Deadly Poison","floor":0.0},{"not_picked":["Eviscerate","Dash"],"picked":"Adrenaline","floor":0.0},{"not_picked":["Dagger Throw","Accuracy"],"picked":"PiercingWail","floor":0.0},{"not_picked":["Bane","Flechettes"],"picked":"Dagger Spray","floor":0.0},{"not_picked":["Prepared","Sucker Punch"],"picked":"Bane","floor":0.0},{"not_picked":["PiercingWail","Slice"],"picked":"Deflect","floor":1.0},{"not_picked":["Choke","Envenom"],"picked":"Noxious Fumes","floor":2.0},{"not_picked":["Concentrate","Setup"],"picked":"Deflect","floor":4.0},{"not_picked":["Leg Sweep","Backstab","Bane"],"picked":"SKIP","floor":6.0},{"not_picked":["PiercingWail","Bane"],"picked":"Noxious Fumes","floor":8.0},{"not_picked":["Deflect","Poisoned Stab","Dagger Spray"],"picked":"SKIP","floor":10.0},{"not_picked":["Slice","Cloak And Dagger"],"picked":"PiercingWail","floor":11.0},{"not_picked":["Prepared","Cloak And Dagger"],"picked":"Blur","floor":13.0},{"not_picked":["Quick Slash","Setup"],"picked":"Acrobatics","floor":14.0},{"not_picked":["Grand Finale","Unload"],"picked":"Die Die Die","floor":16},{"not_picked":["Reflex","Deflect"],"picked":"Catalyst","floor":17},{"not_picked":["Deflect","Expertise","Poisoned Stab"],"picked":"SKIP","floor":18},{"not_picked":["Calculated Gamble","Cloak And Dagger"],"picked":"Deadly Poison","floor":20},{"not_picked":["Infinite Blades","Deflect"],"picked":"Backflip+1","floor":22}],"player_experience":198102,"relics_obtained":[{"floor":6.0,"key":"Mummified Hand"},{"floor":9.0,"key":"Bottled Lightning"},{"floor":14.0,"key":"Ornamental Fan"}],"event_choices":[{"cards_removed":["Strike_G"],"damage_healed":0.0,"max_hp_gain":0.0,"max_hp_loss":0.0,"gold_gain":0.0,"event_name":"Bonfire Elementals","player_choice":"Offered Basic","floor":5.0,"gold_loss":0.0,"damage_taken":0.0},{"cards_removed":["Strike_G"],"damage_healed":0,"gold_gain":0,"player_choice":"Gave Gold","damage_taken":0,"max_hp_gain":0,"max_hp_loss":0,"event_name":"Beggar","floor":19,"gold_loss":75},{"damage_healed":0,"gold_gain":0,"player_choice":"Shed Blood","damage_taken":19,"max_hp_gain":5,"max_hp_loss":0,"event_name":"Forgotten Altar","floor":21,"gold_loss":0}],"is_beta":false,"boss_relics":[{"not_picked":["Pandora\u0027s Box","HoveringKite"],"picked":"Tiny House"}],"items_purged_floors":[3],"is_endless":false,"potions_floor_spawned":[2,6,10,11,14,16,20,22],"killed_by":"Gremlin Leader","ascension_level":3}