{"gold_per_floor":[117,30,30,46,46,76,16,16,16,45,64,64,93,111,111,186,186,201,9,9,9,9,9,44,44,69,89,89,89],"floor_reached":29,"playtime":861,"items_purged":["Strike_R","Strike_R"],"score":564,"play_id":"0eb66dd8-f0ca-4c76-9420-e67d9d3c631f","local_time":"20190131180056","is_ascension_mode":true,"campfire_choices":[{"data":"Carnage","floor":8,"key":"SMITH"},{"data":"True Grit","floor":12,"key":"SMITH"},{"data":"Bash","floor":15,"key":"SMITH"},{"floor":23,"key":"REST"},{"floor":25,"key":"REST"},{"floor":28,"key":"REST"}],"neow_cost":"NONE","seed_source_timestamp":1186329416362967,"circlet_count":0,"master_deck":["AscendersBane","Strike_R","Strike_R","Strike_R","Defend_R","Defend_R","Defend_R","Defend_R","Bash+1","Combust","Carnage+1","Headbutt","Dual Wield","Wild Strike","True Grit+1","Rupture","Feed","Pummel","Panacea","Inflame","Shame","Blood for Blood","Disarm","Intimidate","Battle Trance"],"relics":["Burning Blood","NeowsBlessing","Question Card","The Courier","Mummified Hand","Du-Vu Doll","Red Skull","Fusion Hammer","Happy Flower","Dream Catcher","Ancient Tea Set"],"potions_floor_usage":[10,13,16,16,24,29],"damage_taken":[{"damage":0,"enemies":"Cultist","floor":1,"turns":1},{"damage":1,"enemies":"Small Slimes","floor":4,"turns":1},{"damage":0,"enemies":"Lagavulin","floor":6,"turns":1},{"damage":8,"enemies":"Gremlin Nob","floor":10,"turns":3},{"damage":5,"enemies":"2 Louse","floor":11,"turns":2},{"damage":40,"enemies":"Lagavulin","floor":13,"turns":6},{"damage":2,"enemies":"2 Fungi Beasts","floor":14,"turns":2},{"damage":11,"enemies":"Hexaghost","floor":16,"turns":7},{"damage":27,"enemies":"2 Thieves","floor":18,"turns":4},{"damage":70,"enemies":"Book of Stabbing","floor":24,"turns":5},{"damage":27,"enemies":"Shell Parasite","floor":27,"turns":4},{"damage":42,"enemies":"Slavers","floor":29,"turns":3}],"seed_played":"2322006567543914669","potions_obtained":[{"floor":1,"key":"Ancient Potion"},{"floor":4,"key":"Energy Potion"},{"floor":10,"key":"Swift Potion"},{"floor":13,"key":"SpeedPotion"},{"floor":18,"key":"Regen Potion"},{"floor":27,"key":"Poison Potion"}],"is_trial":false,"path_per_floor":["M","$","?","M","?","E","$","R","T","E","M","R","E","M","R","B",null,"M","$","?","?","?","R","E","R","T","M","R","E"],"character_chosen":"IRONCLAD","items_purchased":["Carnage","Panacea","Inflame"],"campfire_rested":3,"item_purchase_floors":[2,19,19],"current_hp_per_floor":[74,74,74,75,70,75,75,75,75,73,74,74,40,44,44,39,66,45,45,45,45,31,53,13,35,35,14,36,0],"gold":89,"neow_bonus":"THREE_ENEMY_KILL","is_prod":false,"is_daily":false,"chose_seed":false,"campfire_upgraded":3,"win_rate":0,"timestamp":1548975656,"path_taken":["M","$","?","M","?","E","$","R","T","E","M","R","E","M","R","BOSS","M","$","?","?","?","R","E","R","T","M","R","E"],"build_version":"2019-01-23","purchased_purges":2,"victory":false,"max_hp_per_floor":[75,75,75,75,75,75,75,75,75,75,75,75,75,75,75,75,75,75,75,75,75,75,75,75,75,75,75,75,75],"card_choices":[{"not_picked":["Searing Blow","Anger"],"picked":"Combust","floor":1},{"not_picked":["True Grit","Rage"],"picked":"Headbutt","floor":4},{"not_picked":["Rage","Cleave","Flame Barrier"],"picked":"Dual Wield","floor":6},{"not_picked":["Spot Weakness","Perfected Strike","Body Slam"],"picked":"Wild Strike","floor":10},{"not_picked":["Clothesline","Dropkick","Sword Boomerang"],"picked":"True Grit","floor":11},{"not_picked":["Shrug It Off","Feel No Pain","Thunderclap"],"picked":"Rupture","floor":13},{"not_picked":["Perfected Strike","Carnage","Clash","Dual Wield"],"picked":"SKIP","floor":14},{"not_picked":["Barricade","Double Tap","Exhume"],"picked":"Feed","floor":16},{"not_picked":["Flame Barrier","Thunderclap","Second Wind"],"picked":"Pummel","floor":18},{"not_picked":["Barricade","Pummel","Entrench"],"picked":"Blood for Blood","floor":24},{"not_picked":["Iron Wave","Sever Soul","Second Wind"],"picked":"Disarm","floor":25},{"not_picked":["Shrug It Off","Thunderclap","Twin Strike"],"picked":"Intimidate","floor":27},{"not_picked":["Shrug It Off","Perfected Strike+1","Pommel Strike+1"],"picked":"Battle Trance","floor":28}],"player_experience":608358,"relics_obtained":[{"floor":6,"key":"The Courier"},{"floor":9,"key":"Mummified Hand"},{"floor":10,"key":"Du-Vu Doll"},{"floor":13,"key":"Red Skull"},{"floor":24,"key":"Dream Catcher"},{"floor":26,"key":"Ancient Tea Set"}],"event_choices":[{"damage_healed":0,"gold_gain":0,"player_choice":"Leave","damage_taken":0,"max_hp_gain":0,"max_hp_loss":0,"event_name":"The Cleric","floor":3,"gold_loss":0},{"damage_healed":0,"gold_gain":0,"player_choice":"Success","damage_taken":5,"relics_obtained":["Question Card"],"max_hp_gain":0,"max_hp_loss":0,"event_name":"Scrap Ooze","floor":5,"gold_loss":0},{"damage_healed":0,"gold_gain":0,"player_choice":"Ignored","damage_taken":0,"max_hp_gain":0,"max_hp_loss":0,"event_name":"Cursed Tome","floor":20,"gold_loss":0},{"damage_healed":0,"gold_gain":0,"player_choice":"Stole Relic","damage_taken":0,"relics_obtained":["Happy Flower"],"max_hp_gain":0,"max_hp_loss":0,"event_name":"Addict","floor":21,"gold_loss":0,"cards_obtained":["Shame"]},{"damage_healed":0,"gold_gain":0,"player_choice":"POTION ","damage_taken":14,"max_hp_gain":0,"max_hp_loss":0,"event_name":"Knowing Skull","floor":22,"potions_obtained":["FairyPotion"],"gold_loss":0,"cards_obtained":[]}],"is_beta":false,"boss_relics":[{"not_picked":["Runic Pyramid","Lizard Tail"],"picked":"Fusion Hammer"}],"items_purged_floors":[7,19],"is_endless":false,"potions_floor_spawned":[1,4,10,13,18,27],"killed_by":"Slavers","ascension_level":20}