{"gold_per_floor":[114,125,141,160,160,160,27,40,40,40,60,60,79,107,107,202,202,216,16,33,33,43,43,74,74,121,46,46,46,66,16,16,114,114,128,28,28,28,43,43,43],"floor_reached":41,"playtime":1754,"items_purged":["Defend_G","Accuracy"],"score":411,"play_id":"07728744-fd7c-40b5-8d04-ca7c88bd1716","local_time":"20190103204338","is_ascension_mode":false,"campfire_choices":[{"data":"Neutralize","floor":6,"key":"SMITH"},{"data":"Bandage Up","floor":10,"key":"SMITH"},{"data":"Noxious Fumes","floor":12,"key":"SMITH"},{"data":"Adrenaline","floor":15,"key":"SMITH"},{"data":"Catalyst","floor":23,"key":"SMITH"},{"data":"A Thousand Cuts","floor":25,"key":"SMITH"},{"floor":29,"key":"REST"},{"floor":32,"key":"REST"},{"floor":40,"key":"REST"}],"neow_cost":"NONE","seed_source_timestamp":38059162583252,"circlet_count":0,"master_deck":["Survivor","Neutralize+1","Bane","Flechettes","Terror","PiercingWail","Bandage Up+1","Bouncing Flask","Backflip","Noxious Fumes+1","Adrenaline+1","Deflect","A Thousand Cuts+1","Blur","Flechettes","Catalyst+1","Noxious Fumes","Burst","Concentrate","Terror","Slice","Accuracy","Bane","Wraith Form v2","Infinite Blades","Blur+1","Backflip+1"],"relics":["Ring of the Serpent","NeowsBlessing","Pen Nib","Art of War","TwistedFunnel","Dodecahedron","Omamori","Pandora\u0027s Box","Sundial","Pocketwatch"],"potions_floor_usage":[16,33,33],"damage_taken":[{"damage":0,"enemies":"Jaw Worm","floor":1,"turns":1},{"damage":0,"enemies":"Small Slimes","floor":2,"turns":1},{"damage":0,"enemies":"Cultist","floor":3,"turns":1},{"damage":3,"enemies":"3 Louse","floor":4,"turns":4},{"damage":3,"enemies":"Lots of Slimes","floor":8,"turns":6},{"damage":11,"enemies":"2 Fungi Beasts","floor":11,"turns":3},{"damage":2,"enemies":"Exordium Wildlife","floor":13,"turns":4},{"damage":23,"enemies":"Lagavulin","floor":14,"turns":5},{"damage":14,"enemies":"Hexaghost","floor":16,"turns":6},{"damage":10,"enemies":"Shell Parasite","floor":18,"turns":4},{"damage":9,"enemies":"2 Thieves","floor":20,"turns":5},{"damage":3,"enemies":"Snake Plant","floor":22,"turns":5},{"damage":42,"enemies":"Book of Stabbing","floor":24,"turns":6},{"damage":18,"enemies":"Colosseum Slavers","floor":28,"turns":4},{"damage":0,"enemies":"Snecko","floor":30,"turns":3},{"damage":41,"enemies":"Automaton","floor":33,"turns":8},{"damage":24,"enemies":"Orb Walker","floor":35,"turns":4},{"damage":39,"enemies":"3 Darklings","floor":39,"turns":5},{"damage":41,"enemies":"Maw","floor":41,"turns":5}],"seed_played":"-4461747663501676747","potions_obtained":[{"floor":3,"key":"Swift Potion"},{"floor":4,"key":"Poison Potion"},{"floor":11,"key":"Poison Potion"},{"floor":13,"key":"Ancient Potion"},{"floor":16,"key":"PowerPotion"},{"floor":20,"key":"Block Potion"},{"floor":33,"key":"AttackPotion"},{"floor":39,"key":"Fire Potion"}],"is_trial":false,"path_per_floor":["M","M","M","M","?","R","$","M","T","R","M","R","M","E","R","B",null,"M","$","M","?","M","R","E","R","T","$","?","R","M","?","R","B",null,"M","$","T","?","M","R","M"],"character_chosen":"THE_SILENT","items_purchased":["Bandage Up","Bouncing Flask","TwistedFunnel"],"campfire_rested":3,"item_purchase_floors":[7,7,19],"current_hp_per_floor":[70,70,70,67,60,60,60,61,61,61,56,56,60,43,43,35,70,64,64,61,61,64,64,28,28,28,28,16,37,37,37,58,23,70,46,46,46,46,13,34,0],"gold":43,"neow_bonus":"THREE_ENEMY_KILL","is_prod":false,"is_daily":false,"chose_seed":false,"campfire_upgraded":6,"win_rate":0.0,"timestamp":1546515818,"path_taken":["M","M","M","M","?","R","$","M","T","R","M","R","M","E","R","BOSS","M","$","M","?","M","R","E","R","T","$","?","R","M","?","R","BOSS","M","$","?","?","M","R","?"],"build_version":"2018-12-20","purchased_purges":2,"victory":false,"max_hp_per_floor":[70,70,70,70,70,70,70,70,70,70,70,70,70,70,70,70,70,70,70,70,70,70,70,70,70,70,70,70,70,70,70,70,70,70,70,70,70,70,70,70,70],"card_choices":[{"not_picked":["Blade Dance","Distraction"],"picked":"Bane","floor":1},{"not_picked":["Skewer","Underhanded Strike"],"picked":"Flechettes","floor":2},{"not_picked":["Slice","Finisher"],"picked":"Terror","floor":3},{"not_picked":["Concentrate","Bane"],"picked":"PiercingWail","floor":4},{"not_picked":["Quick Slash","Prepared"],"picked":"Backflip","floor":8},{"not_picked":["Calculated Gamble","Flying Knee"],"picked":"Noxious Fumes","floor":11},{"not_picked":["Poisoned Stab","Deadly Poison"],"picked":"Adrenaline","floor":13},{"not_picked":["Prepared","Heel Hook"],"picked":"Deflect","floor":14},{"not_picked":["Wraith Form v2","Tools of the Trade"],"picked":"A Thousand Cuts","floor":16},{"not_picked":["Quick Slash","All Out Attack"],"picked":"Blur","floor":18},{"not_picked":["Backflip","Sucker Punch"],"picked":"Flechettes","floor":20},{"not_picked":["Flechettes","Underhanded Strike","Flying Knee"],"picked":"SKIP","floor":22},{"not_picked":["Heel Hook+1","Prepared+1"],"picked":"Noxious Fumes","floor":24},{"not_picked":["Slice","Cloak And Dagger","Prepared"],"picked":"SKIP","floor":30},{"not_picked":["Adrenaline","Die Die Die"],"picked":"Burst","floor":33},{"not_picked":["Predator","Outmaneuver"],"picked":"Blur+1","floor":35},{"not_picked":["Underhanded Strike","Riddle With Holes"],"picked":"Backflip+1","floor":39}],"player_experience":73356,"relics_obtained":[{"floor":9,"key":"Pen Nib"},{"floor":14,"key":"Art of War"},{"floor":24,"key":"Dodecahedron"},{"floor":26,"key":"Omamori"},{"floor":37,"key":"Sundial"}],"event_choices":[{"cards_removed":["Strike_G"],"damage_healed":0,"gold_gain":0,"player_choice":"Card Removal","damage_taken":7,"max_hp_gain":0,"max_hp_loss":0,"event_name":"Golden Wing","floor":5,"gold_loss":0},{"damage_healed":0,"gold_gain":0,"player_choice":"Read","damage_taken":0,"max_hp_gain":0,"max_hp_loss":0,"event_name":"The Library","floor":21,"gold_loss":0,"cards_obtained":["Catalyst"]},{"damage_healed":0,"gold_gain":0,"player_choice":"Fight","damage_taken":0,"max_hp_gain":0,"max_hp_loss":0,"event_name":"Colosseum","floor":28,"gold_loss":0},{"damage_healed":0,"gold_gain":0,"player_choice":"Fled From Nobs","damage_taken":0,"max_hp_gain":0,"max_hp_loss":0,"event_name":"Colosseum","floor":28,"gold_loss":0},{"damage_healed":0,"gold_gain":0,"player_choice":"Bet on Murderer","damage_taken":0,"max_hp_gain":0,"max_hp_loss":0,"event_name":"The Joust","floor":31,"gold_loss":50},{"damage_healed":0,"gold_gain":0,"player_choice":"Gave Potion","damage_taken":0,"relics_obtained":["Pocketwatch"],"max_hp_gain":0,"max_hp_loss":0,"event_name":"WeMeetAgain","floor":38,"gold_loss":0}],"is_beta":false,"boss_relics":[{"not_picked":["Busted Crown","Tiny House"],"picked":"Ring of the Serpent"},{"not_picked":["Coffee Dripper","Runic Dome"],"picked":"Pandora\u0027s Box"}],"items_purged_floors":[27,36],"is_endless":false,"potions_floor_spawned":[3,4,11,13,16,20,28,33,39],"killed_by":"Maw","ascension_level":0}