{"gold_per_floor":[115,40,55,70,70,70,81,111,192,192,224,243,243,263,263,263],"floor_reached":16,"playtime":488,"items_purged":["Strike_R"],"score":140,"play_id":"61846cb9-fefb-4cf9-8bb8-7603cf8c3f33","local_time":"20190112221823","is_ascension_mode":true,"campfire_choices":[{"data":"Cleave","floor":6,"key":"SMITH"},{"floor":13,"key":"REST"},{"data":"Rage","floor":15,"key":"SMITH"}],"neow_cost":"NONE","seed_source_timestamp":49479364400525,"circlet_count":0,"master_deck":["Strike_R","Strike_R","Strike_R","Strike_R","Defend_R","Defend_R","Defend_R","Defend_R","Bash","Pummel","Rage+1","Cleave+1","Spot Weakness","Flame Barrier","Parasite","Seeing Red+1","Entrench+1"],"relics":["Burning Blood","Ginger","Happy Flower","Mummified Hand","Toxic Egg 2"],"potions_floor_usage":[12,12],"damage_taken":[{"damage":3,"enemies":"Jaw Worm","floor":1,"turns":5},{"damage":10,"enemies":"Small Slimes","floor":3,"turns":3},{"damage":0,"enemies":"Cultist","floor":4,"turns":4},{"damage":11,"enemies":"Looter","floor":7,"turns":2},{"damage":31,"enemies":"3 Sentries","floor":8,"turns":6},{"damage":53,"enemies":"Gremlin Nob","floor":11,"turns":6},{"damage":0,"enemies":"3 Louse","floor":12,"turns":2},{"damage":7,"enemies":"Exordium Thugs","floor":14,"turns":4},{"damage":61,"enemies":"Hexaghost","floor":16,"turns":9}],"seed_played":"-1336813582239807922","potions_obtained":[{"floor":3,"key":"Swift Potion"},{"floor":11,"key":"Explosive Potion"}],"is_trial":false,"path_per_floor":["M","$","M","M","?","R","M","E","T","?","E","M","R","M","R","B"],"character_chosen":"IRONCLAD","items_purchased":[],"campfire_rested":1,"item_purchase_floors":[],"current_hp_per_floor":[88,88,84,88,81,81,76,51,51,73,26,32,58,57,57,0],"gold":263,"neow_bonus":"TEN_PERCENT_HP_BONUS","is_prod":false,"is_daily":false,"chose_seed":false,"campfire_upgraded":2,"win_rate":0,"timestamp":1547299103,"path_taken":["M","$","M","M","?","R","M","E","T","?","E","M","R","M","R","BOSS"],"build_version":"2019-01-10","purchased_purges":1,"victory":false,"max_hp_per_floor":[88,88,88,88,88,88,88,88,88,88,88,88,88,88,88,88],"card_choices":[{"not_picked":["Clothesline","Pommel Strike"],"picked":"Pummel","floor":1},{"not_picked":["Thunderclap","Pummel"],"picked":"Rage","floor":3},{"not_picked":["Pommel Strike","Infernal Blade"],"picked":"Cleave","floor":4},{"not_picked":["Armaments","Blood for Blood"],"picked":"Spot Weakness","floor":7},{"not_picked":["Dual Wield","Juggernaut"],"picked":"Flame Barrier","floor":8},{"not_picked":["Armaments","Bloodletting"],"picked":"Seeing Red","floor":11},{"not_picked":["Seeing Red+1","True Grit+1"],"picked":"Entrench+1","floor":12},{"not_picked":["Pommel Strike","Reckless Charge","Flame Barrier+1"],"picked":"SKIP","floor":14}],"player_experience":223772,"relics_obtained":[{"floor":8,"key":"Happy Flower"},{"floor":9,"key":"Mummified Hand"},{"floor":11,"key":"Toxic Egg 2"}],"event_choices":[{"damage_healed":0,"gold_gain":0,"player_choice":"Success","damage_taken":7,"relics_obtained":["Ginger"],"max_hp_gain":0,"max_hp_loss":0,"event_name":"Scrap Ooze","floor":5,"gold_loss":0},{"damage_healed":22,"gold_gain":0,"player_choice":"Healed and dodged fight","damage_taken":0,"max_hp_gain":0,"max_hp_loss":0,"event_name":"Mushrooms","floor":10,"gold_loss":0,"cards_obtained":["Parasite"]}],"is_beta":false,"boss_relics":[],"items_purged_floors":[2],"is_endless":false,"potions_floor_spawned":[3,11],"killed_by":"Hexaghost","ascension_level":5}