{"gold_per_floor":[109,109,129,129,139,139,139,139,192,210,210,254,279,279],"floor_reached":14,"playtime":381,"items_purged":[],"score":158,"play_id":"d924a440-693b-4bf7-aab0-88f32bd67bad","local_time":"20190225232248","is_ascension_mode":true,"campfire_choices":[{"data":"True Grit","floor":6,"key":"SMITH"},{"floor":8,"key":"REST"},{"data":"Body Slam","floor":11,"key":"SMITH"}],"neow_cost":"NONE","seed_source_timestamp":136987778240766,"circlet_count":0,"master_deck":["AscendersBane","Strike_R","Strike_R","Strike_R","Strike_R+1","Defend_R","Defend_R","Defend_R","Defend_R+1","Bash","True Grit+1","Body Slam+1","Uppercut","Iron Wave"],"special_seed":0,"relics":["Burning Blood","Ancient Tea Set","Golden Idol","PreservedInsect","Vajra"],"potions_floor_usage":[],"damage_taken":[{"damage":5.0,"enemies":"Small Slimes","floor":1.0,"turns":5.0},{"damage":6.0,"enemies":"Jaw Worm","floor":3.0,"turns":7.0},{"damage":0,"enemies":"2 Louse","floor":5,"turns":3},{"damage":0,"enemies":"Exordium Wildlife","floor":10,"turns":4},{"damage":41,"enemies":"Lagavulin","floor":12,"turns":6},{"damage":10,"enemies":"Red Slaver","floor":13,"turns":3},{"damage":12,"enemies":"3 Louse","floor":14,"turns":1}],"seed_played":"3954828383456867330","potions_obtained":[{"floor":3.0,"key":"FearPotion"},{"floor":13,"key":"SteroidPotion"}],"is_trial":false,"path_per_floor":["M","?","M","?","M","R","?","R","T","M","R","E","M","M"],"character_chosen":"IRONCLAD","items_purchased":[],"campfire_rested":1,"item_purchase_floors":[],"current_hp_per_floor":[69,62,62,39,45,45,19,41,41,47,47,12,8,0],"gold":279,"neow_bonus":"RANDOM_COMMON_RELIC","is_prod":false,"is_daily":false,"chose_seed":false,"campfire_upgraded":2,"win_rate":0,"timestamp":1551165768,"path_taken":["M","?","M","?","M","R","?","R","T","?","R","E","M","M"],"build_version":"2019-01-23","purchased_purges":0,"victory":false,"max_hp_per_floor":[75,75,75,75,75,75,75,75,75,75,75,75,75,75],"card_choices":[{"not_picked":["Flex","Infernal Blade"],"picked":"True Grit","floor":1.0},{"not_picked":["Thunderclap","Evolve","Warcry"],"picked":"SKIP","floor":3.0},{"not_picked":["Warcry","Spot Weakness"],"picked":"Body Slam","floor":5},{"not_picked":["Clothesline","Pommel Strike"],"picked":"Uppercut","floor":10},{"not_picked":["Rage","Carnage","Sword Boomerang"],"picked":"SKIP","floor":12},{"not_picked":["Rampage","Havoc"],"picked":"Iron Wave","floor":13}],"player_experience":526979,"relics_obtained":[{"floor":9,"key":"PreservedInsect"},{"floor":12,"key":"Vajra"}],"event_choices":[{"cards_removed":["Strike_R"],"damage_healed":0.0,"max_hp_gain":0.0,"max_hp_loss":0.0,"gold_gain":0.0,"event_name":"Golden Wing","player_choice":"Card Removal","floor":2.0,"gold_loss":0.0,"damage_taken":7.0},{"damage_healed":0.0,"max_hp_gain":0.0,"max_hp_loss":0.0,"gold_gain":0.0,"event_name":"Shining Light","player_choice":"Entered Light","floor":4.0,"gold_loss":0.0,"damage_taken":23.0,"cards_upgraded":["Defend_R","Strike_R"]},{"damage_healed":0,"gold_gain":0,"player_choice":"Take Damage","damage_taken":26,"relics_obtained":["Golden Idol"],"max_hp_gain":0,"max_hp_loss":0,"event_name":"Golden Idol","floor":7,"gold_loss":0}],"is_beta":false,"boss_relics":[],"items_purged_floors":[],"is_endless":false,"potions_floor_spawned":[3,13],"killed_by":"3 Louse","ascension_level":15}