{"path_per_floor":["M","?","M","?","?","R","E","M","T","E","R","$","M","M","R","B",null,"M","?","?","?","$","R","?","E","T","M","E","M"],"character_chosen":"DEFECT","items_purchased":["Magnetism","Beam Cell","Coolheaded"],"gold_per_floor":[112,112,127,127,127,127,156,171,221,255,255,34,45,61,61,160,160,170,95,95,95,46,46,46,81,107,120,151,164,164],"floor_reached":30,"campfire_rested":1,"playtime":1407,"item_purchase_floors":[12,12,22],"current_hp_per_floor":[62,62,53,53,46,46,41,34,34,23,23,23,18,14,36,4,57,37,37,37,37,37,37,37,21,21,16,34,21,0],"items_purged":[],"gold":164,"score":461,"play_id":"04aa70cd-5ef4-4ce0-a843-a2cc55486ac2","local_time":"20180609191305","is_prod":false,"is_daily":false,"chose_seed":false,"is_ascension_mode":true,"campfire_upgraded":3,"win_rate":0,"timestamp":1528564385,"campfire_choices":[{"data":"Streamline","floor":6,"key":"SMITH"},{"data":"Streamline","floor":11,"key":"SMITH"},{"floor":15,"key":"REST"},{"data":"Magnetism","floor":23,"key":"SMITH"}],"path_taken":["M","?","M","?","?","R","E","M","T","E","R","$","M","M","R","BOSS","M","?","?","?","?","R","?","E","T","M","E","?","E"],"build_version":"2018-06-07v3","seed_source_timestamp":106088954207038,"purchased_purges":0,"victory":false,"master_deck":["Defend_B","Defend_B","Zap","Dualcast","Streamline+1","Rebound","Hyperbeam","Streamline+1","Bandage Up","Storm","Zap","Lockon","Defragment","Conserve Battery","Magnetism+1","Beam Cell","Electrodynamics","Force Field","Echo Form","Hello World+1","Force Field+1","Double Energy+1","Sunder","Bite","Bite","Bite","Bite","Bite","Coolheaded","Writhe","Rebound+1","Loop","Hologram+1","Gash"],"max_hp_per_floor":[75,75,75,75,75,75,75,75,75,75,75,75,75,75,75,75,75,75,75,75,52,52,52,52,52,52,52,52,52,52],"relics":["Cracked Core","Orichalcum","Bag of Preparation","Potion Belt","Astrolabe","Symbiotic Virus","Shuriken","Omamori","Ancient Tea Set"],"card_choices":[{"not_picked":["Stack","Chill"],"picked":"Streamline","floor":1.0},{"not_picked":["Auto Shields","Reinforced Body"],"picked":"Rebound","floor":3.0},{"not_picked":["Ball Lightning","Aggregate"],"picked":"Lockon","floor":7},{"not_picked":["Barrage","Chill"],"picked":"Defragment","floor":8},{"not_picked":["Rebound","Cold Snap"],"picked":"Conserve Battery","floor":10},{"not_picked":["Barrage","Conserve Battery"],"picked":"Electrodynamics","floor":13},{"not_picked":["Beam Cell","Steam"],"picked":"Force Field","floor":14},{"not_picked":["Biased Cognition","All For One"],"picked":"Echo Form","floor":16},{"not_picked":["Stack","Rebound"],"picked":"Sunder","floor":18},{"not_picked":["Beam Cell","Loop"],"picked":"Rebound+1","floor":25},{"not_picked":["Auto Shields","Streamline"],"picked":"Loop","floor":27},{"not_picked":["Cold Snap","Leap"],"picked":"Hologram+1","floor":28},{"not_picked":["Rip and Tear","Leap"],"picked":"Gash","floor":29}],"player_experience":495991,"potions_floor_usage":[16,25,27,29,29],"damage_taken":[{"damage":6.0,"enemies":"Cultist","floor":1.0,"turns":3.0},{"damage":9.0,"enemies":"2 Louse","floor":3.0,"turns":2.0},{"damage":9,"enemies":"3 Sentries","floor":7,"turns":5},{"damage":7,"enemies":"Small Slimes","floor":8,"turns":3},{"damage":15,"enemies":"Gremlin Nob","floor":10,"turns":4},{"damage":9,"enemies":"Looter","floor":13,"turns":3},{"damage":8,"enemies":"Red Slaver","floor":14,"turns":3},{"damage":36,"enemies":"Hexaghost","floor":16,"turns":9},{"damage":24,"enemies":"3 Byrds","floor":18,"turns":5},{"damage":30,"enemies":"Book of Stabbing","floor":25,"turns":6},{"damage":13,"enemies":"Shell Parasite","floor":27,"turns":4},{"damage":0,"enemies":"Gremlin Leader","floor":28,"turns":7},{"damage":19,"enemies":"Cultist and Chosen","floor":29,"turns":5},{"damage":30,"enemies":"Book of Stabbing","floor":30,"turns":3}],"relics_obtained":[{"floor":7,"key":"Orichalcum"},{"floor":9,"key":"Bag of Preparation"},{"floor":10,"key":"Potion Belt"},{"floor":25,"key":"Shuriken"},{"floor":26,"key":"Omamori"},{"floor":28,"key":"Ancient Tea Set"}],"event_choices":[{"event_name":"Living Wall","player_choice":"Forget","floor":2.0,"damage_taken":0.0},{"event_name":"Match and Keep!","player_choice":"5 cards matched","floor":4,"damage_taken":0},{"event_name":"Golden Wing","player_choice":"Card Removal","floor":5,"damage_taken":0},{"event_name":"Beggar","player_choice":"Gave Gold","floor":19,"damage_taken":0},{"event_name":"Drug Dealer","player_choice":"Ignored","floor":20,"damage_taken":0},{"event_name":"Vampires","player_choice":"Became a vampire","floor":21,"damage_taken":0},{"event_name":"The Mausoleum","player_choice":"Yes","floor":24,"damage_taken":0}],"boss_relics":[{"not_picked":["Eternal Feather","Pandora\u0027s Box"],"picked":"Astrolabe"}],"items_purged_floors":[],"potions_floor_spawned":[7,8,14,16,18,28],"seed_played":"-5314997554404409619","killed_by":"Book of Stabbing","ascension_level":9,"potions_obtained":[{"floor":7,"key":"Strength Potion"},{"floor":8,"key":"PowerPotion"},{"floor":14,"key":"Weak Potion"},{"floor":16,"key":"Weak Potion"},{"floor":18,"key":"Fire Potion"},{"floor":28,"key":"Block Potion"}],"is_trial":false}