{"gold_per_floor":[117,128,138,138,152,152,178,178,178,77,95,122,122,122,122,224,224,234,54,72,89,104,104,117,117,141,157,177,177,177,197,197,197],"floor_reached":33,"playtime":1206,"items_purged":["Strike_B","Compile Driver"],"score":389,"play_id":"29778d23-d994-4ec4-a929-bab1ba6436b8","local_time":"20190207205908","is_ascension_mode":true,"campfire_choices":[{"floor":6,"key":"REST"},{"floor":8,"key":"REST"},{"floor":15,"key":"REST"},{"floor":23,"key":"REST"},{"floor":25,"key":"REST"},{"floor":29,"key":"REST"},{"floor":32,"key":"REST"}],"neow_cost":"NONE","seed_source_timestamp":40195748461215,"circlet_count":0,"master_deck":["Zap","Dualcast","Streamline","Genetic Algorithm","Cold Snap","Go for the Eyes","Gash","Ball Lightning","Skim","Thunder Strike","Redo","Core Surge","Loop","FTL","Loop","Defragment","Cold Snap","BootSequence","Hologram+1","Turbo","Steam","Capacitor","Decay","Leap"],"relics":["Cracked Core","Pantograph","Pear","Anchor","NlothsMask","Pandora\u0027s Box"],"potions_floor_usage":[2,20,28,31],"damage_taken":[{"damage":27,"enemies":"Small Slimes","floor":1,"turns":4},{"damage":8,"enemies":"Jaw Worm","floor":2,"turns":4},{"damage":0,"enemies":"2 Louse","floor":3,"turns":2},{"damage":46,"enemies":"Gremlin Gang","floor":5,"turns":6},{"damage":26,"enemies":"Gremlin Nob","floor":7,"turns":4},{"damage":27,"enemies":"3 Louse","floor":11,"turns":3},{"damage":68,"enemies":"Hexaghost","floor":16,"turns":11},{"damage":21,"enemies":"Shell Parasite","floor":18,"turns":5},{"damage":20,"enemies":"2 Thieves","floor":20,"turns":4},{"damage":4,"enemies":"Cultist and Chosen","floor":21,"turns":6},{"damage":21,"enemies":"Shelled Parasite and Fungi","floor":22,"turns":5},{"damage":16,"enemies":"Centurion and Healer","floor":24,"turns":8},{"damage":25,"enemies":"Sentry and Sphere","floor":27,"turns":7},{"damage":18,"enemies":"Snake Plant","floor":28,"turns":4},{"damage":36,"enemies":"3 Cultists","floor":31,"turns":6},{"damage":67,"enemies":"Automaton","floor":33,"turns":8}],"seed_played":"-8870145104803657909","potions_obtained":[{"floor":1,"key":"Regen Potion"},{"floor":11,"key":"FairyPotion"},{"floor":16,"key":"Explosive Potion"},{"floor":18,"key":"Ancient Potion"},{"floor":21,"key":"Energy Potion"},{"floor":27,"key":"PowerPotion"}],"is_trial":false,"path_per_floor":["M","M","M","?","M","R","E","R","T","$","M","T","?","?","R","B",null,"M","$","M","M","M","R","M","R","T","M","M","R","?","M","R","B"],"character_chosen":"DEFECT","items_purchased":["Ball Lightning","Defragment"],"campfire_rested":7,"item_purchase_floors":[10,19],"current_hp_per_floor":[48,52,52,57,11,37,11,37,47,47,20,20,20,20,49,6,74,53,53,33,29,8,37,21,50,50,25,7,36,36,9,38,0],"gold":197,"neow_bonus":"TEN_PERCENT_HP_BONUS","is_prod":false,"is_daily":false,"chose_seed":false,"campfire_upgraded":0,"win_rate":0,"timestamp":1549540748,"path_taken":["M","M","M","?","M","R","E","R","T","$","M","?","?","?","R","BOSS","M","$","M","M","M","R","?","R","T","M","M","R","?","M","R","BOSS"],"build_version":"2019-01-23","purchased_purges":2,"victory":false,"max_hp_per_floor":[82,82,82,87,87,87,87,87,97,97,97,97,97,97,97,97,97,97,97,97,97,97,97,97,97,97,97,97,97,97,97,97,97],"card_choices":[{"not_picked":["Storm","Consume"],"picked":"Streamline","floor":1},{"not_picked":["Barrage","Doom and Gloom"],"picked":"Genetic Algorithm","floor":2},{"not_picked":["Lockon","Conserve Battery"],"picked":"Cold Snap","floor":3},{"not_picked":["Beam Cell","Lockon"],"picked":"Go for the Eyes","floor":5},{"not_picked":["Reprogram","Blizzard"],"picked":"Gash","floor":7},{"not_picked":["Coolheaded","Steam"],"picked":"Skim","floor":11},{"not_picked":["Core Surge","Amplify"],"picked":"Thunder Strike","floor":16},{"not_picked":["Sunder","Barrage","Coolheaded"],"picked":"SKIP","floor":18},{"not_picked":["Loop","Beam Cell"],"picked":"Cold Snap","floor":20},{"not_picked":["Genetic Algorithm","Sweeping Beam+1"],"picked":"BootSequence","floor":21},{"not_picked":["Chill+1","Reboot"],"picked":"Hologram+1","floor":22},{"not_picked":["Go for the Eyes","Sweeping Beam"],"picked":"Turbo","floor":24},{"not_picked":["Fusion","Barrage+1"],"picked":"Steam","floor":27},{"not_picked":["Cold Snap","Chaos"],"picked":"Capacitor","floor":28},{"not_picked":["Capacitor+1","Rebound+1"],"picked":"Leap","floor":31}],"player_experience":286854,"relics_obtained":[{"floor":7,"key":"Pantograph"},{"floor":9,"key":"Pear"},{"floor":12,"key":"Anchor"}],"event_choices":[{"damage_healed":0,"gold_gain":0,"player_choice":"Donut","damage_taken":0,"max_hp_gain":5,"max_hp_loss":0,"event_name":"Big Fish","floor":4,"gold_loss":0},{"cards_removed":["Strike_B"],"damage_healed":0,"gold_gain":0,"player_choice":"Forget","damage_taken":0,"max_hp_gain":0,"max_hp_loss":0,"event_name":"Living Wall","floor":13,"gold_loss":0},{"damage_healed":0,"gold_gain":0,"player_choice":"Trade","damage_taken":0,"relics_obtained":["NlothsMask"],"max_hp_gain":0,"max_hp_loss":0,"event_name":"FaceTrader","floor":14,"gold_loss":0},{"damage_healed":0,"gold_gain":0,"player_choice":"Smashed Altar","damage_taken":0,"max_hp_gain":0,"max_hp_loss":0,"event_name":"Forgotten Altar","floor":30,"gold_loss":0,"cards_obtained":["Decay"]}],"is_beta":false,"boss_relics":[{"not_picked":["Empty Cage","White Beast Statue"],"picked":"Pandora\u0027s Box"}],"items_purged_floors":[10,19],"is_endless":false,"potions_floor_spawned":[1,11,16,18,21,27],"killed_by":"Automaton","ascension_level":9}