{"gold_per_floor":[110,41,52,127,147,147,177,177,177,203,203,87,149,165,165,270,270,281,89,108,8,23,23,55,105,128,128,178,178,198,198],"floor_reached":31,"playtime":1181,"items_purged":["Strike_R","Strike_R"],"score":329,"play_id":"761e03e8-a039-4e7f-b11e-fa269ba30052","local_time":"20190112221006","is_ascension_mode":true,"campfire_choices":[{"data":"Thunderclap","floor":6.0,"key":"SMITH"},{"floor":8.0,"key":"REST"},{"data":"Spot Weakness","floor":15.0,"key":"SMITH"},{"floor":23.0,"key":"REST"},{"floor":27,"key":"REST"},{"data":"Barricade","floor":29,"key":"SMITH"}],"neow_cost":"NONE","seed_source_timestamp":48239593526221,"circlet_count":0,"master_deck":["Strike_R","Strike_R","Defend_R","Defend_R","Defend_R","Defend_R","Bash","Headbutt","Spot Weakness+1","Thunderclap+1","Flex","Corruption","Heavy Blade+1","Metallicize","Second Wind","Barricade+1","Shrug It Off","Disarm+1","Sword Boomerang+1","Power Through"],"special_seed":0,"relics":["Burning Blood","Omamori","Molten Egg 2","Pantograph","SsserpentHead","Mark of Pain","Lee\u0027s Waffle","Bag of Preparation","Potion Belt"],"potions_floor_usage":[24,30],"damage_taken":[{"damage":7.0,"enemies":"Jaw Worm","floor":1.0,"turns":4.0},{"damage":15.0,"enemies":"Small Slimes","floor":3.0,"turns":3.0},{"damage":1.0,"enemies":"Cultist","floor":5.0,"turns":3.0},{"damage":40.0,"enemies":"Lagavulin","floor":7.0,"turns":6.0},{"damage":35.0,"enemies":"3 Sentries","floor":10.0,"turns":6.0},{"damage":13.0,"enemies":"Blue Slaver","floor":13.0,"turns":4.0},{"damage":0.0,"enemies":"Large Slime","floor":14.0,"turns":4.0},{"damage":37.0,"enemies":"Hexaghost","floor":16.0,"turns":9.0},{"damage":60.0,"enemies":"3 Byrds","floor":18.0,"turns":8.0},{"damage":33.0,"enemies":"Spheric Guardian","floor":20.0,"turns":6.0},{"damage":18.0,"enemies":"Snake Plant","floor":22.0,"turns":7.0},{"damage":72,"enemies":"Gremlin Leader","floor":24,"turns":10},{"damage":2,"enemies":"Cultist and Chosen","floor":30,"turns":7},{"damage":43,"enemies":"3 Cultists","floor":31,"turns":6}],"seed_played":"2267475523147156666","potions_obtained":[{"floor":1.0,"key":"Block Potion"},{"floor":5.0,"key":"GamblersBrew"},{"floor":22.0,"key":"Fire Potion"},{"floor":24,"key":"Swift Potion"}],"is_trial":false,"path_per_floor":["M","$","M","?","M","R","E","R","T","E","?","$","M","M","R","B",null,"M","$","M","$","M","R","E","?","T","R","?","R","M","M"],"character_chosen":"IRONCLAD","items_purchased":["Spot Weakness","Metallicize","Lee\u0027s Waffle"],"campfire_rested":3,"item_purchase_floors":[2,12,19],"current_hp_per_floor":[79,79,70,59,64,64,30,54,54,25,25,25,18,24,24,18,65,11,87,60,60,48,74,8,8,8,34,34,34,38,0],"gold":198,"neow_bonus":"REMOVE_CARD","is_prod":false,"is_daily":false,"chose_seed":false,"campfire_upgraded":3,"win_rate":0,"timestamp":1547298606,"path_taken":["M","$","M","?","M","R","E","R","T","E","?","$","?","M","R","BOSS","M","$","M","$","M","R","E","?","T","R","?","R","M","M"],"build_version":"2019-01-10","purchased_purges":2,"victory":false,"max_hp_per_floor":[80,80,80,80,80,80,80,80,80,80,80,80,80,80,80,80,80,80,87,87,87,87,87,87,87,87,87,87,87,87,87],"card_choices":[{"not_picked":["Bloodletting","Feel No Pain"],"picked":"Headbutt","floor":1.0},{"not_picked":["Shrug It Off","Armaments"],"picked":"Thunderclap","floor":3.0},{"not_picked":["True Grit","Armaments"],"picked":"Flex","floor":5.0},{"not_picked":["Sword Boomerang","Immolate"],"picked":"Corruption","floor":7.0},{"not_picked":["Cleave+1","Evolve"],"picked":"Heavy Blade+1","floor":10.0},{"not_picked":["Body Slam+1","Dual Wield"],"picked":"Second Wind","floor":13.0},{"not_picked":["True Grit","Thunderclap+1","Body Slam+1"],"picked":"SKIP","floor":14.0},{"not_picked":["Exhume","Immolate+1"],"picked":"Barricade","floor":16.0},{"not_picked":["Corruption+1","Clash+1"],"picked":"Shrug It Off","floor":18.0},{"not_picked":["Flex+1","Rampage+1"],"picked":"Disarm+1","floor":20.0},{"not_picked":["Clothesline+1","Fiend Fire+1","Thunderclap+1"],"picked":"SKIP","floor":22.0},{"not_picked":["True Grit","Clothesline+1"],"picked":"Sword Boomerang+1","floor":24},{"not_picked":["Shrug It Off","Iron Wave+1","Pommel Strike+1"],"picked":"SKIP","floor":30}],"player_experience":222591,"relics_obtained":[{"floor":7.0,"key":"Omamori"},{"floor":9.0,"key":"Molten Egg 2"},{"floor":10.0,"key":"Pantograph"},{"floor":24,"key":"Bag of Preparation"},{"floor":26,"key":"Potion Belt"}],"event_choices":[{"damage_healed":0.0,"max_hp_gain":0.0,"max_hp_loss":0.0,"gold_gain":75.0,"event_name":"World of Goop","player_choice":"Gather Gold","floor":4.0,"gold_loss":0.0,"damage_taken":11.0},{"damage_healed":0.0,"max_hp_gain":0.0,"max_hp_loss":0.0,"gold_gain":0.0,"event_name":"FaceTrader","player_choice":"Trade","floor":11.0,"gold_loss":0.0,"damage_taken":0.0,"relics_obtained":["SsserpentHead"]},{"damage_healed":0,"gold_gain":0,"player_choice":"Smashed Altar","damage_taken":0,"max_hp_gain":0,"max_hp_loss":0,"event_name":"Forgotten Altar","floor":25,"gold_loss":0,"cards_obtained":["Decay"]},{"damage_healed":0,"gold_gain":0,"player_choice":"Read","damage_taken":0,"max_hp_gain":0,"max_hp_loss":0,"event_name":"The Library","floor":28,"gold_loss":0,"cards_obtained":["Power Through"]}],"is_beta":false,"boss_relics":[{"not_picked":["Velvet Choker","Runic Cube"],"picked":"Mark of Pain"}],"items_purged_floors":[12,21],"is_endless":false,"potions_floor_spawned":[1,5,22,24],"killed_by":"3 Cultists","ascension_level":5}