{"gold_per_floor":[14,14,25,39,39,67,67,83,106,86,86,102,134,144,144,144],"floor_reached":16,"playtime":601,"items_purged":[],"score":162,"play_id":"90cdba45-b2aa-4cd3-8ae7-3f0d6266587c","local_time":"20190108110346","is_ascension_mode":true,"campfire_choices":[{"data":"Reaper","floor":7,"key":"SMITH"},{"floor":11,"key":"REST"},{"data":"Heavy Blade","floor":15,"key":"SMITH"}],"neow_cost":"NO_GOLD","seed_source_timestamp":1586406347500366,"circlet_count":0,"master_deck":["Strike_R","Strike_R","Strike_R","Defend_R","Defend_R","Defend_R","Defend_R","Bash+1","Heavy Blade+1","Reaper+1","Rupture"],"relics":["Burning Blood","Centennial Puzzle","Ancient Tea Set","Vajra","Bag of Marbles"],"potions_floor_usage":[12,13,14,16],"damage_taken":[{"damage":6,"enemies":"2 Louse","floor":1,"turns":4},{"damage":1,"enemies":"Cultist","floor":3,"turns":4},{"damage":10,"enemies":"Small Slimes","floor":4,"turns":3},{"damage":32,"enemies":"Gremlin Nob","floor":6,"turns":4},{"damage":7,"enemies":"Looter","floor":8,"turns":3},{"damage":17,"enemies":"Lots of Slimes","floor":12,"turns":3},{"damage":50,"enemies":"Lagavulin","floor":13,"turns":5},{"damage":10,"enemies":"Exordium Thugs","floor":14,"turns":5},{"damage":74,"enemies":"Slime Boss","floor":16,"turns":10}],"seed_played":"4952539815835238225","potions_obtained":[{"floor":4,"key":"BloodPotion"},{"floor":6,"key":"PowerPotion"},{"floor":10,"key":"FairyPotion"},{"floor":13,"key":"AttackPotion"},{"floor":14,"key":"Fire Potion"}],"is_trial":false,"path_per_floor":["M","?","M","M","?","E","R","M","T","?","R","M","E","M","R","B"],"character_chosen":"IRONCLAD","items_purchased":[],"campfire_rested":1,"item_purchase_floors":[],"current_hp_per_floor":[72,72,77,73,55,29,29,33,33,33,57,77,42,44,44,0],"gold":144,"neow_bonus":"REMOVE_TWO","is_prod":false,"is_daily":false,"chose_seed":false,"campfire_upgraded":2,"win_rate":0,"timestamp":1546963426,"path_taken":["M","?","?","M","?","E","R","M","T","?","R","M","E","M","R","BOSS"],"build_version":"2019-01-03v4","purchased_purges":0,"victory":false,"max_hp_per_floor":[80,80,80,80,80,80,80,80,80,80,80,80,80,80,80,80],"card_choices":[{"not_picked":["Iron Wave","Clothesline","Havoc"],"picked":"SKIP","floor":1},{"not_picked":["Twin Strike","Combust"],"picked":"Heavy Blade","floor":3},{"not_picked":["Shrug It Off","Clothesline","Headbutt"],"picked":"SKIP","floor":4},{"not_picked":["Thunderclap","Perfected Strike"],"picked":"Reaper","floor":6},{"not_picked":["Metallicize","Twin Strike"],"picked":"Rupture","floor":8},{"not_picked":["Twin Strike","Body Slam","Sentinel"],"picked":"SKIP","floor":12},{"not_picked":["Flame Barrier","Headbutt","True Grit"],"picked":"SKIP","floor":13},{"not_picked":["Wild Strike","Metallicize","Warcry"],"picked":"SKIP","floor":14}],"player_experience":347055,"relics_obtained":[{"floor":6,"key":"Ancient Tea Set"},{"floor":9,"key":"Vajra"},{"floor":13,"key":"Bag of Marbles"}],"event_choices":[{"damage_healed":0,"gold_gain":0,"player_choice":"Upgraded","damage_taken":0,"max_hp_gain":0,"max_hp_loss":0,"event_name":"Upgrade Shrine","floor":2,"gold_loss":0,"cards_upgraded":["Bash"]},{"damage_healed":0,"gold_gain":0,"player_choice":"Success","damage_taken":18,"relics_obtained":["Centennial Puzzle"],"max_hp_gain":0,"max_hp_loss":0,"event_name":"Scrap Ooze","floor":5,"gold_loss":0},{"damage_healed":0,"gold_gain":0,"player_choice":"Bought 1 Potion","damage_taken":0,"max_hp_gain":0,"max_hp_loss":0,"event_name":"The Woman in Blue","floor":10,"gold_loss":0}],"is_beta":false,"boss_relics":[],"items_purged_floors":[],"is_endless":false,"potions_floor_spawned":[4,6,13,14],"killed_by":"Slime Boss","ascension_level":9}