{"gold_per_floor":[114,129,144,154,169,169,94,113,163,100,118,118,118,118,118,191,191,204,218,143,143,159,159,1,1],"floor_reached":25,"playtime":1040,"items_purged":["Strike_G","Strike_G"],"score":390,"play_id":"160fda2f-402c-45f9-857b-beb2b30acee9","local_time":"20190224134700","is_ascension_mode":true,"campfire_choices":[{"data":"Neutralize","floor":6,"key":"SMITH"},{"data":"Skewer","floor":12,"key":"SMITH"},{"data":"Dash","floor":15,"key":"SMITH"},{"floor":23,"key":"REST"}],"neow_cost":"NONE","seed_source_timestamp":2798593623516223,"circlet_count":0,"master_deck":["AscendersBane","Defend_G","Defend_G","Defend_G","Defend_G","Defend_G","Strike_G","Strike_G","Strike_G","Survivor","Neutralize+1","Dash+1","Skewer+1","Dodge and Roll+1","Noxious Fumes","Noxious Fumes","Quick Slash"],"relics":["Velvet Choker","Lantern","Cursed Key"],"potions_floor_usage":[16,16,22,25],"damage_taken":[{"damage":4,"enemies":"2 Louse","floor":1,"turns":3},{"damage":10,"enemies":"Small Slimes","floor":2,"turns":4},{"damage":0,"enemies":"Cultist","floor":3,"turns":4},{"damage":2,"enemies":"3 Louse","floor":4,"turns":4},{"damage":6,"enemies":"2 Fungi Beasts","floor":5,"turns":3},{"damage":3,"enemies":"Lots of Slimes","floor":8,"turns":6},{"damage":0,"enemies":"Blue Slaver","floor":11,"turns":3},{"damage":14,"enemies":"Slime Boss","floor":16,"turns":8},{"damage":21,"enemies":"Chosen","floor":18,"turns":8},{"damage":17,"enemies":"3 Byrds","floor":19,"turns":8},{"damage":2,"enemies":"Snake Plant","floor":22,"turns":3},{"damage":37,"enemies":"Slavers","floor":25,"turns":3}],"seed_played":"-669392856779056562","potions_obtained":[{"floor":2,"key":"Fire Potion"},{"floor":3,"key":"SneckoOil"},{"floor":5,"key":"EssenceOfSteel"},{"floor":16,"key":"PowerPotion"},{"floor":18,"key":"Poison Potion"}],"is_trial":false,"path_per_floor":["M","M","M","M","M","R","$","M","T","?","M","R","?","?","R","B",null,"M","M","?","?","M","R","$","E"],"character_chosen":"THE_SILENT","items_purchased":["Quick Slash"],"campfire_rested":1,"item_purchase_floors":[24],"current_hp_per_floor":[55,45,45,43,37,37,37,34,34,34,34,34,50,50,50,36,59,38,21,21,21,19,37,37,0],"gold":1,"neow_bonus":"BOSS_RELIC","is_prod":false,"is_daily":false,"chose_seed":false,"campfire_upgraded":3,"win_rate":0,"timestamp":1551037620,"path_taken":["M","M","M","M","M","R","$","M","T","?","M","R","?","?","R","BOSS","M","?","?","?","M","R","$","E"],"build_version":"2019-02-06","purchased_purges":2,"victory":false,"max_hp_per_floor":[66,66,66,66,66,66,66,66,66,66,66,66,66,66,66,66,66,66,66,63,63,63,63,63,63],"card_choices":[{"not_picked":["Dodge and Roll","Endless Agony"],"picked":"Dash","floor":1},{"not_picked":["Outmaneuver","Accuracy","Choke"],"picked":"SKIP","floor":2},{"not_picked":["Masterful Stab","Underhanded Strike","Choke"],"picked":"SKIP","floor":3},{"not_picked":["Expertise","Caltrops"],"picked":"Skewer","floor":4},{"not_picked":["All Out Attack","Caltrops","Bane"],"picked":"SKIP","floor":5},{"not_picked":["Dagger Throw","Deflect","Accuracy"],"picked":"SKIP","floor":8},{"not_picked":["Flying Knee","Bane"],"picked":"Dodge and Roll","floor":11},{"not_picked":["Dagger Spray","Quick Slash"],"picked":"Noxious Fumes","floor":18},{"not_picked":["Slice","Prepared"],"picked":"Noxious Fumes","floor":19},{"not_picked":["Outmaneuver","Expertise","Calculated Gamble"],"picked":"SKIP","floor":22}],"player_experience":835846,"relics_obtained":[{"floor":9,"key":"Lantern"}],"event_choices":[{"damage_healed":0,"gold_gain":0,"player_choice":"Left Gold","damage_taken":0,"max_hp_gain":0,"max_hp_loss":0,"event_name":"World of Goop","floor":10,"gold_loss":63},{"damage_healed":16,"gold_gain":0,"player_choice":"Healed and dodged fight","damage_taken":0,"max_hp_gain":0,"max_hp_loss":0,"event_name":"Mushrooms","floor":13,"gold_loss":0,"cards_obtained":["Parasite"]},{"damage_healed":0,"gold_gain":0,"player_choice":"0 cards matched","damage_taken":0,"max_hp_gain":0,"max_hp_loss":0,"event_name":"Match and Keep!","floor":14,"gold_loss":0,"cards_obtained":[]},{"cards_removed":["Parasite"],"damage_healed":0,"gold_gain":0,"player_choice":"Gave Gold","damage_taken":0,"max_hp_gain":0,"max_hp_loss":0,"event_name":"Beggar","floor":20,"gold_loss":75},{"damage_healed":0,"gold_gain":0,"player_choice":"Upgraded","damage_taken":0,"max_hp_gain":0,"max_hp_loss":0,"event_name":"Upgrade Shrine","floor":21,"gold_loss":0,"cards_upgraded":["Dodge and Roll"]}],"is_beta":true,"boss_relics":[{"not_picked":["Tiny House","Coffee Dripper"],"picked":"Cursed Key"}],"items_purged_floors":[7,24],"is_endless":false,"potions_floor_spawned":[2,3,5,16,18],"killed_by":"Slavers","ascension_level":20}