{"gold_per_floor":[122,153,177,189,221,266,278,320,358,384,396,408,133,152,152,252,252,268,285,71,87,99,99,113,129,129,139,171,186,111,111],"floor_reached":31,"playtime":1396,"items_purged":["Parasite"],"score":287,"play_id":"d0eb4937-3bf6-4024-8b35-ff43a7161b7e","local_time":"20190102005649","is_ascension_mode":true,"campfire_choices":[{"floor":7,"key":"REST"},{"floor":15,"key":"REST"},{"floor":23,"key":"REST"}],"neow_cost":"NONE","seed_source_timestamp":49581648108990,"circlet_count":0,"master_deck":["Strike_R","Strike_R+1","Strike_R","Strike_R","Defend_R+1","Defend_R","Defend_R","Defend_R+1","Bash+1","Disarm","Pummel","Dropkick","Pummel","Apotheosis","Anger","Rampage","Demon Form","Ghostly Armor+1","Rampage","Infernal Blade","Uppercut+1","Rage","Perfected Strike+1","Anger","Wild Strike+1"],"relics":["Burning Blood","MawBank","Boot","Blood Vial","Whetstone","Happy Flower","Paper Frog","PreservedInsect"],"potions_floor_usage":[5,8,16,28,28],"damage_taken":[{"damage":2,"enemies":"2 Louse","floor":1,"turns":3},{"damage":6,"enemies":"Jaw Worm","floor":2,"turns":3},{"damage":4,"enemies":"Small Slimes","floor":3,"turns":4},{"damage":10,"enemies":"2 Fungi Beasts","floor":5,"turns":5},{"damage":36,"enemies":"Gremlin Nob","floor":6,"turns":6},{"damage":49,"enemies":"3 Sentries","floor":8,"turns":9},{"damage":6,"enemies":"Large Slime","floor":10,"turns":4},{"damage":13,"enemies":"Red Slaver","floor":14,"turns":2},{"damage":37,"enemies":"Hexaghost","floor":16,"turns":8},{"damage":24,"enemies":"3 Byrds","floor":18,"turns":5},{"damage":0,"enemies":"Chosen","floor":19,"turns":4},{"damage":24,"enemies":"Centurion and Healer","floor":21,"turns":8},{"damage":17,"enemies":"Chosen and Byrds","floor":22,"turns":4},{"damage":40,"enemies":"Sentry and Sphere","floor":24,"turns":6},{"damage":9,"enemies":"Snake Plant","floor":25,"turns":6},{"damage":16,"enemies":"Centurion and Healer","floor":27,"turns":6},{"damage":9,"enemies":"Book of Stabbing","floor":28,"turns":5},{"damage":23,"enemies":"Sentry and Sphere","floor":29,"turns":5},{"damage":13,"enemies":"3 Cultists","floor":31,"turns":4}],"seed_played":"-7100968639313624538","potions_obtained":[{"floor":2,"key":"EssenceOfSteel"},{"floor":6,"key":"PowerPotion"},{"floor":10,"key":"Fire Potion"},{"floor":19,"key":"EssenceOfSteel"},{"floor":21,"key":"Strength Potion"},{"floor":24,"key":"GamblersBrew"}],"is_trial":false,"path_per_floor":["M","M","M","?","M","E","R","E","T","M","?","?","$","M","R","B",null,"M","M","$","M","M","R","M","M","T","M","E","M","?","M"],"character_chosen":"IRONCLAD","items_purchased":["Apotheosis","Anger","Infernal Blade","Happy Flower"],"campfire_rested":3,"item_purchase_floors":[13,13,20,20],"current_hp_per_floor":[80,80,80,64,60,30,54,11,11,13,13,33,33,28,51,22,77,59,67,67,51,42,65,33,32,32,24,23,8,8,0],"gold":111,"neow_bonus":"RANDOM_COMMON_RELIC","is_prod":false,"is_daily":false,"chose_seed":false,"campfire_upgraded":0,"win_rate":0,"timestamp":1546358209,"path_taken":["M","M","M","?","M","E","R","E","T","M","?","?","$","M","R","BOSS","M","M","$","M","M","R","M","M","T","M","E","M","?","M"],"build_version":"2018-12-20","purchased_purges":1,"victory":false,"max_hp_per_floor":[80,80,80,80,80,80,80,80,80,80,80,80,77,77,77,77,77,77,77,77,77,77,77,77,77,77,77,77,77,77,77],"card_choices":[{"not_picked":["True Grit","Wild Strike","Warcry"],"picked":"SKIP","floor":1},{"not_picked":["Twin Strike","Heavy Blade"],"picked":"Disarm","floor":2},{"not_picked":["Wild Strike","Havoc"],"picked":"Pummel","floor":3},{"not_picked":["Wild Strike","Warcry","Sever Soul"],"picked":"SKIP","floor":5},{"not_picked":["Thunderclap","Dual Wield"],"picked":"Dropkick","floor":6},{"not_picked":["Dark Embrace","Heavy Blade"],"picked":"Pummel","floor":8},{"not_picked":["Sword Boomerang","Combust","Second Wind"],"picked":"SKIP","floor":10},{"not_picked":["Fire Breathing","Rupture"],"picked":"Rampage","floor":14},{"not_picked":["Immolate","Brutality"],"picked":"Demon Form","floor":16},{"not_picked":["Heavy Blade+1","Cleave"],"picked":"Ghostly Armor+1","floor":18},{"not_picked":["Clothesline+1","Anger"],"picked":"Rampage","floor":19},{"not_picked":["Shrug It Off+1","Clothesline"],"picked":"Uppercut+1","floor":21},{"not_picked":["Pommel Strike","Flex"],"picked":"Rage","floor":22},{"not_picked":["Shrug It Off","Rupture","Feel No Pain"],"picked":"SKIP","floor":24},{"not_picked":["Thunderclap","Iron Wave+1"],"picked":"Perfected Strike+1","floor":25},{"not_picked":["Dropkick","Cleave"],"picked":"Anger","floor":27},{"not_picked":["Armaments","Havoc"],"picked":"Wild Strike+1","floor":28},{"not_picked":["Corruption+1","Uppercut","Blood for Blood"],"picked":"SKIP","floor":29}],"player_experience":26076,"relics_obtained":[{"floor":6,"key":"Boot"},{"floor":8,"key":"Blood Vial"},{"floor":9,"key":"Whetstone"},{"floor":26,"key":"Paper Frog"},{"floor":28,"key":"PreservedInsect"}],"event_choices":[{"damage_healed":0,"gold_gain":0,"player_choice":"Entered Light","damage_taken":16,"max_hp_gain":0,"max_hp_loss":0,"event_name":"Shining Light","floor":4,"gold_loss":0,"cards_upgraded":["Defend_R","Defend_R"]},{"damage_healed":0,"gold_gain":0,"player_choice":"Ignored","damage_taken":0,"max_hp_gain":0,"max_hp_loss":0,"event_name":"Liars Game","floor":11,"gold_loss":0},{"damage_healed":20,"gold_gain":0,"player_choice":"Healed and dodged fight","damage_taken":0,"max_hp_gain":0,"max_hp_loss":0,"event_name":"Mushrooms","floor":12,"gold_loss":0,"cards_obtained":["Parasite"]},{"cards_removed":["Strike_R"],"damage_healed":0,"gold_gain":0,"player_choice":"Gave Gold","damage_taken":0,"max_hp_gain":0,"max_hp_loss":0,"event_name":"Beggar","floor":30,"gold_loss":75}],"is_beta":false,"boss_relics":[{"not_picked":["Ectoplasm","Fusion Hammer","Snecko Eye"]}],"items_purged_floors":[13],"is_endless":false,"potions_floor_spawned":[2,6,10,19,21,24,27],"killed_by":"3 Cultists","ascension_level":1}