{"gold_per_floor":[118,131,56,68,68,68,96,107,175,175,175,209,23,23],"floor_reached":14,"playtime":543,"items_purged":["Writhe","Strike_B"],"score":140,"play_id":"b3971939-5b60-45d2-81fd-215633b40ba3","local_time":"20190125101928","is_ascension_mode":true,"campfire_choices":[{"data":"Chill","floor":6,"key":"SMITH"},{"data":"Streamline","floor":10,"key":"SMITH"}],"neow_cost":"NONE","seed_source_timestamp":640482677961005,"circlet_count":0,"master_deck":["Strike_B","Strike_B","Strike_B","Defend_B","Defend_B","Defend_B","Defend_B","Zap","Dualcast","Clumsy","Clumsy","Streamline","Chill+1","Redo","Streamline+1","Loop","Conserve Battery+1","Redo+1","Conserve Battery+1","Tempest+1"],"relics":["Calling Bell","Juzu Bracelet","Mummified Hand","Thread and Needle","Ice Cream","Smiling Mask","Toxic Egg 2","Potion Belt"],"potions_floor_usage":[7,12,14],"damage_taken":[{"damage":5,"enemies":"2 Louse","floor":1,"turns":2},{"damage":3,"enemies":"Jaw Worm","floor":2,"turns":3},{"damage":0,"enemies":"Cultist","floor":4,"turns":4},{"damage":28,"enemies":"Gremlin Nob","floor":7,"turns":5},{"damage":2,"enemies":"2 Fungi Beasts","floor":8,"turns":4},{"damage":1,"enemies":"Lots of Slimes","floor":11,"turns":5},{"damage":14,"enemies":"Lagavulin","floor":12,"turns":7},{"damage":14,"enemies":"Gremlin Gang","floor":14,"turns":3}],"seed_played":"3768033001870632692","potions_obtained":[{"floor":1,"key":"LiquidBronze"},{"floor":2,"key":"Explosive Potion"},{"floor":7,"key":"SpeedPotion"}],"is_trial":false,"path_per_floor":["M","M","$","M","?","R","E","M","T","R","M","E","$","M"],"character_chosen":"DEFECT","items_purchased":["Conserve Battery+1","Tempest+1","SkillPotion"],"campfire_rested":0,"item_purchase_floors":[13,13,13],"current_hp_per_floor":[63,60,60,60,57,57,29,27,27,27,26,12,12,0],"gold":23,"neow_bonus":"BOSS_RELIC","is_prod":false,"is_daily":false,"chose_seed":false,"campfire_upgraded":2,"win_rate":0,"timestamp":1548429568,"path_taken":["M","M","$","M","?","R","E","M","T","R","M","E","$","M"],"build_version":"2019-01-23","purchased_purges":2,"victory":false,"max_hp_per_floor":[75,75,75,75,75,75,75,75,75,75,75,75,75,75],"card_choices":[{"not_picked":["Cold Snap","Stack"],"picked":"Streamline","floor":1},{"not_picked":["Barrage","Ball Lightning"],"picked":"Chill","floor":2},{"not_picked":["Sweeping Beam","Turbo"],"picked":"Redo","floor":4},{"not_picked":["Machine Learning","Hologram"],"picked":"Streamline","floor":7},{"not_picked":["Barrage","Compile Driver"],"picked":"Loop","floor":8},{"not_picked":["Beam Cell","Leap+1"],"picked":"Conserve Battery+1","floor":11},{"not_picked":["Gash","Aggregate+1"],"picked":"Redo+1","floor":12}],"player_experience":433955,"relics_obtained":[{"floor":0,"key":"Juzu Bracelet"},{"floor":0,"key":"Mummified Hand"},{"floor":0,"key":"Thread and Needle"},{"floor":7,"key":"Smiling Mask"},{"floor":9,"key":"Toxic Egg 2"},{"floor":12,"key":"Potion Belt"}],"event_choices":[{"damage_healed":0,"gold_gain":0,"player_choice":"Success","damage_taken":3,"relics_obtained":["Ice Cream"],"max_hp_gain":0,"max_hp_loss":0,"event_name":"Scrap Ooze","floor":5,"gold_loss":0}],"is_beta":false,"boss_relics":[],"items_purged_floors":[3,13],"is_endless":false,"potions_floor_spawned":[1,2,7],"killed_by":"Gremlin Gang","ascension_level":8}