{"gold_per_floor":[115,26,26,51,51,71,99,99,125,125,137,168,198,211,211,286,286,297,307,325,335,347,347,347],"floor_reached":24,"playtime":1695,"items_purged":[],"score":419,"play_id":"30f8e934-8137-4adf-b92f-a21799226c83","local_time":"20190228231740","is_ascension_mode":true,"campfire_choices":[{"data":"Neutralize","floor":8.0,"key":"SMITH"},{"data":"Leg Sweep","floor":10.0,"key":"SMITH"},{"floor":15.0,"key":"REST"},{"data":"Footwork","floor":23.0,"key":"SMITH"}],"neow_cost":"NONE","seed_source_timestamp":161658797940591,"circlet_count":0,"master_deck":["AscendersBane","Defend_G","Defend_G","Defend_G","Defend_G","Defend_G","Strike_G","Strike_G","Strike_G","Strike_G","Survivor","Neutralize+1","Leg Sweep+1","Well Laid Plans","Dash","Infinite Blades","Malaise","Footwork+1","Blade Dance+1"],"special_seed":0,"relics":["Ring of the Snake","NeowsBlessing","Strawberry","Oddly Smooth Stone","Smiling Mask","Bag of Preparation","Pen Nib","WristBlade"],"potions_floor_usage":[24],"damage_taken":[{"damage":0.0,"enemies":"2 Louse","floor":1.0,"turns":1.0},{"damage":0.0,"enemies":"Jaw Worm","floor":6.0,"turns":1.0},{"damage":0.0,"enemies":"Gremlin Nob","floor":7.0,"turns":1.0},{"damage":0.0,"enemies":"Cultist","floor":11.0,"turns":6.0},{"damage":29.0,"enemies":"Lagavulin","floor":12.0,"turns":11.0},{"damage":8.0,"enemies":"Looter","floor":14.0,"turns":4.0},{"damage":20.0,"enemies":"Slime Boss","floor":16.0,"turns":13.0},{"damage":0.0,"enemies":"Chosen","floor":18.0,"turns":7.0},{"damage":5.0,"enemies":"Shell Parasite","floor":19.0,"turns":8.0},{"damage":23.0,"enemies":"3 Cultists","floor":20.0,"turns":7.0},{"damage":12.0,"enemies":"Centurion and Healer","floor":21.0,"turns":9.0},{"damage":3.0,"enemies":"Snecko","floor":22.0,"turns":5.0},{"damage":34,"enemies":"Slavers","floor":24,"turns":4}],"seed_played":"8862749040650485301","potions_obtained":[{"floor":1.0,"key":"Strength Potion"},{"floor":11.0,"key":"PowerPotion"},{"floor":12.0,"key":"GamblersBrew"},{"floor":16.0,"key":"Regen Potion"},{"floor":19.0,"key":"Explosive Potion"},{"floor":22.0,"key":"LiquidBronze"}],"is_trial":false,"path_per_floor":["M","$","?","T","$","M","E","R","T","R","M","E","?","M","R","B",null,"M","M","M","M","M","R","E"],"character_chosen":"THE_SILENT","items_purchased":["Well Laid Plans"],"campfire_rested":1,"item_purchase_floors":[2],"current_hp_per_floor":[59,59,52,59,59,59,59,59,59,59,59,30,30,22,43,23,61,61,56,48,36,33,33,0],"gold":347,"neow_bonus":"THREE_ENEMY_KILL","is_prod":false,"is_daily":false,"chose_seed":false,"campfire_upgraded":3,"win_rate":0,"timestamp":1551424660,"path_taken":["M","$","?","?","$","?","E","R","T","R","M","E","?","M","R","BOSS","M","M","M","M","M","R","E"],"build_version":"2019-01-23","purchased_purges":0,"victory":false,"max_hp_per_floor":[66,66,66,73,73,73,73,73,73,73,73,73,73,73,73,73,73,73,73,73,73,73,73,73],"card_choices":[{"not_picked":["Underhanded Strike","Deflect"],"picked":"Leg Sweep","floor":1.0},{"not_picked":["Dodge and Roll","Caltrops","Dagger Throw"],"picked":"SKIP","floor":6.0},{"not_picked":["Deflect","Underhanded Strike","Wraith Form v2"],"picked":"SKIP","floor":7.0},{"not_picked":["Dodge and Roll","PiercingWail"],"picked":"Dash","floor":11.0},{"not_picked":["PiercingWail","Underhanded Strike","Endless Agony"],"picked":"SKIP","floor":12.0},{"not_picked":["Reflex","Dagger Throw"],"picked":"Infinite Blades","floor":14.0},{"not_picked":["Tools of the Trade","Night Terror"],"picked":"Malaise","floor":16.0},{"not_picked":["Deflect","Flying Knee","Outmaneuver"],"picked":"SKIP","floor":18.0},{"not_picked":["Backflip","Setup+1"],"picked":"Footwork","floor":19.0},{"not_picked":["Dodge and Roll","Bane+1"],"picked":"Blade Dance+1","floor":20.0},{"not_picked":["Slice","Deflect","Caltrops"],"picked":"SKIP","floor":21.0},{"not_picked":["Deflect","Concentrate","Dagger Spray"],"picked":"SKIP","floor":22.0}],"player_experience":553105,"relics_obtained":[{"floor":4.0,"key":"Strawberry"},{"floor":7.0,"key":"Oddly Smooth Stone"},{"floor":9.0,"key":"Smiling Mask"},{"floor":12.0,"key":"Bag of Preparation"}],"event_choices":[{"cards_removed":["Strike_G"],"damage_healed":0.0,"max_hp_gain":0.0,"max_hp_loss":0.0,"gold_gain":0.0,"event_name":"Golden Wing","player_choice":"Card Removal","floor":3.0,"gold_loss":0.0,"damage_taken":7.0},{"damage_healed":0.0,"max_hp_gain":0.0,"max_hp_loss":0.0,"gold_gain":30.0,"event_name":"Dead Adventurer","player_choice":"Searched \u00272\u0027 times","floor":13.0,"gold_loss":0.0,"damage_taken":0.0,"relics_obtained":["Pen Nib"]}],"is_beta":false,"boss_relics":[{"not_picked":["Fusion Hammer","Cursed Key"],"picked":"WristBlade"}],"items_purged_floors":[],"is_endless":false,"potions_floor_spawned":[1,11,12,16,19,22],"killed_by":"Slavers","ascension_level":16}