{"gold_per_floor":[117,129,129,148,162,162,197,197,197,197,220,5,29,25,25,120,120,144,165,165,90,104,132,132,149,149,149,162,32,32,66,66,66],"floor_reached":33,"playtime":2236,"items_purged":["Strike_R"],"score":549,"play_id":"a66a6111-78a4-48a8-93b3-e6803bfa9734","local_time":"20190127151206","is_ascension_mode":true,"campfire_choices":[{"data":"Clothesline","floor":6,"key":"SMITH"},{"floor":8,"key":"REST"},{"data":"True Grit","floor":15,"key":"SMITH"},{"data":"Rampage","floor":24,"key":"SMITH"},{"data":"Body Slam","floor":30,"key":"SMITH"},{"floor":32,"key":"RECALL"}],"neow_cost":"TEN_PERCENT_HP_LOSS","seed_source_timestamp":829135948267929,"circlet_count":0,"master_deck":["AscendersBane","Strike_R","Strike_R","Strike_R","Defend_R","Defend_R","Defend_R","Defend_R","Bash","Rampage+1","Clothesline+1","Shockwave","Spot Weakness","True Grit+1","Dark Embrace","Second Wind","Feel No Pain","Feel No Pain","Reaper","Corruption","Intimidate","Barricade","Body Slam+1","Second Wind"],"relics":["Burning Blood","Gambling Chip","Turnip","Mummified Hand","Torii","Bloody Idol","Sozu","PreservedInsect","Pantograph","Omamori"],"potions_floor_usage":[7,11,14,16],"damage_taken":[{"damage":5,"enemies":"2 Louse","floor":1,"turns":6},{"damage":9,"enemies":"Jaw Worm","floor":2,"turns":4},{"damage":12,"enemies":"Small Slimes","floor":4,"turns":5},{"damage":13,"enemies":"Exordium Wildlife","floor":5,"turns":4},{"damage":45,"enemies":"3 Sentries","floor":7,"turns":7},{"damage":7,"enemies":"Looter","floor":11,"turns":3},{"damage":3,"enemies":"Blue Slaver","floor":13,"turns":5},{"damage":12,"enemies":"Exordium Thugs","floor":14,"turns":6},{"damage":9,"enemies":"Hexaghost","floor":16,"turns":8},{"damage":6,"enemies":"Chosen","floor":18,"turns":7},{"damage":11,"enemies":"Shell Parasite","floor":19,"turns":8},{"damage":0,"enemies":"Snecko","floor":22,"turns":5},{"damage":34,"enemies":"Gremlin Leader","floor":23,"turns":8},{"damage":9,"enemies":"Centurion and Healer","floor":25,"turns":7},{"damage":18,"enemies":"Snake Plant","floor":28,"turns":5},{"damage":15,"enemies":"Book of Stabbing","floor":31,"turns":6},{"damage":75,"enemies":"Automaton","floor":33,"turns":6}],"seed_played":"5216131258538113872","potions_obtained":[{"floor":4,"key":"Explosive Potion"},{"floor":7,"key":"Explosive Potion"},{"floor":11,"key":"SkillPotion"},{"floor":14,"key":"SmokeBomb"}],"is_trial":false,"path_per_floor":["M","M","?","M","M","R","E","R","T","?","M","$","M","M","R","B",null,"M","M","?","?","M","E","R","M","T","?","M","$","R","E","R","B"],"character_chosen":"IRONCLAD","items_purchased":["Second Wind","Feel No Pain","PowerPotion","Body Slam"],"campfire_rested":1,"item_purchase_floors":[12,12,12,29],"current_hp_per_floor":[68,65,60,54,47,47,8,28,28,28,27,27,30,24,24,21,52,58,60,60,60,62,62,62,62,62,62,56,56,56,59,59,0],"gold":66,"neow_bonus":"ONE_RARE_RELIC","is_prod":false,"is_daily":false,"chose_seed":false,"campfire_upgraded":4,"win_rate":0,"timestamp":1548619926,"path_taken":["M","M","?","M","M","R","E","R","T","?","M","$","M","M","R","BOSS","M","M","?","?","?","E","R","M","T","?","M","$","R","E","R","BOSS"],"build_version":"2019-01-23","purchased_purges":1,"victory":false,"max_hp_per_floor":[68,68,68,68,68,68,68,68,68,62,62,62,62,62,62,62,62,62,62,62,62,62,62,62,62,62,62,62,62,62,62,62,62],"card_choices":[{"not_picked":["Headbutt","Armaments"],"picked":"Rampage","floor":1},{"not_picked":["Disarm","Iron Wave"],"picked":"Clothesline","floor":2},{"not_picked":["Inflame","Armaments"],"picked":"Shockwave","floor":4},{"not_picked":["Body Slam","Searing Blow"],"picked":"Spot Weakness","floor":5},{"not_picked":["Twin Strike","Dual Wield"],"picked":"True Grit","floor":7},{"not_picked":["Hemokinesis","Armaments"],"picked":"Dark Embrace","floor":11},{"not_picked":["Cleave","Clothesline"],"picked":"Feel No Pain","floor":13},{"not_picked":["Body Slam","Cleave","Wild Strike"],"picked":"SKIP","floor":14},{"not_picked":["Dark Embrace","Impervious"],"picked":"Reaper","floor":16},{"not_picked":["Headbutt","Flex"],"picked":"Corruption","floor":18},{"not_picked":["Clothesline+1","Searing Blow","Fire Breathing"],"picked":"SKIP","floor":19},{"not_picked":["Spot Weakness","Headbutt","Twin Strike"],"picked":"SKIP","floor":22},{"not_picked":["Anger","Bloodletting","Flex"],"picked":"SKIP","floor":23},{"not_picked":["Headbutt","Clash"],"picked":"Intimidate","floor":25},{"not_picked":["Thunderclap","Barricade","Armaments"],"picked":"SKIP","floor":28},{"not_picked":["Pommel Strike","Hemokinesis"],"picked":"Second Wind","floor":31}],"player_experience":505547,"relics_obtained":[{"floor":7,"key":"Mummified Hand"},{"floor":9,"key":"Torii"},{"floor":23,"key":"PreservedInsect"},{"floor":26,"key":"Pantograph"},{"floor":31,"key":"Omamori"}],"event_choices":[{"damage_healed":0,"gold_gain":0,"player_choice":"Success","damage_taken":5,"relics_obtained":["Turnip"],"max_hp_gain":0,"max_hp_loss":0,"event_name":"Scrap Ooze","floor":3,"gold_loss":0},{"damage_healed":0,"gold_gain":0,"player_choice":"Lose Max HP","damage_taken":0,"relics_obtained":["Golden Idol"],"max_hp_gain":0,"max_hp_loss":6,"event_name":"Golden Idol","floor":10,"gold_loss":0},{"damage_healed":0,"gold_gain":0,"player_choice":"Gave Idol","damage_taken":0,"relics_obtained":["Bloody Idol"],"max_hp_gain":0,"max_hp_loss":0,"event_name":"Forgotten Altar","floor":20,"relics_lost":["Golden Idol"],"gold_loss":0},{"cards_removed":["Strike_R"],"damage_healed":0,"gold_gain":0,"player_choice":"Gave Gold","damage_taken":0,"max_hp_gain":0,"max_hp_loss":0,"event_name":"Beggar","floor":21,"gold_loss":75},{"damage_healed":0,"gold_gain":0,"player_choice":"Read","damage_taken":0,"max_hp_gain":0,"max_hp_loss":0,"event_name":"The Library","floor":27,"gold_loss":0,"cards_obtained":["Barricade"]}],"is_beta":false,"boss_relics":[{"not_picked":["Eternal Feather","White Beast Statue"],"picked":"Sozu"}],"items_purged_floors":[29],"is_endless":false,"potions_floor_spawned":[4,7,11,14,23,28,31],"killed_by":"Automaton","ascension_level":18}