{"gold_per_floor":[112,128,203,203,203,246,269,305,358,398,398,398,398,433,433,522,522,536,555,680,24,42,86,86,86,86,105,105,105,105,168,168,239,239,249,249,260,310,326,353,353,385,433,433,533,533,533,552,552,552,552,552,43,68,68],"floor_reached":56,"playtime":5056,"items_purged":["Pain"],"score":2305,"play_id":"02d4ce54-9af5-4bfc-9516-503777c32542","local_time":"20190213234050","is_ascension_mode":true,"campfire_choices":[{"data":"Conserve Battery","floor":11.0,"key":"SMITH"},{"data":"Loop","floor":13.0,"key":"SMITH"},{"data":"Rip and Tear","floor":15.0,"key":"SMITH"},{"floor":25.0,"key":"REST"},{"data":"Seek","floor":32.0,"key":"SMITH"},{"data":"Double Energy","floor":41.0,"key":"SMITH"},{"data":"Zap","floor":47.0,"key":"SMITH"},{"floor":49.0,"key":"RECALL"},{"data":"Dualcast","floor":52.0,"key":"SMITH"}],"neow_cost":"NONE","seed_source_timestamp":0,"circlet_count":0,"master_deck":["AscendersBane","Strike_B","Strike_B+1","Strike_B","Strike_B+1","Defend_B","Defend_B","Zap+1","Dualcast+1","BootSequence","Conserve Battery+1","Redo","Loop+1","Seek+1","Double Energy+1","Sweeping Beam","Rip and Tear+1","Echo Form","Streamline","Leap+1","White Noise+1","Discovery+1","Thinking Ahead+1","Stack+1","Reprogram+1","Multi-Cast+1","Regret","Melter","RitualDagger","Gash","Rainbow+1","Fusion+1","Dark Shackles+1","Madness+1","Madness+1","Stack+1","Hologram+1","Undo+1","Glacier+1","Defragment+1","Madness+1","Aggregate+1"],"special_seed":0,"relics":["Cracked Core","NeowsBlessing","Bloody Idol","Letter Opener","Whetstone","PreservedInsect","Sundial","Toxic Egg 2","Cursed Key","Dead Branch","Bottled Flame","Gremlin Horn","Frozen Egg 2","Pear","MutagenicStrength","Tiny Chest","Inserter","Pantograph","Bronze Scales","Du-Vu Doll","Calipers","Ice Cream"],"potions_floor_usage":[55],"damage_taken":[{"damage":0.0,"enemies":"2 Louse","floor":1.0,"turns":1.0},{"damage":0.0,"enemies":"Small Slimes","floor":2.0,"turns":1.0},{"damage":0.0,"enemies":"3 Sentries","floor":6.0,"turns":1.0},{"damage":0.0,"enemies":"Jaw Worm","floor":7.0,"turns":3.0},{"damage":2.0,"enemies":"Lagavulin","floor":8.0,"turns":7.0},{"damage":2.0,"enemies":"Gremlin Nob","floor":10.0,"turns":3.0},{"damage":20.0,"enemies":"Lagavulin","floor":14.0,"turns":6.0},{"damage":19.0,"enemies":"Hexaghost","floor":16.0,"turns":9.0},{"damage":0.0,"enemies":"Chosen","floor":18.0,"turns":4.0},{"damage":23.0,"enemies":"3 Byrds","floor":19.0,"turns":4.0},{"damage":10.0,"enemies":"Colosseum Slavers","floor":20.0,"turns":3.0},{"damage":15.0,"enemies":"Colosseum Nobs","floor":20.0,"turns":3.0},{"damage":0.0,"enemies":"Centurion and Healer","floor":22.0,"turns":5.0},{"damage":0.0,"enemies":"Slavers","floor":23.0,"turns":3.0},{"damage":8.0,"enemies":"Snake Plant","floor":27.0,"turns":3.0},{"damage":0.0,"enemies":"Gremlin Leader","floor":31.0,"turns":4.0},{"damage":18.0,"enemies":"Automaton","floor":33.0,"turns":9.0},{"damage":0.0,"enemies":"3 Darklings","floor":35.0,"turns":2.0},{"damage":0.0,"enemies":"Orb Walker","floor":37.0,"turns":2.0},{"damage":3.0,"enemies":"Transient","floor":39.0,"turns":6.0},{"damage":6.0,"enemies":"Reptomancer","floor":40.0,"turns":4.0},{"damage":16.0,"enemies":"Giant Head","floor":42.0,"turns":6.0},{"damage":21.0,"enemies":"Mind Bloom Boss Battle","floor":45.0,"turns":4.0},{"damage":3.0,"enemies":"Writhing Mass","floor":48.0,"turns":5.0},{"damage":61.0,"enemies":"Donu and Deca","floor":50.0,"turns":7.0},{"damage":51,"enemies":"Shield and Spear","floor":54,"turns":8},{"damage":24,"enemies":"The Heart","floor":55,"turns":12}],"seed_played":"8536361533185388789","potions_obtained":[{"floor":6.0,"key":"SkillPotion"},{"floor":7.0,"key":"Dexterity Potion"},{"floor":8.0,"key":"EntropicBrew"},{"floor":19.0,"key":"Weak Potion"},{"floor":23.0,"key":"Explosive Potion"},{"floor":27.0,"key":"SkillPotion"},{"floor":39.0,"key":"Regen Potion"},{"floor":42.0,"key":"FearPotion"},{"floor":54,"key":"PowerPotion"}],"is_trial":false,"path_per_floor":["M","M","?","?","?","E","M","E","T","E","R","?","R","E","R","B",null,"M","M","?","$","M","E","?","R","T","M","?","?","?","E","R","B",null,"M","?","M","?","M","E","R","E","T","?","?","?","R","M","R","B",null,"R","$","E","B",null],"character_chosen":"DEFECT","items_purchased":["Gremlin Horn","Discovery+1","Thinking Ahead+1","Stack+1","Calipers","Madness+1"],"campfire_rested":1,"item_purchase_floors":[21,21,21,21,53,53],"current_hp_per_floor":[64,64,53,53,53,53,53,51,51,49,49,42,42,22,22,18,53,53,30,5,5,5,5,5,24,34,26,20,20,20,30,30,17,60,65,55,60,65,67,66,66,55,60,60,63,63,63,65,65,13,59,59,59,13,14],"gold":68,"neow_bonus":"THREE_ENEMY_KILL","is_prod":false,"is_daily":false,"chose_seed":false,"campfire_upgraded":7,"win_rate":0,"timestamp":1550097650,"path_taken":["M","M","?","?","?","E","M","E","T","E","R","?","R","E","R","BOSS","M","M","?","$","M","E","?","R","T","M","?","?","?","E","R","BOSS","M","?","M","?","?","E","R","E","T","?","?","?","R","M","R","BOSS","R","$","E","BOSS"],"build_version":"2019-01-23","purchased_purges":1,"victory":true,"max_hp_per_floor":[71,71,71,71,64,64,64,64,64,64,64,64,64,64,64,64,64,64,64,64,64,64,64,64,64,74,74,74,74,74,74,74,74,74,74,74,74,74,74,74,74,74,74,74,74,74,74,74,74,74,74,74,74,74,74],"card_choices":[{"not_picked":["Streamline","Steam"],"picked":"BootSequence","floor":1.0},{"not_picked":["Go for the Eyes","Streamline"],"picked":"Conserve Battery","floor":2.0},{"not_picked":["Conserve Battery","Sweeping Beam"],"picked":"Loop","floor":6.0},{"not_picked":["Turbo","BootSequence"],"picked":"Seek","floor":7.0},{"not_picked":["Scrape","Recycle"],"picked":"Double Energy","floor":8.0},{"not_picked":["Compile Driver","Storm"],"picked":"Sweeping Beam","floor":10.0},{"not_picked":["Turbo","Hologram"],"picked":"Rip and Tear","floor":14.0},{"not_picked":["Multi-Cast+1","Machine Learning"],"picked":"Echo Form","floor":16.0},{"not_picked":["Turbo+1","Redo+1"],"picked":"Streamline","floor":18.0},{"not_picked":["Beam Cell","Barrage"],"picked":"Leap+1","floor":19.0},{"not_picked":["Hologram+1","Go for the Eyes"],"picked":"White Noise+1","floor":20.0},{"not_picked":["Rebound","Sweeping Beam"],"picked":"Reprogram+1","floor":22.0},{"not_picked":["Consume+1","Turbo+1"],"picked":"Multi-Cast+1","floor":23.0},{"not_picked":["Ball Lightning","Static Discharge+1"],"picked":"Melter","floor":27.0},{"not_picked":["Blizzard","Self Repair+1"],"picked":"Gash","floor":31.0},{"not_picked":["All For One","Fission+1"],"picked":"Rainbow+1","floor":33.0},{"not_picked":["Hologram+1","Barrage"],"picked":"Fusion+1","floor":35.0},{"not_picked":["Swift Strike","Deep Breath+1"],"picked":"Dark Shackles+1","floor":36.0},{"not_picked":["Swift Strike","Flash of Steel"],"picked":"Madness+1","floor":36.0},{"not_picked":["Flash of Steel","Mind Blast"],"picked":"Madness+1","floor":36.0},{"not_picked":["Compile Driver","Darkness+1"],"picked":"Beam Cell+1","floor":37.0},{"not_picked":["Streamline","Blizzard"],"picked":"Stack+1","floor":39.0},{"not_picked":["Auto Shields+1","Leap+1"],"picked":"Hologram+1","floor":40.0},{"not_picked":["Reprogram+1","Streamline"],"picked":"Undo+1","floor":42.0},{"not_picked":["Electrodynamics+1","Turbo+1"],"picked":"Glacier+1","floor":45.0},{"not_picked":["Streamline+1","Darkness+1"],"picked":"Defragment+1","floor":48.0},{"not_picked":["Beam Cell+1","Gash"],"picked":"Aggregate+1","floor":54}],"player_experience":682818,"relics_obtained":[{"floor":6.0,"key":"Letter Opener"},{"floor":8.0,"key":"Whetstone"},{"floor":9.0,"key":"PreservedInsect"},{"floor":10.0,"key":"Sundial"},{"floor":14.0,"key":"Toxic Egg 2"},{"floor":20.0,"key":"Dead Branch"},{"floor":20.0,"key":"Bottled Flame"},{"floor":23.0,"key":"Frozen Egg 2"},{"floor":26.0,"key":"Pear"},{"floor":31.0,"key":"Tiny Chest"},{"floor":40.0,"key":"Pantograph"},{"floor":42.0,"key":"Bronze Scales"},{"floor":45.0,"key":"Du-Vu Doll"},{"floor":54,"key":"Ice Cream"}],"event_choices":[{"damage_healed":0.0,"max_hp_gain":0.0,"max_hp_loss":0.0,"gold_gain":75.0,"event_name":"World of Goop","player_choice":"Gather Gold","floor":3.0,"gold_loss":0.0,"damage_taken":11.0},{"damage_healed":0.0,"max_hp_gain":0.0,"max_hp_loss":0.0,"gold_gain":0.0,"cards_transformed":["Defend_B"],"event_name":"Living Wall","player_choice":"Change","floor":4.0,"gold_loss":0.0,"damage_taken":0.0,"cards_obtained":["Redo"]},{"damage_healed":0.0,"max_hp_gain":0.0,"max_hp_loss":7.0,"gold_gain":0.0,"event_name":"Golden Idol","player_choice":"Lose Max HP","floor":5.0,"gold_loss":0.0,"damage_taken":0.0,"relics_obtained":["Golden Idol"]},{"cards_removed":["Defend_B"],"damage_healed":0.0,"max_hp_gain":0.0,"max_hp_loss":0.0,"gold_gain":0.0,"event_name":"Golden Wing","player_choice":"Card Removal","floor":12.0,"gold_loss":0.0,"damage_taken":7.0},{"damage_healed":0.0,"max_hp_gain":0.0,"max_hp_loss":0.0,"gold_gain":0.0,"event_name":"Colosseum","player_choice":"Fight","floor":20.0,"gold_loss":0.0,"damage_taken":0.0},{"damage_healed":0.0,"max_hp_gain":0.0,"max_hp_loss":0.0,"gold_gain":0.0,"event_name":"Colosseum","player_choice":"Fought Nobs","floor":20.0,"gold_loss":0.0,"damage_taken":0.0},{"damage_healed":0.0,"max_hp_gain":0.0,"max_hp_loss":0.0,"gold_gain":0.0,"event_name":"Cursed Tome","player_choice":"Ignored","floor":24.0,"gold_loss":0.0,"damage_taken":0.0},{"damage_healed":0.0,"max_hp_gain":0.0,"max_hp_loss":0.0,"gold_gain":0.0,"event_name":"Nest","player_choice":"Joined the Cult","floor":28.0,"gold_loss":0.0,"damage_taken":6.0,"cards_obtained":["RitualDagger"]},{"damage_healed":0.0,"max_hp_gain":0.0,"max_hp_loss":0.0,"gold_gain":0.0,"event_name":"Forgotten Altar","player_choice":"Gave Idol","floor":29.0,"relics_lost":["Golden Idol"],"gold_loss":0.0,"damage_taken":0.0,"relics_obtained":["Bloody Idol"]},{"damage_healed":0.0,"max_hp_gain":0.0,"max_hp_loss":0.0,"gold_gain":0.0,"event_name":"Drug Dealer","player_choice":"Inject Mutagens","floor":30.0,"gold_loss":0.0,"damage_taken":0.0,"relics_obtained":["MutagenicStrength"]},{"damage_healed":0.0,"max_hp_gain":0.0,"max_hp_loss":0.0,"gold_gain":0.0,"event_name":"SensoryStone","player_choice":"Memory 3","floor":36.0,"gold_loss":0.0,"damage_taken":10.0},{"damage_healed":0.0,"max_hp_gain":0.0,"max_hp_loss":0.0,"gold_gain":50.0,"event_name":"Golden Shrine","player_choice":"Pray","floor":38.0,"gold_loss":0.0,"damage_taken":0.0},{"cards_removed":["Beam Cell"],"damage_healed":0.0,"max_hp_gain":0.0,"max_hp_loss":0.0,"gold_gain":0.0,"event_name":"Falling","player_choice":"Removed Attack","floor":44.0,"gold_loss":0.0,"damage_taken":0.0},{"damage_healed":0.0,"max_hp_gain":0.0,"max_hp_loss":0.0,"gold_gain":0.0,"event_name":"MindBloom","player_choice":"Fight","floor":45.0,"gold_loss":0.0,"damage_taken":0.0},{"damage_healed":0.0,"max_hp_gain":0.0,"max_hp_loss":0.0,"gold_gain":0.0,"event_name":"Tomb of Lord Red Mask","player_choice":"Ignored","floor":46.0,"gold_loss":0.0,"damage_taken":0.0}],"is_beta":false,"boss_relics":[{"not_picked":["Empty Cage","Orrery"],"picked":"Cursed Key"},{"not_picked":["White Beast Statue","Calling Bell"],"picked":"Inserter"}],"items_purged_floors":[53],"is_endless":false,"potions_floor_spawned":[6,7,8,19,20,23,27,39,42,54],"ascension_level":18}