{"gold_per_floor":[364,314,314,41,41,69,82,82,135,135,169,187,22,33,33,128,128,148,48,48,48,61,87,87,106,131,131,151,151,183,203,203,203],"floor_reached":33,"playtime":1487,"items_purged":["Strike_B","Defend_B"],"score":469,"play_id":"f56a24f9-cade-4fa7-a9ec-9d437dedc23d","local_time":"20190201094931","is_ascension_mode":true,"campfire_choices":[{"floor":10,"key":"REST"},{"data":"Bandage Up","floor":15,"key":"SMITH"},{"data":"Chill","floor":24,"key":"SMITH"},{"floor":27,"key":"REST"},{"floor":32,"key":"REST"}],"neow_cost":"CURSE","seed_source_timestamp":1242556785483453,"circlet_count":0,"master_deck":["AscendersBane","Defend_B","Defend_B","Defend_B","Zap+1","Dualcast","Compile Driver","Blizzard+1","Cold Snap","Buffer","Capacitor","Chill+1","Bandage Up+1","Cold Snap","Reboot","Doom and Gloom","Sweeping Beam","Recycle","Coolheaded","Ball Lightning","RitualDagger","Reboot"],"relics":["Cracked Core","ClockworkSouvenir","Mercury Hourglass","Blood Vial","Bag of Marbles","Empty Cage","Letter Opener","Smiling Mask","Ancient Tea Set"],"potions_floor_usage":[11,11,14,16,23,23,33,33],"damage_taken":[{"damage":4,"enemies":"Jaw Worm","floor":1,"turns":4},{"damage":37,"enemies":"Gremlin Nob","floor":6,"turns":4},{"damage":0,"enemies":"Small Slimes","floor":7,"turns":2},{"damage":4,"enemies":"3 Sentries","floor":11,"turns":5},{"damage":1,"enemies":"2 Louse","floor":12,"turns":2},{"damage":13,"enemies":"Lots of Slimes","floor":14,"turns":3},{"damage":37,"enemies":"Hexaghost","floor":16,"turns":11},{"damage":18,"enemies":"Shell Parasite","floor":18,"turns":5},{"damage":5,"enemies":"Chosen","floor":22,"turns":5},{"damage":26,"enemies":"Book of Stabbing","floor":23,"turns":7},{"damage":20,"enemies":"Snake Plant","floor":25,"turns":3},{"damage":12,"enemies":"Centurion and Healer","floor":28,"turns":8},{"damage":24,"enemies":"Slavers","floor":30,"turns":4},{"damage":11,"enemies":"Cultist and Chosen","floor":31,"turns":5},{"damage":46,"enemies":"Champ","floor":33,"turns":10}],"seed_played":"-6245737238862960255","potions_obtained":[{"floor":6,"key":"Fire Potion"},{"floor":7,"key":"Block Potion"},{"floor":11,"key":"Swift Potion"},{"floor":14,"key":"Poison Potion"},{"floor":18,"key":"FocusPotion"},{"floor":22,"key":"EssenceOfSteel"},{"floor":28,"key":"Dexterity Potion"},{"floor":31,"key":"LiquidBronze"}],"is_trial":false,"path_per_floor":["M","?","?","$","?","E","M","?","T","R","E","M","$","M","R","B",null,"M","$","?","$","M","E","R","M","T","R","M","?","E","M","R","B"],"character_chosen":"DEFECT","items_purchased":["ClockworkSouvenir","Chill","Bandage Up"],"campfire_rested":3,"item_purchase_floors":[4,13,13],"current_hp_per_floor":[64,64,64,64,57,20,20,20,20,42,40,41,41,34,34,5,58,48,48,48,48,51,33,33,21,21,43,39,33,17,14,36,0],"gold":203,"neow_bonus":"TWO_FIFTY_GOLD","is_prod":false,"is_daily":false,"chose_seed":false,"campfire_upgraded":2,"win_rate":0,"timestamp":1549032571,"path_taken":["M","?","?","$","?","E","M","?","T","R","E","M","$","M","R","BOSS","M","?","?","$","M","E","R","M","T","R","M","?","E","M","R","BOSS"],"build_version":"2019-01-23","purchased_purges":2,"victory":false,"max_hp_per_floor":[75,75,75,75,75,75,75,75,75,75,75,75,75,75,75,75,75,75,75,75,75,75,75,75,75,75,75,75,75,75,75,75,75],"card_choices":[{"not_picked":["Chaos","Hologram"],"picked":"Compile Driver","floor":1},{"not_picked":["Stack","Go for the Eyes"],"picked":"Blizzard","floor":6},{"not_picked":["Turbo","Redo"],"picked":"Cold Snap","floor":7},{"not_picked":["Go for the Eyes","Ball Lightning"],"picked":"Buffer","floor":11},{"not_picked":["Double Energy","Gash"],"picked":"Capacitor","floor":12},{"not_picked":["Hello World","Recycle"],"picked":"Cold Snap","floor":14},{"not_picked":["All For One","Electrodynamics"],"picked":"Reboot","floor":16},{"not_picked":["Beam Cell","Coolheaded+1"],"picked":"Doom and Gloom","floor":18},{"not_picked":["Reinforced Body","Storm"],"picked":"Sweeping Beam","floor":22},{"not_picked":["Double Energy","Melter"],"picked":"Recycle","floor":23},{"not_picked":["Beam Cell","Rip and Tear"],"picked":"Coolheaded","floor":25},{"not_picked":["Lockon","Gash"],"picked":"Ball Lightning","floor":28},{"not_picked":["Reinforced Body","Conserve Battery+1"],"picked":"Reboot","floor":30},{"not_picked":["Cold Snap","Redo","Barrage"],"picked":"SKIP","floor":31}],"player_experience":615969,"relics_obtained":[{"floor":6,"key":"Mercury Hourglass"},{"floor":9,"key":"Blood Vial"},{"floor":11,"key":"Bag of Marbles"},{"floor":23,"key":"Letter Opener"},{"floor":26,"key":"Smiling Mask"},{"floor":30,"key":"Ancient Tea Set"}],"event_choices":[{"cards_removed":["Decay"],"damage_healed":0,"gold_gain":0,"player_choice":"Card Removal","damage_taken":0,"max_hp_gain":0,"max_hp_loss":0,"event_name":"The Cleric","floor":2,"gold_loss":50},{"damage_healed":0,"gold_gain":0,"player_choice":"Grow","damage_taken":0,"max_hp_gain":0,"max_hp_loss":0,"event_name":"Living Wall","floor":3,"gold_loss":0,"cards_upgraded":["Zap"]},{"cards_removed":["Strike_B"],"damage_healed":0,"gold_gain":0,"player_choice":"Card Removal","damage_taken":7,"max_hp_gain":0,"max_hp_loss":0,"event_name":"Golden Wing","floor":5,"gold_loss":0},{"damage_healed":0,"gold_gain":0,"player_choice":"Forge","damage_taken":0,"max_hp_gain":0,"max_hp_loss":0,"event_name":"Accursed Blacksmith","floor":8,"gold_loss":0,"cards_upgraded":["Blizzard"]},{"damage_healed":0,"gold_gain":0,"player_choice":"Joined the Cult","damage_taken":6,"max_hp_gain":0,"max_hp_loss":0,"event_name":"Nest","floor":29,"gold_loss":0,"cards_obtained":["RitualDagger"]}],"is_beta":false,"boss_relics":[{"not_picked":["Orrery","Lizard Tail"],"picked":"Empty Cage"}],"items_purged_floors":[4,19],"is_endless":false,"potions_floor_spawned":[6,7,11,14,18,22,28,31],"killed_by":"Champ","ascension_level":12}