{"gold_per_floor":[118,118,137,152,172,172,14,45,101,101,119,119,119],"floor_reached":13,"playtime":641,"items_purged":["Strike_G"],"score":111,"play_id":"1ba62ddb-f6fc-4f2a-80b2-96093b86ef54","local_time":"20190206214749","is_ascension_mode":true,"campfire_choices":[{"floor":6,"key":"RECALL"},{"floor":12,"key":"REST"}],"neow_cost":"NONE","seed_source_timestamp":1880484087991,"circlet_count":0,"master_deck":["Defend_G","Defend_G","Defend_G","Defend_G","Defend_G","Strike_G","Strike_G","Strike_G","Survivor","Neutralize","Footwork","Neutralize","PiercingWail","Dagger Spray","Footwork","Backflip","Underhanded Strike","Backflip"],"relics":["Ring of the Snake","NeowsBlessing","Dream Catcher","Tiny Chest"],"potions_floor_usage":[8,13],"damage_taken":[{"damage":0,"enemies":"Small Slimes","floor":1,"turns":1},{"damage":0,"enemies":"Cultist","floor":3,"turns":1},{"damage":0,"enemies":"2 Louse","floor":4,"turns":1},{"damage":17,"enemies":"Exordium Wildlife","floor":5,"turns":6},{"damage":22,"enemies":"3 Sentries","floor":8,"turns":7},{"damage":8,"enemies":"Large Slime","floor":11,"turns":12},{"damage":37,"enemies":"Gremlin Nob","floor":13,"turns":6}],"seed_played":"7940639373958279869","potions_obtained":[{"floor":5,"key":"Explosive Potion"},{"floor":11,"key":"EssenceOfSteel"}],"is_trial":false,"path_per_floor":["M","?","M","M","M","R","$","E","T","?","M","R","E"],"character_chosen":"THE_SILENT","items_purchased":["Footwork","Backflip"],"campfire_rested":1,"item_purchase_floors":[7,7],"current_hp_per_floor":[63,63,63,63,46,46,46,24,24,24,16,37,0],"gold":119,"neow_bonus":"THREE_ENEMY_KILL","is_prod":false,"is_daily":false,"chose_seed":false,"campfire_upgraded":0,"win_rate":0,"timestamp":1549518469,"path_taken":["M","?","M","?","?","R","$","E","T","?","M","R","E"],"build_version":"2019-01-23","purchased_purges":1,"victory":false,"max_hp_per_floor":[70,70,70,70,70,70,70,70,70,70,70,70,70],"card_choices":[{"not_picked":["Slice","Cloak And Dagger"],"picked":"Footwork","floor":1},{"not_picked":["Flying Knee","Bane"],"picked":"PiercingWail","floor":3},{"not_picked":["Sucker Punch","Quick Slash"],"picked":"Dagger Spray","floor":4},{"not_picked":["Expertise","Dagger Spray","Eviscerate"],"picked":"SKIP","floor":5},{"not_picked":["Dagger Throw","Doppelganger","Quick Slash"],"picked":"SKIP","floor":8},{"not_picked":["Blur","Dodge and Roll","Slice"],"picked":"SKIP","floor":11},{"not_picked":["Escape Plan","PiercingWail"],"picked":"Backflip","floor":12}],"player_experience":282173,"relics_obtained":[{"floor":8,"key":"Dream Catcher"},{"floor":9,"key":"Tiny Chest"}],"event_choices":[{"damage_healed":0,"gold_gain":0,"player_choice":"1 cards matched","damage_taken":0,"max_hp_gain":0,"max_hp_loss":0,"event_name":"Match and Keep!","floor":2,"gold_loss":0,"cards_obtained":["Neutralize"]},{"damage_healed":0,"gold_gain":0,"cards_transformed":["Strike_G"],"player_choice":"Change","damage_taken":0,"max_hp_gain":0,"max_hp_loss":0,"event_name":"Living Wall","floor":10,"gold_loss":0,"cards_obtained":["Underhanded Strike"]}],"is_beta":false,"boss_relics":[],"items_purged_floors":[7],"is_endless":false,"potions_floor_spawned":[5,11],"killed_by":"Gremlin Nob","ascension_level":6}