{"gold_per_floor":[361,436,447,447,466,466,499,107,133,148,80,80,80,80,80,200,200,218,218,231,40,40,40,83,83],"floor_reached":25,"playtime":1219,"items_purged":["Regret"],"score":351,"play_id":"232f252c-2b3c-4a74-9a9e-7dfa70c86933","local_time":"20190216171546","is_ascension_mode":true,"campfire_choices":[{"data":"Zap","floor":6,"key":"SMITH"},{"floor":12,"key":"REST"},{"floor":15,"key":"REST"},{"data":"Defragment","floor":23,"key":"SMITH"}],"neow_cost":"CURSE","seed_source_timestamp":206232358356401,"circlet_count":0,"master_deck":["AscendersBane","Defend_B","Defend_B+1","Defend_B","Defend_B+1","Zap+1","Dualcast","Chill","Self Repair","BootSequence","Defragment+1","White Noise","FTL","Machine Learning+1","Bite","Bite","Bite","Bite","Bite"],"relics":["Cracked Core","War Paint","Frozen Egg 2","PreservedInsect","Golden Idol","Busted Crown","Runic Capacitor","Sundial","Pocketwatch"],"potions_floor_usage":[7,16,18,25],"damage_taken":[{"damage":20,"enemies":"Jaw Worm","floor":1,"turns":4},{"damage":0,"enemies":"Cultist","floor":3,"turns":3},{"damage":5,"enemies":"2 Louse","floor":5,"turns":3},{"damage":31,"enemies":"3 Sentries","floor":7,"turns":10},{"damage":4,"enemies":"2 Fungi Beasts","floor":10,"turns":4},{"damage":31,"enemies":"Hexaghost","floor":16,"turns":11},{"damage":13,"enemies":"3 Byrds","floor":18,"turns":6},{"damage":42,"enemies":"2 Thieves","floor":20,"turns":5},{"damage":56,"enemies":"Book of Stabbing","floor":24,"turns":7},{"damage":36,"enemies":"3 Cultists","floor":25,"turns":5}],"seed_played":"1177968993332984875","potions_obtained":[{"floor":4,"key":"FearPotion"},{"floor":4,"key":"FairyPotion"},{"floor":4,"key":"EssenceOfSteel"},{"floor":5,"key":"LiquidBronze"},{"floor":10,"key":"Fire Potion"},{"floor":16,"key":"SpeedPotion"},{"floor":20,"key":"SkillPotion"}],"is_trial":false,"path_per_floor":["M","?","M","?","M","R","E","$","T","M","$","R","?","?","R","B",null,"M","?","M","$","?","R","E","M"],"character_chosen":"DEFECT","items_purchased":["Defragment","Frozen Egg 2","FTL","Runic Capacitor"],"campfire_rested":2,"item_purchase_floors":[8,8,11,21],"current_hp_per_floor":[48,37,37,37,39,39,15,15,15,18,18,40,45,25,49,25,66,60,56,41,41,41,41,16,0],"gold":83,"neow_bonus":"TWO_FIFTY_GOLD","is_prod":false,"is_daily":false,"chose_seed":false,"campfire_upgraded":2,"win_rate":0,"timestamp":1550366146,"path_taken":["M","?","M","?","M","R","E","$","T","?","?","R","?","?","R","BOSS","M","?","M","$","?","R","E","M"],"build_version":"2019-01-23","purchased_purges":1,"victory":false,"max_hp_per_floor":[75,75,75,75,75,75,75,75,75,75,75,75,80,80,80,80,80,80,56,56,56,56,56,56,56],"card_choices":[{"not_picked":["Compile Driver","Go for the Eyes"],"picked":"Chill","floor":1},{"not_picked":["Ball Lightning","Steam Power"],"picked":"Self Repair","floor":3},{"not_picked":["Barrage","Beam Cell"],"picked":"BootSequence","floor":5},{"not_picked":["Hello World","Redo","BootSequence"],"picked":"SKIP","floor":7},{"not_picked":["Ball Lightning","Loop+1"],"picked":"White Noise","floor":10},{"not_picked":["Amplify","Multi-Cast"],"picked":"Machine Learning+1","floor":16},{"not_picked":["Stack"],"picked":"SKIP","floor":18},{"not_picked":["Leap"],"picked":"SKIP","floor":20},{"not_picked":["Beam Cell+1"],"picked":"SKIP","floor":24}],"player_experience":400665,"relics_obtained":[{"floor":7,"key":"War Paint"},{"floor":9,"key":"PreservedInsect"},{"floor":24,"key":"Pocketwatch"}],"event_choices":[{"damage_healed":0,"gold_gain":75,"player_choice":"Gather Gold","damage_taken":11,"max_hp_gain":0,"max_hp_loss":0,"event_name":"World of Goop","floor":2,"gold_loss":0},{"damage_healed":0,"gold_gain":0,"player_choice":"Got Potions","damage_taken":0,"max_hp_gain":0,"max_hp_loss":0,"event_name":"Lab","floor":4,"gold_loss":0},{"damage_healed":0,"gold_gain":0,"player_choice":"Donut","damage_taken":0,"max_hp_gain":5,"max_hp_loss":0,"event_name":"Big Fish","floor":13,"gold_loss":0},{"damage_healed":0,"gold_gain":0,"player_choice":"Take Damage","damage_taken":20,"relics_obtained":["Golden Idol"],"max_hp_gain":0,"max_hp_loss":0,"event_name":"Golden Idol","floor":14,"gold_loss":0},{"damage_healed":0,"gold_gain":0,"player_choice":"Became a vampire","damage_taken":0,"max_hp_gain":0,"max_hp_loss":24,"event_name":"Vampires","floor":19,"gold_loss":0,"cards_obtained":["Bite","Bite","Bite","Bite","Bite"]},{"damage_healed":0,"gold_gain":0,"player_choice":"Gave Potion","damage_taken":0,"relics_obtained":["Sundial"],"max_hp_gain":0,"max_hp_loss":0,"event_name":"WeMeetAgain","floor":22,"gold_loss":0}],"is_beta":false,"boss_relics":[{"not_picked":["Snecko Eye","Eternal Feather"],"picked":"Busted Crown"}],"items_purged_floors":[8],"is_endless":false,"potions_floor_spawned":[5,10,16,20],"killed_by":"3 Cultists","ascension_level":10}