{"gold_per_floor":[112,112,128,145,165,165,194,194,266,285,295,329,339,187,187,261,261,278,264,227,12,12,12,43,43,43,58,72,87,113,113,113,187,187,198,211,211,261,281,281],"floor_reached":40,"playtime":1765,"items_purged":["Strike_B"],"score":817,"play_id":"cb2cd188-0be5-4a78-8acc-42444d33a5bd","local_time":"20190214133512","is_ascension_mode":true,"campfire_choices":[{"data":"Creative AI","floor":6.0,"key":"SMITH"},{"floor":8.0,"key":"REST"},{"data":"Zap","floor":15.0,"key":"SMITH"},{"data":"Consume","floor":23.0,"key":"SMITH"},{"data":"Thunder Strike","floor":25,"key":"SMITH"},{"data":"Hyperbeam","floor":32,"key":"SMITH"}],"neow_cost":"NONE","seed_source_timestamp":12625928420542,"circlet_count":0,"master_deck":["AscendersBane","Strike_B","Strike_B","Defend_B","Defend_B","Defend_B","Defend_B","Zap+1","Dualcast","BootSequence","Ball Lightning","Auto Shields","Creative AI+1","Streamline","Consume+1","Conserve Battery","Self Repair","Glacier","Stack","Stack","Storm","Thunder Strike+1","Darkness","Leap+1","Go for the Eyes","Amplify","Self Repair","Hologram","Capacitor+1","Glacier","Hyperbeam+1","Cold Snap","Echo Form","Defragment+1","Parasite","Force Field"],"special_seed":0,"relics":["Cracked Core","Prayer Wheel","Potion Belt","Symbiotic Virus","Incense Burner","Velvet Choker","Runic Capacitor","Blue Candle","Mercury Hourglass","DataDisk","MutagenicStrength","Eternal Feather"],"potions_floor_usage":[30,36],"damage_taken":[{"damage":1.0,"enemies":"Cultist","floor":1.0,"turns":3.0},{"damage":7.0,"enemies":"Jaw Worm","floor":3.0,"turns":3.0},{"damage":0.0,"enemies":"Small Slimes","floor":4.0,"turns":3.0},{"damage":11.0,"enemies":"2 Fungi Beasts","floor":5.0,"turns":4.0},{"damage":44.0,"enemies":"Gremlin Nob","floor":7.0,"turns":5.0},{"damage":4.0,"enemies":"Exordium Wildlife","floor":10.0,"turns":4.0},{"damage":2.0,"enemies":"Red Slaver","floor":11.0,"turns":4.0},{"damage":6.0,"enemies":"3 Sentries","floor":12.0,"turns":12.0},{"damage":0.0,"enemies":"Exordium Thugs","floor":13.0,"turns":5.0},{"damage":16.0,"enemies":"Hexaghost","floor":16.0,"turns":8.0},{"damage":6.0,"enemies":"3 Byrds","floor":18.0,"turns":3.0},{"damage":0.0,"enemies":"2 Thieves","floor":19.0,"turns":4.0},{"damage":20,"enemies":"Book of Stabbing","floor":24,"turns":7},{"damage":26,"enemies":"Sentry and Sphere","floor":27,"turns":6},{"damage":5,"enemies":"Snecko","floor":28,"turns":5},{"damage":1,"enemies":"Cultist and Chosen","floor":29,"turns":8},{"damage":29,"enemies":"Gremlin Leader","floor":30,"turns":9},{"damage":16,"enemies":"Automaton","floor":33,"turns":8},{"damage":35,"enemies":"3 Darklings","floor":35,"turns":4},{"damage":18,"enemies":"3 Shapes","floor":36,"turns":5},{"damage":19,"enemies":"Writhing Mass","floor":39,"turns":7},{"damage":72,"enemies":"Reptomancer","floor":40,"turns":2}],"seed_played":"-5349417150791382001","potions_obtained":[{"floor":4.0,"key":"Dexterity Potion"},{"floor":7.0,"key":"SneckoOil"},{"floor":10.0,"key":"Ancient Potion"},{"floor":12.0,"key":"LiquidBronze"},{"floor":13.0,"key":"Fire Potion"},{"floor":27,"key":"Explosive Potion"},{"floor":28,"key":"Fire Potion"},{"floor":35,"key":"Strength Potion"}],"is_trial":false,"path_per_floor":["M","?","M","M","M","R","E","R","T","M","M","E","M","$","R","B",null,"M","M","$","$","?","R","E","R","T","M","M","M","E","?","R","B",null,"M","M","?","?","M","E"],"character_chosen":"DEFECT","items_purchased":["Storm","Self Repair","Runic Capacitor"],"campfire_rested":1,"item_purchase_floors":[14,20,21],"current_hp_per_floor":[70,70,63,63,52,52,8,31,31,27,32,33,40,40,40,31,66,60,67,67,67,67,67,68,68,68,63,65,78,63,63,63,61,74,53,49,49,49,58,0],"gold":281,"neow_bonus":"TEN_PERCENT_HP_BONUS","is_prod":false,"is_daily":false,"chose_seed":false,"campfire_upgraded":5,"win_rate":0,"timestamp":1550118912,"path_taken":["M","?","?","M","M","R","E","R","T","M","M","E","M","$","R","BOSS","M","M","?","$","?","R","E","R","T","M","?","M","E","?","R","BOSS","M","M","?","?","?","E"],"build_version":"2019-01-23","purchased_purges":1,"victory":false,"max_hp_per_floor":[78,78,78,78,78,78,78,78,78,78,78,78,78,78,78,78,78,78,78,78,78,78,78,78,78,78,78,78,78,78,78,78,78,78,78,78,78,78,78,78],"card_choices":[{"not_picked":["Conserve Battery","Aggregate"],"picked":"Gash","floor":1.0},{"not_picked":["Turbo","Coolheaded"],"picked":"BootSequence","floor":3.0},{"not_picked":["Chill","Lockon","Hologram"],"picked":"SKIP","floor":3.0},{"not_picked":["Aggregate","Redo"],"picked":"Ball Lightning","floor":4.0},{"not_picked":["Go for the Eyes","Stack"],"picked":"Auto Shields","floor":4.0},{"not_picked":["Barrage","Rebound"],"picked":"Creative AI","floor":5.0},{"not_picked":["Scrape","Turbo"],"picked":"Streamline","floor":5.0},{"not_picked":["Coolheaded","Hologram"],"picked":"Consume","floor":7.0},{"not_picked":["Turbo","Aggregate"],"picked":"Conserve Battery","floor":10.0},{"not_picked":["Ball Lightning","Steam"],"picked":"Self Repair","floor":10.0},{"not_picked":["Seek","Recycle"],"picked":"Glacier","floor":11.0},{"not_picked":["Redo","Coolheaded","Rebound"],"picked":"SKIP","floor":11.0},{"not_picked":["Redo","Turbo","Barrage"],"picked":"SKIP","floor":12.0},{"not_picked":["Beam Cell","Turbo"],"picked":"Stack","floor":13.0},{"not_picked":["Rebound","Hologram"],"picked":"Stack","floor":13.0},{"not_picked":["Machine Learning","Reboot"],"picked":"Thunder Strike","floor":16.0},{"not_picked":["Steam","Coolheaded"],"picked":"Darkness","floor":18.0},{"not_picked":["Stack","Ball Lightning+1"],"picked":"Leap+1","floor":18.0},{"not_picked":["Rebound","Steam"],"picked":"Go for the Eyes","floor":19.0},{"not_picked":["Streamline","Conserve Battery"],"picked":"Amplify","floor":19.0},{"not_picked":["Auto Shields","Conserve Battery","Multi-Cast"],"picked":"SKIP","floor":24},{"not_picked":["Self Repair","Redo"],"picked":"Capacitor+1","floor":27},{"not_picked":["Redo","Barrage","Compile Driver"],"picked":"SKIP","floor":27},{"not_picked":["Redo","Barrage","Compile Driver"],"picked":"SKIP","floor":27},{"not_picked":["Barrage","Hologram"],"picked":"Glacier","floor":28},{"not_picked":["Steam","Chaos","Conserve Battery"],"picked":"SKIP","floor":28},{"not_picked":["Conserve Battery","Double Energy"],"picked":"Hyperbeam","floor":29},{"not_picked":["Compile Driver+1","Glacier","Go for the Eyes"],"picked":"SKIP","floor":29},{"not_picked":["Sweeping Beam","Streamline"],"picked":"Cold Snap","floor":30},{"not_picked":["Machine Learning","Fission"],"picked":"Echo Form","floor":33},{"not_picked":["Auto Shields","Beam Cell"],"picked":"Defragment+1","floor":35},{"not_picked":["Steam+1","Auto Shields","Leap"],"picked":"SKIP","floor":35},{"not_picked":["Hologram","Rip and Tear+1","Hello World"],"picked":"SKIP","floor":36},{"not_picked":["Go for the Eyes","Chaos","Ball Lightning+1"],"picked":"SKIP","floor":36},{"not_picked":["Stack","Amplify"],"picked":"Force Field","floor":39},{"not_picked":["Rebound","FTL","BootSequence"],"picked":"SKIP","floor":39}],"player_experience":350646,"relics_obtained":[{"floor":7.0,"key":"Potion Belt"},{"floor":9.0,"key":"Symbiotic Virus"},{"floor":12.0,"key":"Incense Burner"},{"floor":24,"key":"Blue Candle"},{"floor":26,"key":"Mercury Hourglass"},{"floor":30,"key":"DataDisk"}],"event_choices":[{"cards_removed":["Gash"],"damage_healed":0.0,"max_hp_gain":0.0,"max_hp_loss":0.0,"gold_gain":0.0,"event_name":"WeMeetAgain","player_choice":"Gave Card","floor":2.0,"gold_loss":0.0,"damage_taken":0.0,"relics_obtained":["Prayer Wheel"]},{"damage_healed":0.0,"max_hp_gain":0.0,"max_hp_loss":0.0,"gold_gain":0.0,"cards_transformed":["Strike_B"],"event_name":"Transmorgrifier","player_choice":"Transformed","floor":22.0,"gold_loss":0.0,"damage_taken":0.0,"cards_obtained":["Hologram"]},{"damage_healed":0,"gold_gain":0,"player_choice":"Inject Mutagens","damage_taken":0,"relics_obtained":["MutagenicStrength"],"max_hp_gain":0,"max_hp_loss":0,"event_name":"Drug Dealer","floor":31,"gold_loss":0},{"damage_healed":0,"gold_gain":0,"player_choice":"Ignored","damage_taken":0,"max_hp_gain":0,"max_hp_loss":0,"event_name":"Mysterious Sphere","floor":37,"gold_loss":0},{"damage_healed":0,"gold_gain":50,"player_choice":"Pray","damage_taken":0,"max_hp_gain":0,"max_hp_loss":0,"event_name":"Golden Shrine","floor":38,"gold_loss":0}],"is_beta":false,"boss_relics":[{"not_picked":["Ectoplasm","Calling Bell"],"picked":"Velvet Choker"},{"not_picked":["Nuclear Battery","Coffee Dripper"],"picked":"Eternal Feather"}],"items_purged_floors":[14],"is_endless":false,"potions_floor_spawned":[4,7,10,12,13,27,28,35],"killed_by":"Reptomancer","ascension_level":16}