{"gold_per_floor":[114,114,74,74,89,89,114,114,114,155,155,35,55,79,79,170,170,186,186,186,24,38,38,62,62,87,100,120,145,145,145],"floor_reached":31,"playtime":1447,"items_purged":["Pain"],"score":403,"play_id":"6b9e4788-09ad-4a76-8839-7160dbca41c6","local_time":"20190225080934","is_ascension_mode":true,"campfire_choices":[{"data":"White Noise","floor":6.0,"key":"SMITH"},{"floor":8.0,"key":"REST"},{"data":"Dualcast","floor":11.0,"key":"SMITH"},{"floor":15.0,"key":"REST"},{"data":"Apotheosis","floor":23.0,"key":"SMITH"},{"floor":25.0,"key":"REST"},{"floor":30.0,"key":"REST"}],"neow_cost":"NONE","seed_source_timestamp":0,"circlet_count":0,"master_deck":["AscendersBane","Strike_B","Strike_B","Strike_B","Strike_B","Defend_B","Defend_B","Defend_B","Defend_B","Zap+1","Dualcast+1","Conserve Battery","Capacitor","White Noise+1","Loop","Defragment","Consume","Glacier","All For One","Cold Snap","Apotheosis+1","Go for the Eyes","Cold Snap+1"],"special_seed":0,"relics":["Cracked Core","Golden Idol","WarpedTongs","Darkstone Periapt","Smiling Mask","Nuclear Battery","Strawberry","Happy Flower"],"potions_floor_usage":[31],"damage_taken":[{"damage":0.0,"enemies":"Small Slimes","floor":1.0,"turns":3.0},{"damage":3.0,"enemies":"2 Louse","floor":5.0,"turns":3.0},{"damage":5.0,"enemies":"Cultist","floor":7.0,"turns":4.0},{"damage":24.0,"enemies":"Lagavulin","floor":10.0,"turns":7.0},{"damage":1.0,"enemies":"Red Slaver","floor":13.0,"turns":3.0},{"damage":3.0,"enemies":"2 Fungi Beasts","floor":14.0,"turns":3.0},{"damage":25.0,"enemies":"Hexaghost","floor":16.0,"turns":11.0},{"damage":56.0,"enemies":"Chosen","floor":18.0,"turns":6.0},{"damage":0.0,"enemies":"Spheric Guardian","floor":22.0,"turns":8.0},{"damage":6.0,"enemies":"Chosen and Byrds","floor":24.0,"turns":6.0},{"damage":26.0,"enemies":"Shelled Parasite and Fungi","floor":27.0,"turns":8.0},{"damage":0.0,"enemies":"Centurion and Healer","floor":28.0,"turns":10.0},{"damage":28.0,"enemies":"Snake Plant","floor":29.0,"turns":5.0},{"damage":8,"enemies":"Colosseum Slavers","floor":31,"turns":5},{"damage":32,"enemies":"Colosseum Nobs","floor":31,"turns":4}],"seed_played":"-6471404823389231617","potions_obtained":[{"floor":5.0,"key":"Fire Potion"},{"floor":10.0,"key":"FearPotion"},{"floor":16.0,"key":"FocusPotion"},{"floor":22.0,"key":"Regen Potion"}],"is_trial":false,"path_per_floor":["M","?","$","?","M","R","M","R","T","E","R","$","M","M","R","B",null,"M","?","?","$","M","R","M","R","T","M","M","M","R","?"],"character_chosen":"DEFECT","items_purchased":["Capacitor","Defragment","Apotheosis"],"campfire_rested":4,"item_purchase_floors":[3,12,21],"current_hp_per_floor":[64,47,47,47,44,44,39,60,60,36,36,36,35,32,53,28,60,4,11,37,37,37,37,46,69,69,43,43,15,38,0],"gold":145,"neow_bonus":"UPGRADE_CARD","is_prod":false,"is_daily":false,"chose_seed":false,"campfire_upgraded":3,"win_rate":0,"timestamp":1551110974,"path_taken":["M","?","$","?","?","R","M","R","T","E","R","?","M","M","R","BOSS","M","?","?","$","M","R","M","R","T","M","M","M","R","?"],"build_version":"2019-01-23","purchased_purges":1,"victory":false,"max_hp_per_floor":[71,71,71,71,71,71,71,71,71,71,71,71,71,71,71,71,71,71,78,78,78,78,78,78,78,78,78,78,78,78,78],"card_choices":[{"not_picked":["Rebound","Barrage"],"picked":"Conserve Battery","floor":1.0},{"not_picked":["Self Repair","Cold Snap"],"picked":"White Noise","floor":5.0},{"not_picked":["Redo","Force Field"],"picked":"Loop","floor":7.0},{"not_picked":["Turbo","Doom and Gloom","Fusion"],"picked":"SKIP","floor":10.0},{"not_picked":["Reinforced Body","Genetic Algorithm"],"picked":"Consume","floor":13.0},{"not_picked":["Redo","Barrage"],"picked":"Glacier","floor":14.0},{"not_picked":["Meteor Strike","Thunder Strike"],"picked":"All For One","floor":16.0},{"not_picked":["Stack","Coolheaded"],"picked":"Cold Snap","floor":18.0},{"not_picked":["Turbo","Gash"],"picked":"Go for the Eyes","floor":22.0},{"not_picked":["Stack","Conserve Battery","Streamline"],"picked":"SKIP","floor":24.0},{"not_picked":["Ball Lightning","Biased Cognition","Conserve Battery"],"picked":"SKIP","floor":27.0},{"not_picked":["Genetic Algorithm","Stack"],"picked":"Cold Snap+1","floor":28.0},{"not_picked":["Leap","Ball Lightning","Force Field+1"],"picked":"SKIP","floor":29.0}],"player_experience":515546,"relics_obtained":[{"floor":9.0,"key":"Darkstone Periapt"},{"floor":10.0,"key":"Smiling Mask"},{"floor":26.0,"key":"Happy Flower"}],"event_choices":[{"damage_healed":0.0,"max_hp_gain":0.0,"max_hp_loss":0.0,"gold_gain":0.0,"event_name":"Golden Idol","player_choice":"Take Damage","floor":2.0,"gold_loss":0.0,"damage_taken":17.0,"relics_obtained":["Golden Idol"]},{"damage_healed":0.0,"max_hp_gain":0.0,"max_hp_loss":0.0,"gold_gain":0.0,"event_name":"Accursed Blacksmith","player_choice":"Rummage","floor":4.0,"gold_loss":0.0,"damage_taken":0.0,"relics_obtained":["WarpedTongs"],"cards_obtained":["Pain"]},{"damage_healed":0.0,"max_hp_gain":0.0,"max_hp_loss":0.0,"gold_gain":0.0,"event_name":"The Mausoleum","player_choice":"Opened","floor":19.0,"gold_loss":0.0,"damage_taken":0.0,"relics_obtained":["Strawberry"]},{"damage_healed":26.0,"max_hp_gain":0.0,"max_hp_loss":0.0,"gold_gain":0.0,"event_name":"The Library","player_choice":"Heal","floor":20.0,"gold_loss":0.0,"damage_taken":0.0},{"damage_healed":0,"gold_gain":0,"player_choice":"Fight","damage_taken":0,"max_hp_gain":0,"max_hp_loss":0,"event_name":"Colosseum","floor":31,"gold_loss":0},{"damage_healed":0,"gold_gain":0,"player_choice":"Fought Nobs","damage_taken":0,"max_hp_gain":0,"max_hp_loss":0,"event_name":"Colosseum","floor":31,"gold_loss":0}],"is_beta":false,"boss_relics":[{"not_picked":["Astrolabe","Lizard Tail"],"picked":"Nuclear Battery"}],"items_purged_floors":[12],"is_endless":false,"potions_floor_spawned":[5,10,16,18,22,31],"killed_by":"Colosseum Nobs","ascension_level":14}