{"gold_per_floor":[113,113,124,137,62,89,89,114,114,143,143,160,173,183,183,281,281,293,309,326,9,26,26,361,361,361,361,371,387,387,404,404,404],"floor_reached":33,"playtime":1611,"items_purged":["Strike_B","Strike_B"],"score":531,"play_id":"77feba5d-1b73-4177-b584-e8cc0fb11173","local_time":"20190201101641","is_ascension_mode":true,"campfire_choices":[{"floor":7,"key":"REST"},{"floor":11,"key":"REST"},{"data":"Loop","floor":15,"key":"SMITH"},{"data":"Darkness","floor":23,"key":"SMITH"},{"data":"Defragment","floor":25,"key":"SMITH"},{"data":"Zap","floor":27,"key":"SMITH"},{"data":"Capacitor","floor":32,"key":"SMITH"}],"neow_cost":"CURSE","seed_source_timestamp":1244122153785175,"circlet_count":0,"master_deck":["AscendersBane","Defend_B","Defend_B","Defend_B","Defend_B","Zap+1","Dualcast","Cold Snap","Darkness+1","Sweeping Beam","Genetic Algorithm","Conserve Battery","Loop+1","Consume","Glacier","Echo Form","Undo","Electrodynamics","Tempest","Defragment+1","Hologram+1","Capacitor+1","Bite","Bite","Bite","Bite","Bite"],"relics":["Cracked Core","Bird Faced Urn","StoneCalendar","Mango","Du-Vu Doll","Gremlin Horn","Coffee Dripper","Old Coin","Darkstone Periapt"],"potions_floor_usage":[8,10,14,16,19,19,20,29,33],"damage_taken":[{"damage":7,"enemies":"Jaw Worm","floor":1,"turns":4},{"damage":0,"enemies":"Small Slimes","floor":3,"turns":3},{"damage":3,"enemies":"Cultist","floor":4,"turns":4},{"damage":40,"enemies":"Gremlin Nob","floor":6,"turns":5},{"damage":21,"enemies":"Lagavulin","floor":8,"turns":7},{"damage":16,"enemies":"3 Sentries","floor":10,"turns":5},{"damage":9,"enemies":"Looter","floor":12,"turns":3},{"damage":4,"enemies":"Blue Slaver","floor":13,"turns":4},{"damage":5,"enemies":"2 Fungi Beasts","floor":14,"turns":4},{"damage":9,"enemies":"Hexaghost","floor":16,"turns":9},{"damage":13,"enemies":"3 Byrds","floor":18,"turns":5},{"damage":5,"enemies":"Shell Parasite","floor":19,"turns":7},{"damage":26,"enemies":"3 Cultists","floor":20,"turns":7},{"damage":16,"enemies":"Shelled Parasite and Fungi","floor":22,"turns":4},{"damage":23,"enemies":"Gremlin Leader","floor":24,"turns":4},{"damage":10,"enemies":"Sentry and Sphere","floor":28,"turns":4},{"damage":3,"enemies":"Snake Plant","floor":29,"turns":4},{"damage":23,"enemies":"Snecko","floor":31,"turns":7},{"damage":41,"enemies":"Collector","floor":33,"turns":5}],"seed_played":"7989891060302741411","potions_obtained":[{"floor":6,"key":"LiquidBronze"},{"floor":8,"key":"Explosive Potion"},{"floor":10,"key":"Ancient Potion"},{"floor":12,"key":"SkillPotion"},{"floor":14,"key":"Dexterity Potion"},{"floor":18,"key":"SteroidPotion"},{"floor":19,"key":"Explosive Potion"},{"floor":22,"key":"Energy Potion"},{"floor":31,"key":"SpeedPotion"}],"is_trial":false,"path_per_floor":["M","?","M","M","$","E","R","E","T","E","R","M","M","M","R","B",null,"M","M","M","$","M","R","E","R","T","R","M","M","?","M","R","B"],"character_chosen":"DEFECT","items_purchased":["Electrodynamics","Tempest"],"campfire_rested":2,"item_purchase_floors":[21,21],"current_hp_per_floor":[61,54,54,51,51,11,33,26,26,10,36,27,25,22,22,15,71,60,61,39,39,27,27,10,10,10,10,12,17,17,18,18,0],"gold":404,"neow_bonus":"ONE_RARE_RELIC","is_prod":false,"is_daily":false,"chose_seed":false,"campfire_upgraded":5,"win_rate":0,"timestamp":1549034201,"path_taken":["M","?","M","M","$","E","R","E","T","E","R","M","M","M","R","BOSS","M","M","M","$","M","R","E","R","T","R","M","M","?","M","R","BOSS"],"build_version":"2019-01-23","purchased_purges":2,"victory":false,"max_hp_per_floor":[75,75,75,75,75,75,75,89,89,89,89,89,89,89,89,89,89,89,89,89,89,89,89,89,89,89,89,89,89,62,62,62,62],"card_choices":[{"not_picked":["Conserve Battery","Coolheaded"],"picked":"Cold Snap","floor":1},{"not_picked":["Sweeping Beam","Reinforced Body"],"picked":"Darkness","floor":3},{"not_picked":["Lockon","Heatsinks","Aggregate"],"picked":"SKIP","floor":4},{"not_picked":["Streamline","Go for the Eyes"],"picked":"Sweeping Beam","floor":6},{"not_picked":["Stack","Rip and Tear"],"picked":"Genetic Algorithm","floor":8},{"not_picked":["Rip and Tear","Gash"],"picked":"Conserve Battery","floor":10},{"not_picked":["Sunder","Rebound"],"picked":"Loop","floor":12},{"not_picked":["Stack","Ball Lightning"],"picked":"Consume","floor":13},{"not_picked":["Heatsinks","Beam Cell"],"picked":"Glacier","floor":14},{"not_picked":["Fission","Reboot"],"picked":"Echo Form","floor":16},{"not_picked":["Hologram","Redo","Gash"],"picked":"SKIP","floor":18},{"not_picked":["Leap","Cold Snap","Ball Lightning"],"picked":"SKIP","floor":19},{"not_picked":["Gash+1","Doom and Gloom"],"picked":"Undo","floor":20},{"not_picked":["Hologram","Genetic Algorithm"],"picked":"Defragment","floor":22},{"not_picked":["Gash+1","Conserve Battery"],"picked":"Hologram+1","floor":24},{"not_picked":["Creative AI","Rebound"],"picked":"Capacitor","floor":28},{"not_picked":["FTL","Sweeping Beam","Go for the Eyes"],"picked":"SKIP","floor":29},{"not_picked":["Sweeping Beam","Leap","Conserve Battery"],"picked":"SKIP","floor":31}],"player_experience":617456,"relics_obtained":[{"floor":6,"key":"StoneCalendar"},{"floor":8,"key":"Mango"},{"floor":9,"key":"Du-Vu Doll"},{"floor":10,"key":"Gremlin Horn"},{"floor":24,"key":"Old Coin"},{"floor":26,"key":"Darkstone Periapt"}],"event_choices":[{"cards_removed":["Normality"],"damage_healed":0,"gold_gain":0,"player_choice":"Card Removal","damage_taken":7,"max_hp_gain":0,"max_hp_loss":0,"event_name":"Golden Wing","floor":2,"gold_loss":0},{"damage_healed":0,"gold_gain":0,"player_choice":"Became a vampire","damage_taken":0,"max_hp_gain":0,"max_hp_loss":27,"event_name":"Vampires","floor":30,"gold_loss":0,"cards_obtained":["Bite","Bite","Bite","Bite","Bite"]}],"is_beta":false,"boss_relics":[{"not_picked":["Black Star","Runic Pyramid"],"picked":"Coffee Dripper"}],"items_purged_floors":[5,21],"is_endless":false,"potions_floor_spawned":[6,8,10,12,14,18,19,22,31],"killed_by":"Collector","ascension_level":12}