{"gold_per_floor":[364,196,196,213,24,24,92,92,92,92,92,156,156],"floor_reached":13,"playtime":350,"items_purged":["Shame"],"score":128,"play_id":"a418e6d8-90b7-4e1f-abac-44596c40decc","local_time":"20190125110415","is_ascension_mode":true,"campfire_choices":[{"data":"HandOfGreed","floor":6,"key":"SMITH"},{"data":"Dark Shackles","floor":8,"key":"SMITH"},{"data":"Searing Blow","floor":11,"key":"SMITH"}],"neow_cost":"CURSE","seed_source_timestamp":643367352937369,"circlet_count":0,"master_deck":["AscendersBane","Strike_R","Strike_R+1","Strike_R","Strike_R","Defend_R","Defend_R","Defend_R","Defend_R","Bash+1","Searing Blow+1","Dark Shackles+1","HandOfGreed+1"],"relics":["Burning Blood","Bag of Preparation"],"potions_floor_usage":[],"damage_taken":[{"damage":12,"enemies":"Jaw Worm","floor":1,"turns":5},{"damage":0,"enemies":"Cultist","floor":4,"turns":3},{"damage":2,"enemies":"2 Louse","floor":7,"turns":5},{"damage":15,"enemies":"Gremlin Gang","floor":12,"turns":7},{"damage":40,"enemies":"3 Sentries","floor":13,"turns":6}],"seed_played":"2619596256737837543","potions_obtained":[{"floor":12,"key":"Poison Potion"}],"is_trial":false,"path_per_floor":["M","$","?","M","$","R","M","R","T","?","R","M","E"],"character_chosen":"IRONCLAD","items_purchased":["Dark Shackles","HandOfGreed"],"campfire_rested":0,"item_purchase_floors":[2,5],"current_hp_per_floor":[62,62,39,45,45,45,49,49,49,49,49,40,0],"gold":156,"neow_bonus":"TWO_FIFTY_GOLD","is_prod":false,"is_daily":false,"chose_seed":false,"campfire_upgraded":3,"win_rate":0,"timestamp":1548432255,"path_taken":["M","$","?","M","$","R","M","R","T","?","R","M","E"],"build_version":"2019-01-23","purchased_purges":1,"victory":false,"max_hp_per_floor":[75,75,75,75,75,75,75,75,75,75,75,75,75],"card_choices":[{"not_picked":["Power Through","Havoc"],"picked":"Searing Blow","floor":1},{"not_picked":["Sever Soul","Cleave","Body Slam"],"picked":"SKIP","floor":4},{"not_picked":["True Grit","Corruption","Infernal Blade"],"picked":"SKIP","floor":7},{"not_picked":["Twin Strike","Thunderclap","Clothesline"],"picked":"SKIP","floor":12}],"player_experience":436592,"relics_obtained":[{"floor":9,"key":"Bag of Preparation"}],"event_choices":[{"damage_healed":0,"gold_gain":0,"player_choice":"Entered Light","damage_taken":23,"max_hp_gain":0,"max_hp_loss":0,"event_name":"Shining Light","floor":3,"gold_loss":0,"cards_upgraded":["Strike_R","Bash"]},{"cards_removed":["Strike_R"],"damage_healed":0,"gold_gain":0,"player_choice":"Purged","damage_taken":0,"max_hp_gain":0,"max_hp_loss":0,"event_name":"Purifier","floor":10,"gold_loss":0}],"is_beta":false,"boss_relics":[],"items_purged_floors":[2],"is_endless":false,"potions_floor_spawned":[12],"killed_by":"3 Sentries","ascension_level":15}