{"gold_per_floor":[110,185,185,185,52,52,7,41,41,51,51,66,66,79,79,176,176,187,207,207,220,23,23,42,42,42,59,159,171,171,171,171,268,268,282,282,298,1297,1297,1297,1311,1311,1311,1311,1326,513,531,7,7,7],"floor_reached":51,"playtime":1205,"items_purged":["Normality","Normality"],"score":720,"play_id":"ac9cd774-581c-457d-96a4-0260c1384e66","local_time":"20190304023037","is_ascension_mode":false,"campfire_choices":[{"data":"Metallicize","floor":6.0,"key":"SMITH"},{"data":"Flex","floor":11.0,"key":"SMITH"},{"data":"Bash","floor":13.0,"key":"SMITH"},{"data":"Spot Weakness","floor":15.0,"key":"SMITH"},{"data":"Limit Break","floor":23.0,"key":"SMITH"},{"data":"Limit Break","floor":25.0,"key":"SMITH"},{"data":"Disarm","floor":30.0,"key":"SMITH"},{"floor":32.0,"key":"REST"},{"data":"Demon Form","floor":40.0,"key":"SMITH"},{"data":"Master of Strategy","floor":44.0,"key":"SMITH"},{"floor":49.0,"key":"REST"}],"neow_cost":"NONE","seed_source_timestamp":39967987899614,"circlet_count":0,"master_deck":["Strike_R+1","Strike_R+1","Strike_R+1","Strike_R+1","Strike_R+1","Defend_R+1","Defend_R+1","Defend_R+1","Defend_R+1","Bash+1","Double Tap+1","Flex+1","Twin Strike","Metallicize+1","Flex+1","Headbutt","Anger+1","Spot Weakness+1","Heavy Blade+1","Limit Break+1","Ghostly Armor","Sword Boomerang+1","Limit Break+1","Iron Wave+1","Disarm+1","Demon Form+1","Thunderclap+1","Master of Strategy+1","Whirlwind+1","Heavy Blade+1","Uppercut+1","Panacea","Thinking Ahead","Metallicize","Heavy Blade+1","Metallicize","Pummel+1"],"special_seed":0,"relics":["Burning Blood","Ancient Tea Set","Molten Egg 2","Mark of Pain","Dream Catcher","Du-Vu Doll","Bottled Tornado","Philosopher\u0027s Stone","Champion Belt","Anchor","Cauldron","Red Skull","Lantern"],"potions_floor_usage":[50,50,50],"damage_taken":[{"damage":3.0,"enemies":"Cultist","floor":1.0,"turns":5.0},{"damage":16.0,"enemies":"Gremlin Nob","floor":8.0,"turns":3.0},{"damage":0.0,"enemies":"Small Slimes","floor":10.0,"turns":3.0},{"damage":0.0,"enemies":"2 Louse","floor":12.0,"turns":2.0},{"damage":0.0,"enemies":"Blue Slaver","floor":14.0,"turns":3.0},{"damage":33.0,"enemies":"Hexaghost","floor":16.0,"turns":7.0},{"damage":0.0,"enemies":"Spheric Guardian","floor":18.0,"turns":2.0},{"damage":14.0,"enemies":"Shell Parasite","floor":19.0,"turns":4.0},{"damage":12.0,"enemies":"Centurion and Healer","floor":21.0,"turns":3.0},{"damage":21.0,"enemies":"Snake Plant","floor":24.0,"turns":2.0},{"damage":3.0,"enemies":"Snecko","floor":27.0,"turns":4.0},{"damage":9.0,"enemies":"Colosseum Slavers","floor":28.0,"turns":3.0},{"damage":0.0,"enemies":"Colosseum Nobs","floor":28.0,"turns":2.0},{"damage":0.0,"enemies":"Cultist and Chosen","floor":29.0,"turns":3.0},{"damage":29.0,"enemies":"Champ","floor":33.0,"turns":6.0},{"damage":0.0,"enemies":"3 Shapes","floor":35.0,"turns":4.0},{"damage":30.0,"enemies":"3 Darklings","floor":37.0,"turns":4.0},{"damage":13.0,"enemies":"Maw","floor":41.0,"turns":5.0},{"damage":21.0,"enemies":"Sphere and 2 Shapes","floor":45.0,"turns":6.0},{"damage":5.0,"enemies":"Writhing Mass","floor":47.0,"turns":6.0},{"damage":51,"enemies":"Awakened One","floor":50,"turns":7}],"seed_played":"-8780716147854441069","potions_obtained":[{"floor":1.0,"key":"Ancient Potion"},{"floor":12.0,"key":"AttackPotion"},{"floor":24.0,"key":"Dexterity Potion"},{"floor":27.0,"key":"Poison Potion"},{"floor":29.0,"key":"Strength Potion"},{"floor":33.0,"key":"FearPotion"},{"floor":37.0,"key":"AttackPotion"},{"floor":45.0,"key":"SneckoOil"},{"floor":46.0,"key":"PowerPotion"},{"floor":46.0,"key":"PowerPotion"}],"is_trial":false,"path_per_floor":["M","?","?","?","$","R","$","E","T","M","R","M","R","M","R","B",null,"M","M","?","M","$","R","M","R","T","M","?","M","R","?","R","B",null,"M","?","M","?","?","R","M","?","T","R","M","$","M","$","R","B",null],"character_chosen":"IRONCLAD","items_purchased":["Twin Strike","Metallicize","Flex","Limit Break","Iron Wave+1","Anchor","Uppercut+1","Panacea","Thinking Ahead","Cauldron","Metallicize","Red Skull","Lantern","Metallicize","Pummel+1"],"campfire_rested":2,"item_purchase_floors":[5,5,7,22,22,46,46,46,46,46,46,48,48,48,48],"current_hp_per_floor":[80,69,69,53,53,53,53,43,43,49,49,55,55,61,61,34,80,80,72,72,66,66,66,51,51,51,54,57,63,63,63,80,57,80,80,80,56,56,56,56,49,49,49,49,34,34,35,35,59,14],"gold":7,"neow_bonus":"ONE_RANDOM_RARE_CARD","is_prod":false,"is_daily":false,"chose_seed":false,"campfire_upgraded":9,"win_rate":0,"timestamp":1551688237,"path_taken":["M","?","?","?","$","R","?","E","T","M","R","M","R","M","R","BOSS","M","M","?","M","$","R","M","R","T","M","?","M","R","?","R","BOSS","M","?","M","?","?","R","M","?","T","R","M","$","?","$","R","BOSS"],"build_version":"2019-01-23","purchased_purges":2,"victory":true,"max_hp_per_floor":[80,80,80,80,80,80,80,80,80,80,80,80,80,80,80,80,80,80,80,80,80,80,80,80,80,80,80,80,80,80,80,80,80,80,80,80,80,80,80,80,80,80,80,80,80,80,80,80,80,80],"card_choices":[{"not_picked":["Dual Wield","Corruption"],"picked":"Flex","floor":1.0},{"not_picked":["Sever Soul","Burning Pact"],"picked":"Headbutt","floor":8.0},{"not_picked":["Havoc","Perfected Strike+1"],"picked":"Anger+1","floor":10.0},{"not_picked":["Dropkick+1","Havoc"],"picked":"Spot Weakness","floor":12.0},{"not_picked":["True Grit","Burning Pact"],"picked":"Heavy Blade+1","floor":14.0},{"not_picked":["Berserk","Fiend Fire+1"],"picked":"Limit Break","floor":16.0},{"not_picked":["Warcry","Wild Strike+1"],"picked":"Pommel Strike+1","floor":18.0},{"not_picked":["True Grit","Headbutt+1"],"picked":"Ghostly Armor","floor":19.0},{"not_picked":["Pommel Strike+1","Warcry+1"],"picked":"Sword Boomerang+1","floor":21.0},{"not_picked":["Clothesline+1","Rupture+1","Sever Soul+1"],"picked":"SKIP","floor":24.0},{"not_picked":["Sentinel","Entrench","Perfected Strike+1"],"picked":"SKIP","floor":27.0},{"not_picked":["Anger+1","Iron Wave+1"],"picked":"Disarm","floor":29.0},{"not_picked":["Juggernaut","Exhume"],"picked":"Demon Form","floor":33.0},{"not_picked":["Hemokinesis+1","Anger+1","Dropkick+1"],"picked":"SKIP","floor":35.0},{"not_picked":["Anger+1","Clash+1"],"picked":"Thunderclap+1","floor":37.0},{"not_picked":["Transmutation","Swift Strike+1"],"picked":"Master of Strategy","floor":39.0},{"not_picked":["Flame Barrier+1","Pommel Strike+1"],"picked":"Whirlwind+1","floor":41.0},{"not_picked":["Anger+1","Rage"],"picked":"Heavy Blade+1","floor":45.0},{"not_picked":["Dual Wield+1","Rupture+1"],"picked":"Heavy Blade+1","floor":47.0}],"player_experience":984007,"relics_obtained":[{"floor":8.0,"key":"Ancient Tea Set"},{"floor":9.0,"key":"Molten Egg 2"},{"floor":26.0,"key":"Dream Catcher"},{"floor":28.0,"key":"Du-Vu Doll"},{"floor":28.0,"key":"Bottled Tornado"},{"floor":43.0,"key":"Champion Belt"}],"event_choices":[{"damage_healed":0.0,"max_hp_gain":0.0,"max_hp_loss":0.0,"gold_gain":75.0,"event_name":"World of Goop","player_choice":"Gather Gold","floor":2.0,"gold_loss":0.0,"damage_taken":11.0},{"damage_healed":0.0,"max_hp_gain":0.0,"max_hp_loss":0.0,"gold_gain":0.0,"event_name":"Living Wall","player_choice":"Grow","floor":3.0,"gold_loss":0.0,"damage_taken":0.0,"cards_upgraded":["Double Tap"]},{"damage_healed":0.0,"max_hp_gain":0.0,"max_hp_loss":0.0,"gold_gain":0.0,"event_name":"Shining Light","player_choice":"Entered Light","floor":4.0,"gold_loss":0.0,"damage_taken":16.0,"cards_upgraded":["Flex","Strike_R"]},{"damage_healed":0.0,"max_hp_gain":0.0,"max_hp_loss":0.0,"gold_gain":0.0,"event_name":"Back to Basics","player_choice":"Simplicity","floor":20.0,"gold_loss":0.0,"damage_taken":0.0,"cards_upgraded":["Strike_R","Strike_R","Strike_R","Strike_R","Defend_R","Defend_R","Defend_R","Defend_R"]},{"damage_healed":0.0,"max_hp_gain":0.0,"max_hp_loss":0.0,"gold_gain":0.0,"event_name":"Colosseum","player_choice":"Fight","floor":28.0,"gold_loss":0.0,"damage_taken":0.0},{"damage_healed":0.0,"max_hp_gain":0.0,"max_hp_loss":0.0,"gold_gain":0.0,"event_name":"Colosseum","player_choice":"Fought Nobs","floor":28.0,"gold_loss":0.0,"damage_taken":0.0},{"damage_healed":0.0,"max_hp_gain":0.0,"max_hp_loss":0.0,"gold_gain":0.0,"event_name":"Vampires","player_choice":"Ignored","floor":31.0,"gold_loss":0.0,"damage_taken":0.0},{"cards_removed":["Pommel Strike"],"damage_healed":0.0,"max_hp_gain":0.0,"max_hp_loss":0.0,"gold_gain":0.0,"event_name":"Falling","player_choice":"Removed Attack","floor":36.0,"gold_loss":0.0,"damage_taken":0.0},{"damage_healed":0.0,"max_hp_gain":0.0,"max_hp_loss":0.0,"gold_gain":999.0,"event_name":"MindBloom","player_choice":"Gold","floor":38.0,"gold_loss":0.0,"damage_taken":0.0,"cards_obtained":["Normality","Normality"]},{"damage_healed":0.0,"max_hp_gain":0.0,"max_hp_loss":0.0,"gold_gain":0.0,"event_name":"SensoryStone","player_choice":"Memory 1","floor":39.0,"gold_loss":0.0,"damage_taken":0.0},{"damage_healed":0.0,"max_hp_gain":0.0,"max_hp_loss":0.0,"gold_gain":0.0,"event_name":"Tomb of Lord Red Mask","player_choice":"Ignored","floor":42.0,"gold_loss":0.0,"damage_taken":0.0}],"is_beta":false,"boss_relics":[{"not_picked":["Velvet Choker","Snecko Eye"],"picked":"Mark of Pain"},{"not_picked":["Black Blood","Astrolabe"],"picked":"Philosopher\u0027s Stone"}],"items_purged_floors":[46,48],"is_endless":false,"potions_floor_spawned":[1,12,24,27,29,33,37,45,47],"ascension_level":0}