{"gold_per_floor":[111,126,126,136,136,136,162,162,207,207,236,250,282,282],"floor_reached":14,"playtime":330,"items_purged":[],"score":108,"play_id":"92d5345e-5485-4da8-b3dd-cc8b6809c046","local_time":"20190107224333","is_ascension_mode":true,"campfire_choices":[{"data":"Metallicize","floor":6,"key":"SMITH"},{"data":"Seeing Red","floor":8,"key":"SMITH"},{"data":"Bash","floor":10,"key":"SMITH"}],"neow_cost":"NONE","seed_source_timestamp":45067826213946,"circlet_count":0,"master_deck":["Strike_R","Strike_R","Strike_R","Strike_R","Defend_R","Defend_R","Defend_R","Defend_R","Bash+1","Wild Strike","Twin Strike","Metallicize+1","Seeing Red+1","Burning Pact","Cleave","Clothesline"],"relics":["Burning Blood","NeowsBlessing","Odd Mushroom","Smiling Mask","Happy Flower","Gremlin Horn"],"potions_floor_usage":[14],"damage_taken":[{"damage":0,"enemies":"Cultist","floor":1,"turns":1},{"damage":0,"enemies":"2 Louse","floor":2,"turns":1},{"damage":0,"enemies":"Small Slimes","floor":4,"turns":1},{"damage":30,"enemies":"The Mushroom Lair","floor":7,"turns":6},{"damage":26,"enemies":"Gremlin Nob","floor":11,"turns":5},{"damage":5,"enemies":"Exordium Wildlife","floor":12,"turns":4},{"damage":37,"enemies":"Lagavulin","floor":13,"turns":6},{"damage":20,"enemies":"Gremlin Gang","floor":14,"turns":1}],"seed_played":"3228204400328760497","potions_obtained":[{"floor":11,"key":"AttackPotion"},{"floor":12,"key":"Ancient Potion"}],"is_trial":false,"path_per_floor":["M","M","?","M","?","R","?","R","T","R","E","M","E","M"],"character_chosen":"IRONCLAD","items_purchased":[],"campfire_rested":0,"item_purchase_floors":[],"current_hp_per_floor":[80,80,85,85,85,85,61,61,61,61,41,42,11,0],"gold":282,"neow_bonus":"THREE_ENEMY_KILL","is_prod":false,"is_daily":false,"chose_seed":false,"campfire_upgraded":3,"win_rate":0,"timestamp":1546868613,"path_taken":["M","?","?","M","?","R","?","R","T","R","E","M","E","M"],"build_version":"2019-01-03v4","purchased_purges":0,"victory":false,"max_hp_per_floor":[80,80,85,85,85,85,85,85,85,85,85,85,85,85],"card_choices":[{"not_picked":["Perfected Strike","Sever Soul"],"picked":"Wild Strike","floor":1},{"not_picked":["Flex","True Grit"],"picked":"Twin Strike","floor":2},{"not_picked":["Sword Boomerang","Wild Strike"],"picked":"Metallicize","floor":4},{"not_picked":["Carnage","Perfected Strike"],"picked":"Seeing Red","floor":7},{"not_picked":["Reckless Charge","Bludgeon"],"picked":"Burning Pact","floor":11},{"not_picked":["Flex","Hemokinesis"],"picked":"Cleave","floor":12},{"not_picked":["Havoc","True Grit"],"picked":"Clothesline","floor":13}],"player_experience":160515,"relics_obtained":[{"floor":7,"key":"Odd Mushroom"},{"floor":9,"key":"Smiling Mask"},{"floor":11,"key":"Happy Flower"},{"floor":13,"key":"Gremlin Horn"}],"event_choices":[{"damage_healed":0,"gold_gain":0,"player_choice":"Donut","damage_taken":0,"max_hp_gain":5,"max_hp_loss":0,"event_name":"Big Fish","floor":3,"gold_loss":0},{"cards_removed":["Strike_R"],"damage_healed":0,"gold_gain":0,"player_choice":"Forget","damage_taken":0,"max_hp_gain":0,"max_hp_loss":0,"event_name":"Living Wall","floor":5,"gold_loss":0},{"damage_healed":0,"gold_gain":0,"player_choice":"Fought Mushrooms","damage_taken":0,"max_hp_gain":0,"max_hp_loss":0,"event_name":"Mushrooms","floor":7,"gold_loss":0}],"is_beta":false,"boss_relics":[],"items_purged_floors":[],"is_endless":false,"potions_floor_spawned":[11,12],"killed_by":"Gremlin Gang","ascension_level":2}