{"gold_per_floor":[16,31,46,46,66,66,91,103,140,152,175,187,230,242,254,343,355,386,412,424,118,118,118,145,145,145,176,187,187,198,231,231,308,308,325,325,164,164,386,52,52,52],"floor_reached":42,"playtime":1448,"items_purged":["Decay"],"score":905,"play_id":"dadf29ca-cadb-4300-8539-f2549af820bc","local_time":"20190211205025","is_ascension_mode":true,"campfire_choices":[{"data":"Uppercut","floor":6.0,"key":"SMITH"},{"data":"Bash","floor":10.0,"key":"SMITH"},{"floor":15.0,"key":"REST"},{"data":"Mayhem","floor":23.0,"key":"SMITH"},{"floor":25.0,"key":"REST"},{"floor":32.0,"key":"REST"}],"neow_cost":"NO_GOLD","seed_source_timestamp":346116808422009,"circlet_count":0,"master_deck":["AscendersBane","Defend_R+1","Defend_R+1","Defend_R+1","Bash+1","Anger+1","Uppercut+1","Clash","Wild Strike","Bludgeon+1","Reaper","Iron Wave","Ghostly Armor","Mayhem+1","Disarm","Bite","Bite","Bite","Bite","Bite","Shrug It Off","Immolate","Shrug It Off+1","Armaments","Whirlwind","Inflame","Ghostly Armor"],"special_seed":0,"relics":["Burning Blood","Happy Flower","MawBank","War Paint","Gremlin Horn","Velvet Choker","Enchiridion","Pocketwatch","Art of War","Red Mask","Juzu Bracelet","Orrery","Bag of Marbles","StoneCalendar","Bag of Preparation"],"potions_floor_usage":[42],"damage_taken":[{"damage":7.0,"enemies":"Small Slimes","floor":1.0,"turns":4.0},{"damage":1.0,"enemies":"Cultist","floor":2.0,"turns":3.0},{"damage":5.0,"enemies":"2 Louse","floor":3.0,"turns":2.0},{"damage":12.0,"enemies":"Blue Slaver","floor":5.0,"turns":3.0},{"damage":8.0,"enemies":"Gremlin Nob","floor":7.0,"turns":3.0},{"damage":11.0,"enemies":"Looter","floor":11.0,"turns":2.0},{"damage":24.0,"enemies":"3 Sentries","floor":13.0,"turns":5.0},{"damage":30.0,"enemies":"Hexaghost","floor":16.0,"turns":7.0},{"damage":0.0,"enemies":"Chosen","floor":18.0,"turns":2.0},{"damage":0.0,"enemies":"Spheric Guardian","floor":19.0,"turns":2.0},{"damage":29.0,"enemies":"Book of Stabbing","floor":24.0,"turns":4.0},{"damage":27.0,"enemies":"Masked Bandits","floor":27.0,"turns":4.0},{"damage":18.0,"enemies":"Chosen and Byrds","floor":28.0,"turns":5.0},{"damage":15.0,"enemies":"Snake Plant","floor":30.0,"turns":4.0},{"damage":31.0,"enemies":"Gremlin Leader","floor":31.0,"turns":6.0},{"damage":53.0,"enemies":"Collector","floor":33.0,"turns":7.0},{"damage":0.0,"enemies":"3 Shapes","floor":35.0,"turns":2.0},{"damage":77,"enemies":"Time Eater","floor":42,"turns":6}],"seed_played":"9146655447460681391","potions_obtained":[{"floor":1.0,"key":"PowerPotion"},{"floor":5.0,"key":"Strength Potion"},{"floor":16.0,"key":"Fire Potion"},{"floor":27.0,"key":"PowerPotion"},{"floor":33.0,"key":"GamblersBrew"}],"is_trial":false,"path_per_floor":["M","M","M","?","M","R","E","?","T","R","M","?","E","?","R","B",null,"M","M","?","$","?","R","E","R","T","?","M","?","M","E","R","B",null,"M","?","$","T","?","$","?","B"],"character_chosen":"IRONCLAD","items_purchased":["Ghostly Armor","Mayhem","Bag of Marbles","Bag of Preparation","Inflame","Ghostly Armor"],"campfire_rested":3,"item_purchase_floors":[21,21,37,40,40,40],"current_hp_per_floor":[67,72,73,55,49,49,47,47,47,47,42,67,49,26,48,24,62,68,74,74,74,53,53,36,58,58,49,43,43,42,31,46,29,46,52,49,49,49,49,49,49,0],"gold":52,"neow_bonus":"REMOVE_TWO","is_prod":false,"is_daily":false,"chose_seed":false,"campfire_upgraded":3,"win_rate":0,"timestamp":1549936225,"path_taken":["M","M","M","?","M","R","E","?","T","R","?","?","E","?","R","BOSS","M","M","?","$","?","R","E","R","T","?","M","?","M","E","R","BOSS","M","?","$","?","?","$","?","BOSS"],"build_version":"2019-01-23","purchased_purges":1,"victory":false,"max_hp_per_floor":[75,75,75,75,75,75,75,75,75,75,75,75,75,75,75,75,75,75,75,75,75,75,75,75,75,75,75,75,52,52,52,52,52,52,52,52,52,52,52,52,52,52],"card_choices":[{"not_picked":["Burning Pact","Perfected Strike"],"picked":"Anger","floor":1.0},{"not_picked":["Inflame","Searing Blow"],"picked":"Uppercut","floor":2.0},{"not_picked":["Burning Pact","Thunderclap"],"picked":"Clash","floor":3.0},{"not_picked":["True Grit","Fire Breathing"],"picked":"Wild Strike","floor":5.0},{"not_picked":["Evolve","Wild Strike"],"picked":"Bludgeon","floor":7.0},{"not_picked":["Pommel Strike","Body Slam","Heavy Blade"],"picked":"SKIP","floor":11.0},{"not_picked":["Rage","Bloodletting","Blood for Blood"],"picked":"SKIP","floor":13.0},{"not_picked":["Barricade","Berserk"],"picked":"Reaper","floor":16.0},{"not_picked":["Clothesline","Sever Soul","Dual Wield+1"],"picked":"SKIP","floor":18.0},{"not_picked":["Thunderclap+1","Pummel"],"picked":"Iron Wave","floor":19.0},{"not_picked":["Uppercut","Warcry"],"picked":"Disarm","floor":24.0},{"not_picked":["Thunderclap","Warcry","Wild Strike"],"picked":"SKIP","floor":28.0},{"not_picked":["Dropkick","Havoc"],"picked":"Shrug It Off","floor":30.0},{"not_picked":["Spot Weakness","Dropkick","Bludgeon"],"picked":"SKIP","floor":31.0},{"not_picked":["Reaper","Fiend Fire"],"picked":"Immolate","floor":33.0},{"not_picked":["Bludgeon","True Grit+1"],"picked":"Shrug It Off+1","floor":34.0},{"not_picked":["Dual Wield+1","True Grit"],"picked":"Armaments","floor":34.0},{"not_picked":["Warcry","Armaments"],"picked":"Whirlwind","floor":34.0},{"not_picked":["Warcry","Heavy Blade+1","Armaments"],"picked":"SKIP","floor":35.0}],"player_experience":452138,"relics_obtained":[{"floor":7.0,"key":"MawBank"},{"floor":9.0,"key":"War Paint"},{"floor":13.0,"key":"Gremlin Horn"},{"floor":22.0,"key":"Enchiridion"},{"floor":24.0,"key":"Pocketwatch"},{"floor":26.0,"key":"Art of War"},{"floor":27.0,"key":"Red Mask"},{"floor":31.0,"key":"Juzu Bracelet"},{"floor":38.0,"key":"StoneCalendar"}],"event_choices":[{"damage_healed":0.0,"max_hp_gain":0.0,"max_hp_loss":0.0,"gold_gain":0.0,"event_name":"Scrap Ooze","player_choice":"Success","floor":4.0,"gold_loss":0.0,"damage_taken":18.0,"relics_obtained":["Happy Flower"]},{"damage_healed":0.0,"max_hp_gain":0.0,"max_hp_loss":0.0,"gold_gain":0.0,"event_name":"Accursed Blacksmith","player_choice":"Forge","floor":8.0,"gold_loss":0.0,"damage_taken":0.0,"cards_upgraded":["Bludgeon"]},{"damage_healed":25.0,"max_hp_gain":0.0,"max_hp_loss":0.0,"gold_gain":0.0,"event_name":"Big Fish","player_choice":"Banana","floor":12.0,"gold_loss":0.0,"damage_taken":0.0},{"damage_healed":0.0,"max_hp_gain":0.0,"max_hp_loss":0.0,"gold_gain":0.0,"event_name":"Shining Light","player_choice":"Entered Light","floor":14.0,"gold_loss":0.0,"damage_taken":23.0,"cards_upgraded":["Defend_R","Anger"]},{"damage_healed":0.0,"max_hp_gain":0.0,"max_hp_loss":0.0,"gold_gain":0.0,"event_name":"Forgotten Altar","player_choice":"Smashed Altar","floor":20.0,"gold_loss":0.0,"damage_taken":0.0,"cards_obtained":["Decay"]},{"damage_healed":0.0,"max_hp_gain":0.0,"max_hp_loss":0.0,"gold_gain":0.0,"event_name":"Cursed Tome","player_choice":"Obtained Book","floor":22.0,"gold_loss":0.0,"damage_taken":21.0},{"damage_healed":0.0,"max_hp_gain":0.0,"max_hp_loss":0.0,"gold_gain":0.0,"event_name":"Masked Bandits","player_choice":"Fought Bandits","floor":27.0,"gold_loss":0.0,"damage_taken":0.0},{"damage_healed":0.0,"max_hp_gain":0.0,"max_hp_loss":23.0,"gold_gain":0.0,"event_name":"Vampires","player_choice":"Became a vampire","floor":29.0,"gold_loss":0.0,"damage_taken":0.0,"cards_obtained":["Bite","Bite","Bite","Bite","Bite"]},{"damage_healed":0.0,"max_hp_gain":0.0,"max_hp_loss":0.0,"gold_gain":0.0,"event_name":"The Woman in Blue","player_choice":"Bought 0 Potions","floor":36.0,"gold_loss":0.0,"damage_taken":0.0},{"damage_healed":0.0,"max_hp_gain":0.0,"max_hp_loss":0.0,"gold_gain":222.0,"event_name":"Tomb of Lord Red Mask","player_choice":"Wore Mask","floor":39.0,"gold_loss":0.0,"damage_taken":0.0},{"damage_healed":0.0,"max_hp_gain":0.0,"max_hp_loss":0.0,"gold_gain":0.0,"event_name":"SecretPortal","player_choice":"Took Portal","floor":41.0,"gold_loss":0.0,"damage_taken":0.0}],"is_beta":false,"boss_relics":[{"not_picked":["Astrolabe","Runic Pyramid"],"picked":"Velvet Choker"},{"not_picked":["White Beast Statue","Runic Dome"],"picked":"Orrery"}],"items_purged_floors":[21],"is_endless":false,"potions_floor_spawned":[1,5,11,13,16,18,19,27,28,33],"killed_by":"Time Eater","ascension_level":20}