{"path_per_floor":["M","?","M","M","?","R","M","?","T","$","M","R","E","M","R","B",null,"M","?","?","?","M","R","T","R","T","E","$"],"character_chosen":"IRONCLAD","items_purchased":["Vajra","Singing Bowl"],"gold_per_floor":[114,114,130,146,146,146,162,412,412,192,205,205,234,254,254,354,354,369,369,369,284,304,304,381,381,381,408,163,163],"floor_reached":29,"campfire_rested":3,"playtime":1149,"current_hp_per_floor":[80,80,80,80,73,73,71,71,71,71,29,53,26,24,48,32,80,41,25,25,25,33,33,33,57,57,35,35,35],"items_purged":["Regret","Writhe"],"gold":163,"score":241,"play_id":"9470cc6c-d3c4-4fa6-9956-c4c455298cc5","local_time":"20180421224226","is_prod":false,"is_daily":false,"chose_seed":false,"is_ascension_mode":false,"campfire_upgraded":2,"timestamp":1524375746,"path_taken":["M","?","M","M","?","R","M","?","T","$","M","R","E","M","R","BOSS","M","?","?","?","M","R","?","R","T","E","$","M"],"build_version":"2018-04-19","seed_source_timestamp":946002393577249,"purchased_purges":2,"victory":false,"master_deck":["Strike_R","Strike_R","Strike_R","Strike_R","Defend_R","Defend_R","Defend_R","Defend_R","Bash+1","Thunderclap","Dropkick+1","Clumsy"],"max_hp_per_floor":[80,80,80,80,80,80,80,80,80,80,80,80,80,80,80,80,80,80,80,80,80,80,80,80,80,80,80,80,80],"relics":["Burning Blood","Juzu Bracelet","Magic Flower","Torii","Vajra","Bag of Preparation","Cursed Key","Nilry\u0027s Codex","Thread and Needle","Frozen Egg 2","Bag of Marbles","Bottled Flame","Singing Bowl"],"card_choices":[{"not_picked":["Wild Strike","Bloodletting"],"picked":"Thunderclap","floor":3}],"player_experience":112703,"potions_floor_usage":[16,16],"damage_taken":[{"damage":5,"enemies":"Jaw Worm","floor":1,"turns":5},{"damage":1,"enemies":"Cultist","floor":3,"turns":3},{"damage":4,"enemies":"2 Louse","floor":4,"turns":3},{"damage":11,"enemies":"Blue Slaver","floor":7,"turns":4},{"damage":51,"enemies":"Exordium Thugs","floor":11,"turns":8},{"damage":36,"enemies":"Gremlin Nob","floor":13,"turns":5},{"damage":11,"enemies":"Red Slaver","floor":14,"turns":5},{"damage":25,"enemies":"The Guardian","floor":16,"turns":16},{"damage":48,"enemies":"Shell Parasite","floor":18,"turns":8},{"damage":1,"enemies":"Chosen","floor":22,"turns":5},{"damage":31,"enemies":"Book of Stabbing","floor":27,"turns":5},{"damage":0,"enemies":"Slaver and Parasite","floor":29,"turns":1}],"event_choices":[{"event_name":"Accursed Blacksmith","player_choice":"Rummage","floor":2,"damage_taken":0},{"event_name":"Golden Wing","player_choice":"Card Removal","floor":5,"damage_taken":0},{"event_name":"Golden Shrine","player_choice":"Desecrate","floor":8,"damage_taken":0},{"event_name":"Cursed Tome","player_choice":"Obtained Book","floor":19,"damage_taken":0},{"event_name":"The Library","player_choice":"Read","floor":20,"damage_taken":0},{"event_name":"Addict","player_choice":"Obtained Relic","floor":21,"damage_taken":0}],"boss_relics":[{"not_picked":["Snecko Eye","Calling Bell"],"picked":"Cursed Key"}],"potions_floor_spawned":[4,13,16,18],"seed_played":"-2483158161353238948","killed_by":"Slaver and Parasite","ascension_level":0,"is_trial":false}