{"gold_per_floor":[209,209,229,304,51,51,76,89,115,65,78,78,78],"floor_reached":13,"playtime":264,"items_purged":[],"score":116,"play_id":"2cae1e2e-d9c0-46a7-9977-96c2938f2b33","local_time":"20181220191346","is_ascension_mode":true,"campfire_choices":[{"data":"Bash","floor":6,"key":"SMITH"},{"data":"Rampage","floor":12,"key":"SMITH"}],"neow_cost":"NONE","seed_source_timestamp":192805484628150,"circlet_count":0,"master_deck":["Strike_R","Strike_R","Strike_R","Defend_R","Defend_R","Defend_R","Defend_R","Bash+1","Rampage+1","Sentinel","Searing Blow"],"relics":["Burning Blood","Paper Frog","PreservedInsect"],"potions_floor_usage":[8,8],"damage_taken":[{"damage":0,"enemies":"2 Louse","floor":1,"turns":3},{"damage":6,"enemies":"Cultist","floor":3,"turns":4},{"damage":55,"enemies":"Lagavulin","floor":7,"turns":6},{"damage":0,"enemies":"Small Slimes","floor":8,"turns":2},{"damage":11,"enemies":"3 Louse","floor":11,"turns":3},{"damage":24,"enemies":"Exordium Wildlife","floor":13,"turns":2}],"seed_played":"-7737352623774571838","potions_obtained":[{"floor":3,"key":"SpeedPotion"},{"floor":7,"key":"EntropicBrew"},{"floor":11,"key":"Ancient Potion"}],"is_trial":false,"path_per_floor":["M","?","M","?","$","R","E","M","T","?","M","R","M"],"character_chosen":"IRONCLAD","items_purchased":["Paper Frog"],"campfire_rested":0,"item_purchase_floors":[5],"current_hp_per_floor":[78,78,78,67,67,67,18,24,24,24,19,19,0],"gold":78,"neow_bonus":"HUNDRED_GOLD","is_prod":false,"is_daily":false,"chose_seed":false,"campfire_upgraded":2,"win_rate":0,"timestamp":1545351226,"path_taken":["M","?","?","?","$","R","E","M","T","?","M","R","M"],"build_version":"2018-12-13","purchased_purges":0,"victory":false,"max_hp_per_floor":[80,80,80,80,80,80,80,80,80,80,80,80,80],"card_choices":[{"not_picked":["Iron Wave","Cleave"],"picked":"Rampage","floor":1},{"not_picked":["Heavy Blade","Hemokinesis"],"picked":"Searing Blow","floor":3},{"not_picked":["Bloodletting","Clothesline","Sword Boomerang"],"picked":"SKIP","floor":7},{"not_picked":["Second Wind","Pommel Strike","Warcry"],"picked":"SKIP","floor":8},{"not_picked":["Sever Soul","Clash","Searing Blow"],"picked":"SKIP","floor":11}],"player_experience":303357,"relics_obtained":[{"floor":7,"key":"PreservedInsect"}],"event_choices":[{"damage_healed":0,"gold_gain":0,"cards_transformed":["Strike_R"],"player_choice":"Transformed","damage_taken":0,"max_hp_gain":0,"max_hp_loss":0,"event_name":"Transmorgrifier","floor":2,"gold_loss":0,"cards_obtained":["Sentinel"]},{"damage_healed":0,"gold_gain":75,"player_choice":"Gather Gold","damage_taken":11,"max_hp_gain":0,"max_hp_loss":0,"event_name":"World of Goop","floor":4,"gold_loss":0},{"cards_removed":["Strike_R"],"damage_healed":0,"gold_gain":0,"player_choice":"Card Removal","damage_taken":0,"max_hp_gain":0,"max_hp_loss":0,"event_name":"The Cleric","floor":10,"gold_loss":50}],"is_beta":false,"boss_relics":[],"items_purged_floors":[],"is_endless":false,"potions_floor_spawned":[3,7,11],"killed_by":"Exordium Wildlife","ascension_level":8}