{"path_per_floor":["M","?","M","M","M","R","M","$","T","M","E","M","?","$","R","B",null,"M","$","M"],"character_chosen":"IRONCLAD","items_purchased":[],"gold_per_floor":[209,209,223,240,260,260,277,202,202,213,247,262,262,162,162,264,264,283,158,174,174],"floor_reached":21,"campfire_rested":1,"playtime":1268,"current_hp_per_floor":[80,64,58,64,58,58,51,51,51,53,29,34,31,31,55,7,80,66,66,42,0],"items_purged":["Strike_R","Strike_R","Strike_R"],"gold":174,"score":183,"play_id":"f3dc0f44-c119-4bf9-a6d2-d4ed496d4905","local_time":"20180421161835","is_prod":false,"is_daily":false,"chose_seed":false,"is_ascension_mode":false,"campfire_upgraded":1,"timestamp":1524352715,"path_taken":["M","?","M","?","M","R","M","$","T","?","E","M","?","$","R","BOSS","M","$","M","M"],"build_version":"2018-04-19","seed_source_timestamp":922851360779680,"purchased_purges":3,"victory":false,"master_deck":["Strike_R","Strike_R","Defend_R","Defend_R","Defend_R+1","Defend_R+1","Bash+1","Thunderclap","Double Tap","Dropkick","Flex"],"max_hp_per_floor":[80,80,80,80,80,80,80,80,80,80,80,80,80,80,80,80,80,80,80,80,80],"relics":["Burning Blood","Bottled Flame","Prayer Wheel","Torii","Orrery"],"card_choices":[{"not_picked":["Spot Weakness","Twin Strike"],"picked":"Thunderclap","floor":4},{"not_picked":["Offering","Demon Form"],"picked":"Double Tap","floor":16},{"not_picked":["Cleave","Inflame"],"picked":"Dropkick","floor":17},{"not_picked":["Wild Strike","Heavy Blade"],"picked":"Flex","floor":17}],"player_experience":109576,"potions_floor_usage":[16,16,16,21],"damage_taken":[{"damage":5,"enemies":"Jaw Worm","floor":1,"turns":4},{"damage":12,"enemies":"Cultist","floor":3,"turns":5},{"damage":0,"enemies":"2 Louse","floor":4,"turns":3},{"damage":12,"enemies":"Looter","floor":5,"turns":3},{"damage":13,"enemies":"Exordium Wildlife","floor":7,"turns":5},{"damage":4,"enemies":"Blue Slaver","floor":10,"turns":4},{"damage":30,"enemies":"3 Sentries","floor":11,"turns":11},{"damage":1,"enemies":"2 Fungi Beasts","floor":12,"turns":4},{"damage":54,"enemies":"The Guardian","floor":16,"turns":23},{"damage":20,"enemies":"Shell Parasite","floor":18,"turns":8},{"damage":30,"enemies":"3 Byrds","floor":20,"turns":7},{"damage":46,"enemies":"Centurion and Healer","floor":21,"turns":8}],"event_choices":[{"event_name":"Shining Light","player_choice":"Entered Light","floor":2,"damage_taken":0},{"event_name":"Scrap Ooze","player_choice":"success","floor":13,"damage_taken":3}],"boss_relics":[{"not_picked":["Runic Cube","Snecko Eye"],"picked":"Orrery"}],"potions_floor_spawned":[4,5,11,16,18],"seed_played":"6259852685630793773","killed_by":"Centurion and Healer","ascension_level":0,"is_trial":false}