{"gold_per_floor":[110,110,35,35,52,83,83,97,171,188,188,216,216,216,216,216],"floor_reached":16,"playtime":378,"items_purged":["Strike_R"],"score":233,"play_id":"87473ad5-923a-4cb0-b9af-7a0519128e1a","local_time":"20190124153833","is_ascension_mode":true,"campfire_choices":[{"data":"True Grit","floor":7,"key":"SMITH"},{"data":"Bash","floor":11,"key":"SMITH"},{"floor":13,"key":"REST"},{"data":"True Grit","floor":15,"key":"SMITH"}],"neow_cost":"NONE","seed_source_timestamp":573392643049305,"circlet_count":0,"master_deck":["AscendersBane","Strike_R","Strike_R","Strike_R","Defend_R","Defend_R","Defend_R","Defend_R","Bash+1","Carnage","Dropkick","True Grit+1","True Grit+1"],"relics":["Burning Blood","NeowsBlessing","Regal Pillow","Centennial Puzzle","Dodecahedron","Mango"],"potions_floor_usage":[12,16,16],"damage_taken":[{"damage":0,"enemies":"Small Slimes","floor":1,"turns":1},{"damage":0,"enemies":"2 Louse","floor":5,"turns":1},{"damage":0,"enemies":"3 Sentries","floor":6,"turns":2},{"damage":1,"enemies":"Cultist","floor":8,"turns":3},{"damage":21,"enemies":"Lots of Slimes","floor":10,"turns":5},{"damage":49,"enemies":"Gremlin Nob","floor":12,"turns":6},{"damage":40,"enemies":"The Guardian","floor":16,"turns":9}],"seed_played":"8900339770484081230","potions_obtained":[{"floor":1,"key":"SkillPotion"},{"floor":14,"key":"AttackPotion"},{"floor":14,"key":"Poison Potion"}],"is_trial":false,"path_per_floor":["M","?","$","?","M","E","R","M","T","M","R","E","R","?","R","B"],"character_chosen":"IRONCLAD","items_purchased":[],"campfire_rested":1,"item_purchase_floors":[],"current_hp_per_floor":[74,74,74,48,54,60,60,65,65,50,50,21,62,62,62,22],"gold":216,"neow_bonus":"THREE_ENEMY_KILL","is_prod":false,"is_daily":false,"chose_seed":false,"campfire_upgraded":3,"win_rate":0,"timestamp":1548362313,"path_taken":["M","?","$","?","M","E","R","M","T","M","R","E","R","?","R","BOSS"],"build_version":"2019-01-23","purchased_purges":1,"victory":false,"max_hp_per_floor":[75,75,75,75,75,75,75,75,75,75,75,89,89,89,89,89],"card_choices":[{"not_picked":["Hemokinesis","Perfected Strike"],"picked":"Carnage","floor":1},{"not_picked":["Spot Weakness","Flex"],"picked":"Dropkick","floor":5},{"not_picked":["Hemokinesis","Havoc"],"picked":"True Grit","floor":6},{"not_picked":["Sentinel","Anger","Pommel Strike"],"picked":"SKIP","floor":8},{"not_picked":["Pommel Strike","Berserk","Twin Strike"],"picked":"SKIP","floor":10},{"not_picked":["Pommel Strike","Warcry"],"picked":"True Grit","floor":12}],"player_experience":420264,"relics_obtained":[{"floor":6,"key":"Centennial Puzzle"},{"floor":9,"key":"Dodecahedron"},{"floor":12,"key":"Mango"}],"event_choices":[{"cards_removed":["Strike_R"],"damage_healed":0,"gold_gain":0,"player_choice":"Forget","damage_taken":0,"max_hp_gain":0,"max_hp_loss":0,"event_name":"Living Wall","floor":2,"gold_loss":0},{"damage_healed":0,"gold_gain":0,"player_choice":"Success","damage_taken":26,"relics_obtained":["Regal Pillow"],"max_hp_gain":0,"max_hp_loss":0,"event_name":"Scrap Ooze","floor":4,"gold_loss":0},{"damage_healed":0,"gold_gain":0,"player_choice":"Got Potions","damage_taken":0,"max_hp_gain":0,"max_hp_loss":0,"event_name":"Lab","floor":14,"gold_loss":0}],"is_beta":false,"boss_relics":[],"items_purged_floors":[3],"is_endless":false,"potions_floor_spawned":[1],"killed_by":"The Guardian","ascension_level":15}