{"path_per_floor":["M","$","?","?","M","R","E","R","T","R","M","E","$","M","R","B",null,"M","M","?","?","M","E","?","R","T","E","M"],"character_chosen":"DEFECT","items_purchased":["Coolheaded","Capacitor","Jack Of All Trades"],"gold_per_floor":[109,19,19,19,37,37,72,72,72,72,91,117,25,35,35,137,137,150,161,161,161,178,204,204,204,204,234,252,252],"floor_reached":29,"campfire_rested":1,"playtime":1538,"item_purchase_floors":[2,2,13],"current_hp_per_floor":[67,67,67,67,65,65,47,47,47,47,46,16,16,14,36,2,57,37,25,25,25,21,21,17,17,17,5,5,0],"items_purged":[],"gold":252,"score":410,"play_id":"8834a5fc-dc3c-4a64-9229-36c1faee422b","local_time":"20180604204721","is_prod":false,"is_daily":false,"chose_seed":false,"is_ascension_mode":true,"campfire_upgraded":4,"win_rate":0,"timestamp":1528138041,"campfire_choices":[{"data":"Capacitor","floor":6,"key":"SMITH"},{"data":"Coolheaded","floor":8,"key":"SMITH"},{"data":"Dualcast","floor":10,"key":"SMITH"},{"floor":15,"key":"REST"},{"data":"Chaos","floor":25,"key":"SMITH"}],"path_taken":["M","?","?","?","?","R","E","R","T","R","M","E","$","M","R","BOSS","M","M","?","?","M","E","?","R","T","E","M","?"],"build_version":"2018-05-31","seed_source_timestamp":1658631587115674,"purchased_purges":0,"victory":false,"master_deck":["Zap+1","Dualcast+1","Ball Lightning","Coolheaded+1","Capacitor+1","Leap","Beam Cell","Leap","Hologram","Jack Of All Trades","Static Discharge+1","Rainbow","Rebound","Aggregate","Sweeping Beam","Ball Lightning","Glacier","Beam Cell","Coolheaded","Steam","Defragment+1","Compile Driver","Ghostly","Ghostly","Ghostly","Ghostly","Ghostly","Hologram","Melter+1","Chaos+1","BootSequence+1","Reinforced Body"],"max_hp_per_floor":[75,75,75,75,75,75,75,75,75,75,75,75,75,75,75,75,75,75,75,37,37,37,37,42,42,42,42,42,42],"relics":["Cracked Core","War Paint","Frozen Egg 2","Omamori","Pandora\u0027s Box","Du-Vu Doll","Thread and Needle","Bag of Marbles"],"card_choices":[{"not_picked":["Beam Cell","Redo"],"picked":"Ball Lightning","floor":1},{"not_picked":["Rebound","Cold Snap"],"picked":"Leap","floor":5},{"not_picked":["Steam","Compile Driver"],"picked":"Beam Cell","floor":7},{"not_picked":["Stack","Compile Driver"],"picked":"Leap","floor":11},{"not_picked":["Storm+1","Reinforced Body"],"picked":"Hologram","floor":12},{"not_picked":["Hyperbeam","Turbo"],"picked":"Static Discharge+1","floor":14},{"not_picked":["Seek","Amplify"],"picked":"Rainbow","floor":16},{"not_picked":["Turbo","Sweeping Beam"],"picked":"Defragment+1","floor":18},{"not_picked":["Conserve Battery","Ball Lightning"],"picked":"Compile Driver","floor":19},{"not_picked":["Scrape","Go for the Eyes+1"],"picked":"Melter+1","floor":22},{"not_picked":["Rebound","Coolheaded"],"picked":"Chaos","floor":23},{"not_picked":["Chaos","Scrape"],"picked":"BootSequence+1","floor":27},{"not_picked":["Rebound","Compile Driver"],"picked":"Reinforced Body","floor":28}],"player_experience":471926,"potions_floor_usage":[16,23,27],"damage_taken":[{"damage":1,"enemies":"Cultist","floor":1,"turns":4},{"damage":2,"enemies":"Jaw Worm","floor":5,"turns":4},{"damage":18,"enemies":"Lagavulin","floor":7,"turns":9},{"damage":1,"enemies":"2 Louse","floor":11,"turns":2},{"damage":30,"enemies":"Gremlin Nob","floor":12,"turns":4},{"damage":2,"enemies":"2 Fungi Beasts","floor":14,"turns":3},{"damage":34,"enemies":"The Guardian","floor":16,"turns":10},{"damage":20,"enemies":"Spheric Guardian","floor":18,"turns":4},{"damage":12,"enemies":"3 Byrds","floor":19,"turns":4},{"damage":4,"enemies":"Centurion and Healer","floor":22,"turns":7},{"damage":0,"enemies":"Book of Stabbing","floor":23,"turns":7},{"damage":12,"enemies":"Slavers","floor":27,"turns":7},{"damage":0,"enemies":"Chosen and Byrds","floor":28,"turns":8},{"damage":8,"enemies":"3 Cultists","floor":29,"turns":4}],"relics_obtained":[{"floor":7,"key":"War Paint"},{"floor":9,"key":"Frozen Egg 2"},{"floor":12,"key":"Omamori"},{"floor":23,"key":"Du-Vu Doll"},{"floor":26,"key":"Thread and Needle"},{"floor":27,"key":"Bag of Marbles"}],"event_choices":[{"event_name":"The Cleric","player_choice":"Leave","floor":3,"damage_taken":0},{"event_name":"Accursed Blacksmith","player_choice":"Forge","floor":4,"damage_taken":0},{"event_name":"Ghosts","player_choice":"Became a Ghost","floor":20,"damage_taken":0},{"event_name":"The Library","player_choice":"Read","floor":21,"damage_taken":0},{"event_name":"Forgotten Altar","player_choice":"Shed Blood","floor":24,"damage_taken":0}],"boss_relics":[{"not_picked":["Ectoplasm","Calling Bell"],"picked":"Pandora\u0027s Box"}],"items_purged_floors":[],"potions_floor_spawned":[7,11,16,18,22,28],"seed_played":"7664368110160587858","killed_by":"3 Cultists","ascension_level":6,"potions_obtained":[{"floor":7,"key":"SpeedPotion"},{"floor":11,"key":"SneckoOil"},{"floor":16,"key":"LiquidBronze"},{"floor":18,"key":"AttackPotion"},{"floor":28,"key":"Dexterity Potion"}],"is_trial":false}