{"path_per_floor":["M","$","?","M","M","E","R","E","T","E","M","R","E","M","R","B",null,"M","?","$","M","M","E","?","E","T","M","R","?","?","E","R","B",null,"M","?","$","M","?","E","R","?","T","?","T","E","M","E","R","B"],"character_chosen":"DEFECT","items_purchased":["Hello World","Defragment","Bird Faced Urn","Panache","Defragment","Steam+1"],"gold_per_floor":[114,35,35,47,60,85,85,112,138,167,177,177,209,222,222,324,324,340,490,43,60,72,98,13,42,42,61,61,61,90,120,120,225,225,239,339,32,43,43,74,74,123,123,123,123,180,199,229,229,229],"floor_reached":51,"campfire_rested":4,"playtime":4780,"item_purchase_floors":[],"current_hp_per_floor":[63,63,63,57,44,29,51,32,32,21,17,39,25,18,40,22,62,57,57,57,51,58,29,29,14,14,30,52,52,25,24,24,25,45,52,52,52,51,51,49,49,42,42,35,35,52,52,52,52,27],"items_purged":["Regret"],"gold":229,"score":1408,"play_id":"fa5e2aa1-36e0-4108-bba7-020fe469c002","local_time":"20180611193813","is_prod":false,"is_daily":false,"chose_seed":false,"is_ascension_mode":true,"campfire_upgraded":3,"win_rate":0,"timestamp":1528738693,"campfire_choices":[{"floor":7.0,"key":"REST"},{"floor":12.0,"key":"REST"},{"floor":15.0,"key":"REST"},{"floor":28.0,"key":"REST"},{"data":"Hello World","floor":32.0,"key":"SMITH"},{"data":"Panache","floor":41,"key":"SMITH"},{"data":"Defragment","floor":49,"key":"SMITH"}],"path_taken":["M","$","?","?","M","E","R","E","T","E","M","R","E","M","R","BOSS","M","?","$","M","M","E","?","E","T","M","R","?","?","E","R","BOSS","M","?","$","?","?","E","R","?","T","?","?","E","M","E","R","BOSS"],"build_version":"2018-06-07v3","seed_source_timestamp":0,"purchased_purges":1,"victory":true,"master_deck":["Defend_B","Defend_B","Defend_B","Defend_B","Zap","Dualcast","AscendersBane","Genetic Algorithm","Hello World+1","Gash","Cold Snap","Chaos","Sweeping Beam","Coolheaded+1","Leap","Hyperbeam","Stack","White Noise","Self Repair","Hello World","All For One","Beam Cell","FTL","Hologram","All For One","Chill","Reinforced Body+1","Defragment+1","Barrage+1","Rip and Tear","Stack+1","FTL","Defragment+1","Loop","Bite","Bite","Bite","Bite","Bite","Redo+1","Consume+1","Multi-Cast+1","Gash","Panache+1","Defragment","Steam+1","Fusion+1","Aggregate+1","Go for the Eyes","Madness+1","Madness+1","Sunder","Hologram+1","Echo Form"],"max_hp_per_floor":[75,75,75,75,75,75,75,75,75,75,75,75,75,75,75,75,75,75,75,75,75,75,75,75,75,75,75,75,52,52,52,52,52,52,52,52,52,52,52,52,52,52,52,52,52,52,52,52,52,52],"relics":["Cracked Core","Omamori","Dream Catcher","Bag of Preparation","Lantern","Happy Flower","DataDisk","Orrery","Bird Faced Urn","War Paint","Kunai","Unceasing Top","Toxic Egg 2","Red Mask","Ornamental Fan","Nuclear Battery","Cables","Bottled Tornado","Emotion Chip","Bottled Flame","Toolbox","Tiny Chest","Mercury Hourglass"],"card_choices":[{"not_picked":["Sweeping Beam","Cold Snap"],"picked":"Genetic Algorithm","floor":1.0},{"not_picked":["Turbo","Streamline"],"picked":"Gash","floor":4.0},{"not_picked":["Beam Cell","Go for the Eyes"],"picked":"Cold Snap","floor":5.0},{"not_picked":["FTL","Fusion"],"picked":"Chaos","floor":6.0},{"not_picked":["Thunder Strike","Streamline"],"picked":"Sweeping Beam","floor":7.0},{"not_picked":["Conserve Battery","Rebound"],"picked":"Coolheaded","floor":8.0},{"not_picked":["Compile Driver","Beam Cell"],"picked":"Leap","floor":10.0},{"not_picked":["Go for the Eyes","Gash"],"picked":"Hyperbeam","floor":11.0},{"not_picked":["Turbo","Beam Cell"],"picked":"Stack","floor":12.0},{"not_picked":["Chill","Redo"],"picked":"White Noise","floor":13.0},{"not_picked":["Barrage","Doom and Gloom"],"picked":"Self Repair","floor":14.0},{"not_picked":["Chaos","Lockon"],"picked":"Hello World","floor":15.0},{"not_picked":["Biased Cognition","Creative AI"],"picked":"All For One","floor":16.0},{"not_picked":["Turbo","Coolheaded"],"picked":"Beam Cell","floor":17.0},{"not_picked":["Go for the Eyes","Gash"],"picked":"FTL","floor":17.0},{"not_picked":["Fusion","Coolheaded"],"picked":"Hologram","floor":17.0},{"not_picked":["Redo","Conserve Battery"],"picked":"All For One","floor":17.0},{"not_picked":["Beam Cell","Loop"],"picked":"Chill","floor":17.0},{"not_picked":["Barrage","Beam Cell"],"picked":"Reinforced Body","floor":18.0},{"not_picked":["Glacier","Turbo"],"picked":"Barrage+1","floor":21.0},{"not_picked":["Barrage","Steam Power"],"picked":"Rip and Tear","floor":22.0},{"not_picked":["Steam Power","Redo"],"picked":"Stack+1","floor":23.0},{"not_picked":["Cold Snap","Coolheaded"],"picked":"FTL","floor":25.0},{"not_picked":["Rebound+1","Chaos+1"],"picked":"Defragment+1","floor":27.0},{"not_picked":["Beam Cell","Stack+1"],"picked":"Loop","floor":28.0},{"not_picked":["Reprogram+1","Defragment"],"picked":"Redo+1","floor":30.0},{"not_picked":["Steam Power+1","Compile Driver+1"],"picked":"Consume+1","floor":31.0},{"not_picked":["Buffer","Meteor Strike"],"picked":"Multi-Cast+1","floor":33},{"not_picked":["Steam Power+1","Stack+1"],"picked":"Gash","floor":35},{"not_picked":["Rebound","Loop"],"picked":"Fusion+1","floor":38},{"not_picked":["Glacier+1","Coolheaded+1"],"picked":"Aggregate+1","floor":40},{"not_picked":["Aggregate+1","Static Discharge+1"],"picked":"Go for the Eyes","floor":42},{"not_picked":["Barrage+1","Fusion+1"],"picked":"Sunder","floor":46},{"not_picked":["Rebound","Gash+1"],"picked":"Hologram+1","floor":47},{"not_picked":["Stack+1","Hologram+1"],"picked":"Echo Form","floor":48}],"player_experience":507690,"potions_floor_usage":[35],"damage_taken":[{"damage":5.0,"enemies":"Small Slimes","floor":1.0,"turns":4.0},{"damage":6.0,"enemies":"Cultist","floor":4.0,"turns":5.0},{"damage":13.0,"enemies":"Jaw Worm","floor":5.0,"turns":5.0},{"damage":15.0,"enemies":"Gremlin Nob","floor":6.0,"turns":4.0},{"damage":19.0,"enemies":"3 Sentries","floor":8.0,"turns":7.0},{"damage":11.0,"enemies":"Lagavulin","floor":10.0,"turns":9.0},{"damage":4.0,"enemies":"Blue Slaver","floor":11.0,"turns":4.0},{"damage":14.0,"enemies":"3 Sentries","floor":13.0,"turns":4.0},{"damage":7.0,"enemies":"Large Slime","floor":14.0,"turns":5.0},{"damage":25.0,"enemies":"The Guardian","floor":16.0,"turns":12.0},{"damage":12.0,"enemies":"Chosen","floor":18.0,"turns":6.0},{"damage":19.0,"enemies":"Spheric Guardian","floor":21.0,"turns":4.0},{"damage":1.0,"enemies":"Chosen and Byrds","floor":22.0,"turns":8.0},{"damage":61.0,"enemies":"Gremlin Leader","floor":23.0,"turns":10.0},{"damage":17.0,"enemies":"Slavers","floor":25.0,"turns":5.0},{"damage":1.0,"enemies":"Centurion and Healer","floor":27.0,"turns":6.0},{"damage":39.0,"floor":30.0,"turns":6.0},{"damage":34.0,"enemies":"Book of Stabbing","floor":31.0,"turns":7.0},{"damage":26,"enemies":"Champ","floor":33,"turns":8},{"damage":0,"enemies":"3 Shapes","floor":35,"turns":4},{"damage":5,"enemies":"Orb Walker","floor":38,"turns":4},{"damage":26,"enemies":"Nemesis","floor":40,"turns":7},{"damage":18,"floor":42,"turns":3},{"damage":0,"enemies":"Giant Head","floor":46,"turns":6},{"damage":0,"enemies":"Sphere and 2 Shapes","floor":47,"turns":7},{"damage":0,"enemies":"2 Orb Walkers","floor":48,"turns":4},{"damage":51,"enemies":"Time Eater","floor":50,"turns":12}],"relics_obtained":[{"floor":6.0,"key":"Dream Catcher"},{"floor":8.0,"key":"Bag of Preparation"},{"floor":9.0,"key":"Lantern"},{"floor":10.0,"key":"Happy Flower"},{"floor":13.0,"key":"DataDisk"},{"floor":23.0,"key":"War Paint"},{"floor":25.0,"key":"Unceasing Top"},{"floor":26.0,"key":"Toxic Egg 2"},{"floor":30.0,"key":"Red Mask"},{"floor":31.0,"key":"Ornamental Fan"},{"floor":40,"key":"Bottled Tornado"},{"floor":42,"key":"Emotion Chip"},{"floor":43,"key":"Bottled Flame"},{"floor":45,"key":"Toolbox"},{"floor":46,"key":"Tiny Chest"},{"floor":48,"key":"Mercury Hourglass"}],"event_choices":[{"event_name":"Big Fish","player_choice":"Box","floor":3.0,"damage_taken":0.0},{"event_name":"Nest","player_choice":"Stole From Cult","floor":19.0,"damage_taken":0.0},{"event_name":"Addict","player_choice":"Obtained Relic","floor":24.0,"damage_taken":0.0},{"event_name":"Vampires","player_choice":"Became a vampire","floor":29.0,"damage_taken":0.0},{"event_name":"Masked Bandits","player_choice":"Fought over 61 gold","floor":30.0,"damage_taken":0.0},{"event_name":"Golden Shrine","player_choice":"Pray","floor":36,"damage_taken":0},{"event_name":"Accursed Blacksmith","player_choice":"Rummage","floor":39,"damage_taken":0},{"event_name":"Mysterious Sphere","player_choice":"Fight","floor":42,"damage_taken":0},{"event_name":"Winding Halls","player_choice":"Embrace Madness","floor":44,"damage_taken":0}],"boss_relics":[{"not_picked":["Snecko Eye","Lizard Tail"],"picked":"Orrery"},{"not_picked":["Busted Crown","Runic Pyramid"],"picked":"Nuclear Battery"}],"items_purged_floors":[],"potions_floor_spawned":[4,11,14,16,25,30,31,33,42,47,48],"seed_played":"292931451818433235","ascension_level":11,"potions_obtained":[{"floor":4.0,"key":"Fire Potion"},{"floor":11.0,"key":"SpeedPotion"},{"floor":14.0,"key":"SkillPotion"},{"floor":16.0,"key":"SneckoOil"},{"floor":25.0,"key":"SneckoOil"},{"floor":30.0,"key":"Energy Potion"},{"floor":31.0,"key":"LiquidBronze"},{"floor":33,"key":"AttackPotion"},{"floor":42,"key":"AttackPotion"},{"floor":48,"key":"Weak Potion"}],"is_trial":false}