{"gold_per_floor":[113,113,131,141,159,159,194,212,212,212,212,212,238,140,140,245,245,256,267,284,11,24,24,24,123,123,134,147,177,3,32,32,134,134,148,166,166,179,193,193,228,228,228,228,228,228,228,228,228,228],"floor_reached":51,"playtime":3130,"items_purged":["Strike_G"],"score":1145,"play_id":"592cdb32-5d1d-4558-9d3a-890ef28a9fe0","local_time":"20190208000107","is_ascension_mode":true,"campfire_choices":[{"data":"Neutralize","floor":6.0,"key":"SMITH"},{"floor":11.0,"key":"REST"},{"floor":15.0,"key":"REST"},{"data":"Cloak And Dagger","floor":23.0,"key":"SMITH"},{"data":"Infinite Blades","floor":32.0,"key":"SMITH"},{"floor":40,"key":"REST"},{"data":"Crippling Poison","floor":42,"key":"SMITH"},{"data":"Adrenaline","floor":44,"key":"SMITH"},{"floor":49,"key":"REST"}],"neow_cost":"NONE","seed_source_timestamp":10016494406235,"circlet_count":0,"master_deck":["AscendersBane","Defend_G+1","Defend_G+1","Defend_G+1","Defend_G+1","Defend_G+1","Strike_G+1","Strike_G+1","Survivor+1","Neutralize+1","Backflip+1","Poisoned Stab+1","Backstab+1","PiercingWail+1","Glass Knife+1","PiercingWail+1","Blur+1","Dagger Spray+1","Adrenaline+1","Dash+1","Prepared+1","Deadly Poison+1","Cloak And Dagger+1","Dagger Spray+1","Infinite Blades+1","Deflect+1","Blade Dance+1","Deadly Poison+1","Wraith Form v2+1","Crippling Poison+1","Infinite Blades+1"],"special_seed":0,"relics":["Ring of the Snake","Pen Nib","Art of War","Potion Belt","Darkstone Periapt","Eternal Feather","Shuriken","Singing Bowl","Omamori","War Paint","Cursed Key","Blue Candle","FossilizedHelix","Anchor","Mark of the Bloom"],"potions_floor_usage":[38,41],"damage_taken":[{"damage":5.0,"enemies":"Jaw Worm","floor":1.0,"turns":6.0},{"damage":1.0,"enemies":"Cultist","floor":3.0,"turns":4.0},{"damage":0.0,"enemies":"2 Louse","floor":4.0,"turns":2.0},{"damage":0.0,"enemies":"Blue Slaver","floor":5.0,"turns":5.0},{"damage":14.0,"enemies":"3 Sentries","floor":7.0,"turns":12.0},{"damage":0.0,"enemies":"2 Fungi Beasts","floor":8.0,"turns":3.0},{"damage":7.0,"enemies":"Lagavulin","floor":13.0,"turns":5.0},{"damage":4.0,"enemies":"The Guardian","floor":16.0,"turns":15.0},{"damage":0.0,"enemies":"3 Byrds","floor":18.0,"turns":4.0},{"damage":4.0,"enemies":"Shell Parasite","floor":19.0,"turns":5.0},{"damage":20.0,"enemies":"Shelled Parasite and Fungi","floor":20.0,"turns":8.0},{"damage":12.0,"enemies":"Chosen and Byrds","floor":22.0,"turns":6.0},{"damage":10.0,"enemies":"Snecko","floor":27.0,"turns":6.0},{"damage":0.0,"enemies":"Snake Plant","floor":28.0,"turns":3.0},{"damage":4.0,"enemies":"Book of Stabbing","floor":29.0,"turns":7.0},{"damage":0.0,"enemies":"Slavers","floor":31.0,"turns":5.0},{"damage":46.0,"enemies":"Champ","floor":33.0,"turns":9.0},{"damage":8,"enemies":"3 Shapes","floor":35,"turns":7},{"damage":4,"enemies":"Orb Walker","floor":36,"turns":3},{"damage":13,"enemies":"Spire Growth","floor":38,"turns":5},{"damage":33,"enemies":"Jaw Worm Horde","floor":39,"turns":5},{"damage":3,"enemies":"Reptomancer","floor":41,"turns":6},{"damage":33,"enemies":"Donu and Deca","floor":50,"turns":10}],"seed_played":"-3260728645520306883","potions_obtained":[{"floor":4.0,"key":"SkillPotion"},{"floor":5.0,"key":"Weak Potion"},{"floor":7.0,"key":"Explosive Potion"},{"floor":20.0,"key":"Weak Potion"},{"floor":22.0,"key":"Energy Potion"},{"floor":28.0,"key":"EssenceOfSteel"},{"floor":29.0,"key":"Fire Potion"},{"floor":36,"key":"Strength Potion"},{"floor":38,"key":"Fruit Juice"},{"floor":41,"key":"GamblersBrew"}],"is_trial":false,"path_per_floor":["M","?","M","M","M","R","E","M","T","?","R","?","E","$","R","B",null,"M","M","M","$","M","R","$","?","T","M","M","E","$","E","R","B",null,"M","M","?","M","M","R","E","R","T","R","T","?","?","?","R","B",null],"character_chosen":"THE_SILENT","items_purchased":["Dagger Spray","Shuriken","Cloak And Dagger","Deflect","Blade Dance","SkillPotion","Energy Potion"],"campfire_rested":4,"item_purchase_floors":[14,21,21,30,30,30,30],"current_hp_per_floor":[58,58,57,57,57,57,43,43,43,29,50,47,40,40,61,57,67,67,63,43,43,31,46,46,46,46,38,40,36,36,36,51,5,57,51,49,49,41,10,53,50,68,68,85,85,81,81,81,81,48],"gold":228,"neow_bonus":"TRANSFORM_CARD","is_prod":false,"is_daily":false,"chose_seed":false,"campfire_upgraded":5,"win_rate":0,"timestamp":1549602067,"path_taken":["M","?","M","?","M","R","E","M","T","?","R","?","E","?","R","BOSS","M","M","M","$","M","R","$","?","T","M","M","E","?","E","R","BOSS","M","M","?","?","M","R","E","R","T","R","?","?","?","?","R","BOSS"],"build_version":"2019-01-23","purchased_purges":1,"victory":true,"max_hp_per_floor":[70,70,70,70,70,70,70,70,70,70,70,70,70,70,70,70,70,70,70,70,70,70,70,70,70,70,72,74,74,74,74,74,74,74,76,78,78,83,85,85,85,85,85,85,85,81,81,81,81,81],"card_choices":[{"not_picked":["Deadly Poison","Sucker Punch"],"picked":"Poisoned Stab","floor":1.0},{"not_picked":["Finisher","Underhanded Strike"],"picked":"Backstab","floor":3.0},{"not_picked":["Grand Finale","Prepared","Blade Dance"],"picked":"SKIP","floor":4.0},{"not_picked":["Setup","Deadly Poison"],"picked":"PiercingWail","floor":5.0},{"not_picked":["Slice","Dodge and Roll"],"picked":"Glass Knife","floor":7.0},{"not_picked":["Bane","Backflip"],"picked":"PiercingWail","floor":8.0},{"not_picked":["Poisoned Stab","Acrobatics"],"picked":"Blur","floor":13.0},{"not_picked":["Corpse Explosion","Unload"],"picked":"Adrenaline","floor":16.0},{"not_picked":["Flying Knee","Riddle With Holes"],"picked":"Dash","floor":18.0},{"not_picked":["Tactician","Poisoned Stab"],"picked":"Prepared+1","floor":19.0},{"not_picked":["Acrobatics+1","Choke"],"picked":"Deadly Poison","floor":20.0},{"not_picked":["Outmaneuver","PiercingWail"],"picked":"Dagger Spray+1","floor":22.0},{"not_picked":["Night Terror","Outmaneuver","Backflip"],"picked":"Singing Bowl","floor":27.0},{"not_picked":["Prepared","Sucker Punch","Predator"],"picked":"Singing Bowl","floor":28.0},{"not_picked":["Endless Agony","Masterful Stab"],"picked":"Infinite Blades","floor":29.0},{"not_picked":["Deflect","Prepared"],"picked":"Deadly Poison+1","floor":31.0},{"not_picked":["Envenom","Tools of the Trade"],"picked":"Wraith Form v2","floor":33.0},{"not_picked":["Distraction","Sucker Punch","Acrobatics"],"picked":"Singing Bowl","floor":35},{"not_picked":["Dagger Spray","Bouncing Flask","Choke"],"picked":"Singing Bowl","floor":36},{"not_picked":["Reflex","Dagger Spray"],"picked":"Crippling Poison","floor":38},{"not_picked":["Flying Knee","Deadly Poison","Backflip"],"picked":"Singing Bowl","floor":39},{"not_picked":["Terror","Deadly Poison+1"],"picked":"Infinite Blades+1","floor":41}],"player_experience":430209,"relics_obtained":[{"floor":7.0,"key":"Pen Nib"},{"floor":9.0,"key":"Art of War"},{"floor":13.0,"key":"Darkstone Periapt"},{"floor":26.0,"key":"Singing Bowl"},{"floor":29.0,"key":"Omamori"},{"floor":31.0,"key":"War Paint"},{"floor":41,"key":"Blue Candle"},{"floor":43,"key":"FossilizedHelix"},{"floor":45,"key":"Anchor"}],"event_choices":[{"damage_healed":0.0,"max_hp_gain":0.0,"max_hp_loss":0.0,"gold_gain":0.0,"event_name":"FaceTrader","player_choice":"Leave","floor":2.0,"gold_loss":0.0,"damage_taken":0.0},{"damage_healed":0.0,"max_hp_gain":0.0,"max_hp_loss":0.0,"gold_gain":0.0,"event_name":"Shining Light","player_choice":"Entered Light","floor":10.0,"gold_loss":0.0,"damage_taken":14.0,"cards_upgraded":["Glass Knife","Defend_G"]},{"damage_healed":0.0,"max_hp_gain":0.0,"max_hp_loss":0.0,"gold_gain":0.0,"event_name":"Scrap Ooze","player_choice":"Success","floor":12.0,"gold_loss":0.0,"damage_taken":3.0,"relics_obtained":["Potion Belt"]},{"damage_healed":0.0,"max_hp_gain":0.0,"max_hp_loss":0.0,"gold_gain":99.0,"event_name":"Nest","player_choice":"Stole From Cult","floor":25.0,"gold_loss":0.0,"damage_taken":0.0},{"damage_healed":0,"gold_gain":0,"player_choice":"Upgraded","damage_taken":0,"max_hp_gain":0,"max_hp_loss":0,"event_name":"Upgrade Shrine","floor":37,"gold_loss":0,"cards_upgraded":["Wraith Form v2"]},{"damage_healed":0,"gold_gain":0,"player_choice":"Max HP","damage_taken":0,"max_hp_gain":0,"max_hp_loss":4,"event_name":"Winding Halls","floor":46,"gold_loss":0},{"damage_healed":0,"gold_gain":0,"player_choice":"Upgrade","damage_taken":0,"relics_obtained":["Mark of the Bloom"],"max_hp_gain":0,"max_hp_loss":0,"event_name":"MindBloom","floor":47,"gold_loss":0,"cards_upgraded":["Defend_G","Defend_G","Defend_G","Strike_G","Strike_G","Strike_G","Survivor","Backflip","Poisoned Stab","Backstab","PiercingWail","PiercingWail","Blur","Dagger Spray","Dash","Deflect","Blade Dance"]},{"cards_removed":["Strike_G"],"damage_healed":0,"gold_gain":0,"player_choice":"Purged","damage_taken":0,"max_hp_gain":0,"max_hp_loss":0,"event_name":"Purifier","floor":48,"gold_loss":0}],"is_beta":false,"boss_relics":[{"not_picked":["Philosopher\u0027s Stone","Empty Cage"],"picked":"Eternal Feather"},{"not_picked":["Coffee Dripper","Runic Dome"],"picked":"Cursed Key"}],"items_purged_floors":[14],"is_endless":false,"potions_floor_spawned":[4,5,7,20,22,28,29,36,38,41],"ascension_level":12}