{"path_per_floor":["M","M","M","?","M","E","R","E","T","?","?","M","R","E","R"],"character_chosen":"DEFECT","items_purchased":[],"gold_per_floor":[19,33,52,52,72,97,97,126,153,221,396,406,406,440,440,440],"floor_reached":16,"campfire_rested":1,"playtime":2415,"item_purchase_floors":[],"current_hp_per_floor":[67,67,67,67,66,38,38,27,27,27,27,27,27,11,33,0],"items_purged":[],"gold":440,"score":168,"play_id":"30342073-c12c-49b6-aa15-01a4eaa1474a","local_time":"20180607190633","is_prod":false,"is_daily":false,"chose_seed":false,"is_ascension_mode":true,"campfire_upgraded":2,"win_rate":0,"timestamp":1528391193,"campfire_choices":[{"data":"Zap","floor":7,"key":"SMITH"},{"data":"Dualcast","floor":13,"key":"SMITH"},{"floor":15,"key":"REST"}],"path_taken":["M","?","M","?","M","E","R","E","T","?","?","?","R","E","R","BOSS"],"build_version":"2018-05-31","seed_source_timestamp":1910938409693146,"purchased_purges":0,"victory":false,"master_deck":["Strike_B","Strike_B","Strike_B","Defend_B","Defend_B","Defend_B","Defend_B+1","Zap+1","Dualcast+1","All For One","Leap","Capacitor","Beam Cell","Reboot","Leap","Hologram","Hologram+1","Doubt","FTL","Machine Learning"],"max_hp_per_floor":[75,75,75,75,75,75,75,75,75,75,75,75,75,75,75,75],"relics":["Cracked Core","Oddly Smooth Stone","War Paint","Lantern","Potion Belt"],"card_choices":[{"not_picked":["Buffer","Reboot"],"picked":"All For One","floor":0},{"not_picked":["Loop","Coolheaded"],"picked":"Leap","floor":1},{"not_picked":["Barrage","Redo"],"picked":"Capacitor","floor":2},{"not_picked":["Compile Driver","Thunder Strike"],"picked":"Beam Cell","floor":3},{"not_picked":["Streamline","Barrage"],"picked":"Leap","floor":5},{"not_picked":["Meteor Strike","Barrage"],"picked":"Hologram","floor":6},{"not_picked":["Skim","Recycle"],"picked":"Hologram","floor":8},{"not_picked":["Barrage","Steam"],"picked":"FTL","floor":12},{"not_picked":["Static Discharge","Compile Driver"],"picked":"Machine Learning","floor":14}],"player_experience":484991,"potions_floor_usage":[14,14],"damage_taken":[{"damage":1,"enemies":"Cultist","floor":1,"turns":4},{"damage":0,"enemies":"Small Slimes","floor":2,"turns":3},{"damage":0,"enemies":"2 Louse","floor":3,"turns":3},{"damage":1,"enemies":"2 Fungi Beasts","floor":5,"turns":4},{"damage":28,"enemies":"Lagavulin","floor":6,"turns":8},{"damage":11,"enemies":"3 Sentries","floor":8,"turns":8},{"damage":0,"enemies":"3 Louse","floor":12,"turns":4},{"damage":16,"enemies":"Gremlin Nob","floor":14,"turns":4},{"damage":34,"enemies":"Slime Boss","floor":16,"turns":13}],"relics_obtained":[{"floor":6,"key":"Oddly Smooth Stone"},{"floor":8,"key":"War Paint"},{"floor":9,"key":"Lantern"},{"floor":14,"key":"Potion Belt"}],"event_choices":[{"event_name":"Living Wall","player_choice":"Change","floor":4,"damage_taken":0},{"event_name":"Golden Wing","player_choice":"Gained Gold","floor":10,"damage_taken":0},{"event_name":"Liars Game","player_choice":"agreed","floor":11,"damage_taken":0}],"boss_relics":[],"items_purged_floors":[],"potions_floor_spawned":[1,5,14],"seed_played":"3065700469329536071","killed_by":"Slime Boss","ascension_level":8,"potions_obtained":[{"floor":1,"key":"Weak Potion"},{"floor":5,"key":"Poison Potion"},{"floor":14,"key":"FearPotion"}],"is_trial":false}