{"path_per_floor":["M","$","?","M","M","E","R","?","T","$","M","?","?","M","R","B",null,"M","?","M","$","M","R","E","R","T","M"],"character_chosen":"IRONCLAD","items_purchased":["Rampage","Inflame"],"gold_per_floor":[18,18,18,31,42,70,70,145,172,59,70,133,133,150,150,254,254,268,268,286,115,133,133,160,160,160,170,170],"floor_reached":28,"campfire_rested":2,"playtime":1895,"current_hp_per_floor":[80,80,80,80,80,37,37,26,26,26,30,23,23,32,56,44,80,65,65,74,74,77,77,25,49,49,28,0],"items_purged":["Regret","Strike_R"],"gold":170,"score":238,"play_id":"45539a9f-3b91-4c5d-b76a-b4870fd7ea08","local_time":"20180416203652","is_prod":false,"is_daily":false,"chose_seed":false,"is_ascension_mode":false,"campfire_upgraded":2,"timestamp":1523936212,"path_taken":["M","?","?","M","M","E","R","?","T","$","M","?","?","M","R","BOSS","M","?","M","$","M","R","E","R","T","M","M"],"build_version":"2018-04-12","seed_source_timestamp":505654106193100,"purchased_purges":2,"victory":false,"master_deck":["Strike_R","Strike_R","Strike_R","Strike_R","Defend_R","Defend_R","Defend_R","Defend_R","Bash","Rage","Pommel Strike+1","Battle Trance","Rampage+1","Shrug It Off","Headbutt","Writhe","Inflame","Cleave","Metallicize"],"max_hp_per_floor":[80,80,80,80,80,80,80,80,80,80,80,80,80,80,80,80,80,80,80,80,80,80,80,80,80,80,80,80],"relics":["Burning Blood","Champion Belt","Lantern","Magic Flower","Juzu Bracelet","Bag of Marbles","Runic Pyramid","Gambling Chip","Self Forming Clay","Gremlin Horn"],"card_choices":[{"not_picked":["Perfected Strike","Headbutt"],"picked":"Rage","floor":1},{"not_picked":["Reckless Charge","Clash"],"picked":"Pommel Strike","floor":5},{"not_picked":["Dual Wield","Entrench"],"picked":"Battle Trance","floor":6},{"not_picked":["Heavy Blade","Sever Soul"],"picked":"Shrug It Off","floor":11},{"not_picked":["Twin Strike","Clash"],"picked":"Headbutt","floor":12},{"not_picked":["Heavy Blade","Anger"],"picked":"Cleave","floor":22},{"not_picked":["Warcry","Thunderclap"],"picked":"Metallicize","floor":24}],"player_experience":31221,"potions_floor_usage":[16,16,18,24,27,27],"damage_taken":[{"damage":4,"enemies":"Cultist","floor":1,"turns":4},{"damage":1,"enemies":"2 Louse","floor":4,"turns":2},{"damage":2,"enemies":"Small Slimes","floor":5,"turns":3},{"damage":49,"enemies":"3 Sentries","floor":6,"turns":10},{"damage":5,"enemies":"Looter","floor":11,"turns":3},{"damage":16,"enemies":"3 Sentries","floor":12,"turns":9},{"damage":0,"enemies":"Large Slime","floor":14,"turns":4},{"damage":21,"enemies":"Hexaghost","floor":16,"turns":9},{"damage":24,"enemies":"3 Byrds","floor":18,"turns":6},{"damage":0,"enemies":"Chosen","floor":20,"turns":4},{"damage":6,"enemies":"Snecko","floor":22,"turns":5},{"damage":61,"enemies":"Gremlin Leader","floor":24,"turns":7},{"damage":30,"enemies":"Cultist and Chosen","floor":27,"turns":7},{"damage":28,"enemies":"Chosen and Byrds","floor":28,"turns":3}],"event_choices":[{"event_name":"Big Fish","player_choice":"Box","floor":3,"damage_taken":0},{"event_name":"World of Goop","player_choice":"Gather Gold","floor":8,"damage_taken":0},{"event_name":"Dead Adventurer","player_choice":"Searched \u00271\u0027 times","floor":12,"damage_taken":0},{"event_name":"The Woman in Blue","player_choice":"Bought 0 Potions","floor":13,"damage_taken":0},{"event_name":"The Mausoleum","player_choice":"Yes","floor":19,"damage_taken":0}],"boss_relics":[{"not_picked":["Velvet Choker","Orrery"],"picked":"Runic Pyramid"}],"potions_floor_spawned":[5,6,12,18,20,24,27],"seed_played":"-639857495848220145","killed_by":"Chosen and Byrds","ascension_level":0,"is_trial":false}