{"gold_per_floor":[113,125,138,154,164,196,208,241,241,261,106,118,137,37,37,37],"floor_reached":16,"playtime":807,"items_purged":["Strike_G","Strike_G"],"score":136,"play_id":"95502f85-50fc-49d5-9b7b-a81fa90165d3","local_time":"20190110172240","is_ascension_mode":true,"campfire_choices":[{"floor":15,"key":"REST"}],"neow_cost":"NONE","seed_source_timestamp":24232336497284,"circlet_count":0,"master_deck":["Defend_G","Defend_G","Defend_G","Defend_G","Defend_G","Strike_G","Strike_G","Strike_G","Survivor","Neutralize","Deflect","PiercingWail","Finisher","Dodge and Roll","Deadly Poison","Cloak And Dagger","Well Laid Plans","Storm of Steel","Blur","Cloak And Dagger","Dagger Spray"],"relics":["Lizard Tail","Turnip","Sundial","Gambling Chip"],"potions_floor_usage":[5,8,16],"damage_taken":[{"damage":2,"enemies":"Cultist","floor":1,"turns":4},{"damage":0,"enemies":"Small Slimes","floor":2,"turns":3},{"damage":13,"enemies":"Jaw Worm","floor":3,"turns":7},{"damage":4,"enemies":"3 Louse","floor":4,"turns":5},{"damage":7,"enemies":"Large Slime","floor":5,"turns":9},{"damage":44,"enemies":"3 Sentries","floor":6,"turns":15},{"damage":0,"enemies":"2 Fungi Beasts","floor":7,"turns":5},{"damage":56,"enemies":"Gremlin Nob","floor":8,"turns":6},{"damage":0,"enemies":"Exordium Wildlife","floor":10,"turns":3},{"damage":3,"enemies":"Blue Slaver","floor":12,"turns":5},{"damage":2,"enemies":"2 Fungi Beasts","floor":13,"turns":5},{"damage":29,"enemies":"The Guardian","floor":16,"turns":10}],"seed_played":"-5871967873528583356","potions_obtained":[{"floor":1,"key":"Regen Potion"},{"floor":7,"key":"Strength Potion"},{"floor":10,"key":"Fire Potion"},{"floor":13,"key":"GamblersBrew"}],"is_trial":false,"path_per_floor":["M","M","M","M","M","E","M","E","T","M","$","M","M","$","R","B"],"character_chosen":"THE_SILENT","items_purchased":["Blur"],"campfire_rested":1,"item_purchase_floors":[11],"current_hp_per_floor":[68,68,55,51,59,15,15,9,9,9,9,6,4,4,25,0],"gold":37,"neow_bonus":"BOSS_RELIC","is_prod":false,"is_daily":false,"chose_seed":false,"campfire_upgraded":0,"win_rate":0,"timestamp":1547108560,"path_taken":["M","M","M","M","M","E","M","E","T","M","?","?","M","$","R","BOSS"],"build_version":"2019-01-03v4","purchased_purges":2,"victory":false,"max_hp_per_floor":[70,70,70,70,70,70,70,70,70,70,70,70,70,70,70,70],"card_choices":[{"not_picked":["Bouncing Flask","Outmaneuver"],"picked":"Deflect","floor":1},{"not_picked":["All Out Attack","Acrobatics"],"picked":"PiercingWail","floor":2},{"not_picked":["Deflect","Poisoned Stab"],"picked":"Finisher","floor":3},{"not_picked":["Predator","Blade Dance"],"picked":"Dodge and Roll","floor":4},{"not_picked":["Setup","Caltrops"],"picked":"Deadly Poison","floor":5},{"not_picked":["Acrobatics","Blade Dance"],"picked":"Cloak And Dagger","floor":6},{"not_picked":["Masterful Stab","Underhanded Strike","Distraction"],"picked":"SKIP","floor":7},{"not_picked":["Endless Agony","Underhanded Strike"],"picked":"Well Laid Plans","floor":8},{"not_picked":["Crippling Poison","Blade Dance"],"picked":"Storm of Steel","floor":10},{"not_picked":["Sucker Punch","Skewer"],"picked":"Cloak And Dagger","floor":12},{"not_picked":["Outmaneuver","Underhanded Strike"],"picked":"Dagger Spray","floor":13}],"player_experience":199081,"relics_obtained":[{"floor":6,"key":"Turnip"},{"floor":8,"key":"Sundial"},{"floor":9,"key":"Gambling Chip"}],"event_choices":[],"is_beta":false,"boss_relics":[],"items_purged_floors":[11,14],"is_endless":false,"potions_floor_spawned":[1,7,10,13],"killed_by":"The Guardian","ascension_level":3}