{"gold_per_floor":[109,184,197,211,230,230,243,243,243,243,271,281,281,292,292,292],"floor_reached":16,"playtime":555,"items_purged":[],"score":208,"play_id":"b560dc55-ccab-4965-91c5-470441566052","local_time":"20190306030146","is_ascension_mode":true,"campfire_choices":[{"floor":6,"key":"REST"},{"floor":8,"key":"REST"},{"data":"The Bomb","floor":10,"key":"SMITH"},{"floor":15,"key":"REST"}],"neow_cost":"PERCENT_DAMAGE","seed_source_timestamp":475531741875971,"circlet_count":0,"master_deck":["AscendersBane","Strike_B","Strike_B","Strike_B","Strike_B","Defend_B","Defend_B","Defend_B","Defend_B","Zap","Dualcast","Good Instincts","The Bomb+1","Sunder","Chaos","Creative AI","Defragment","Seek","Genetic Algorithm","BootSequence"],"special_seed":0,"relics":["Cracked Core","Sundial","Smiling Mask","Mercury Hourglass"],"potions_floor_usage":[5,11,11],"damage_taken":[{"damage":15.0,"enemies":"Small Slimes","floor":1.0,"turns":5.0},{"damage":9.0,"enemies":"Jaw Worm","floor":3.0,"turns":4.0},{"damage":0.0,"enemies":"Cultist","floor":4.0,"turns":3.0},{"damage":8,"enemies":"Exordium Thugs","floor":5,"turns":5},{"damage":9,"enemies":"Large Slime","floor":7,"turns":3},{"damage":8,"enemies":"3 Sentries","floor":11,"turns":4},{"damage":11,"enemies":"Exordium Wildlife","floor":12,"turns":4},{"damage":9,"enemies":"3 Louse","floor":14,"turns":3},{"damage":33,"enemies":"The Guardian","floor":16,"turns":4}],"seed_played":"1873767610408587368","potions_obtained":[{"floor":3.0,"key":"Swift Potion"},{"floor":5,"key":"EssenceOfSteel"},{"floor":7,"key":"AttackPotion"}],"is_trial":false,"path_per_floor":["M","?","M","M","M","R","M","R","T","R","E","M","T","M","R","B"],"character_chosen":"DEFECT","items_purchased":[],"campfire_rested":3,"item_purchase_floors":[],"current_hp_per_floor":[31,20,11,11,3,24,15,36,36,36,28,17,17,8,29,0],"gold":292,"neow_bonus":"RANDOM_COLORLESS_2","is_prod":false,"is_daily":false,"chose_seed":false,"campfire_upgraded":1,"win_rate":0,"timestamp":1551837706,"path_taken":["M","?","M","M","M","R","M","R","T","R","E","M","?","?","R","BOSS"],"build_version":"2019-01-23","purchased_purges":0,"victory":false,"max_hp_per_floor":[71,71,71,71,71,71,71,71,71,71,71,71,71,71,71,71],"card_choices":[{"not_picked":["Redo","Streamline","Barrage"],"picked":"SKIP","floor":1.0},{"not_picked":["Sweeping Beam","Melter"],"picked":"Sunder","floor":3.0},{"not_picked":["Turbo","FTL"],"picked":"Chaos","floor":4.0},{"not_picked":["Genetic Algorithm","Conserve Battery"],"picked":"Creative AI","floor":5},{"not_picked":["Sweeping Beam","Rebound"],"picked":"Defragment","floor":7},{"not_picked":["Heatsinks","Melter"],"picked":"Seek","floor":11},{"not_picked":["Consume","Auto Shields"],"picked":"Genetic Algorithm","floor":12},{"not_picked":["Genetic Algorithm","Turbo"],"picked":"BootSequence","floor":14}],"player_experience":828953,"relics_obtained":[{"floor":9,"key":"Sundial"},{"floor":11,"key":"Smiling Mask"},{"floor":13,"key":"Mercury Hourglass"}],"event_choices":[{"damage_healed":0.0,"max_hp_gain":0.0,"max_hp_loss":0.0,"gold_gain":75.0,"event_name":"World of Goop","player_choice":"Gather Gold","floor":2.0,"gold_loss":0.0,"damage_taken":11.0}],"is_beta":false,"boss_relics":[],"items_purged_floors":[],"is_endless":false,"potions_floor_spawned":[3,5,7],"killed_by":"The Guardian","ascension_level":20}