{"gold_per_floor":[117,117,4,17,30,30,58,72,72,72],"floor_reached":10,"playtime":228,"items_purged":[],"score":129,"play_id":"cb5cd135-3982-46b9-be97-d2ea3872bc3d","local_time":"20190303164529","is_ascension_mode":true,"campfire_choices":[{"data":"Zap","floor":6,"key":"SMITH"}],"neow_cost":"NONE","seed_source_timestamp":17186654767283,"circlet_count":0,"master_deck":["AscendersBane","Strike_B","Strike_B","Strike_B","Defend_B","Defend_B","Defend_B","Defend_B","Zap+1","Dualcast","Coolheaded","Barrage","Sweeping Beam","Conserve Battery","FTL"],"relics":["Cracked Core","NeowsBlessing","Matryoshka","Bottled Lightning","Blood Vial","Singing Bowl"],"potions_floor_usage":[8],"damage_taken":[{"damage":0,"enemies":"2 Louse","floor":1,"turns":1},{"damage":0,"enemies":"Small Slimes","floor":4,"turns":1},{"damage":0,"enemies":"Cultist","floor":5,"turns":1},{"damage":42,"enemies":"3 Sentries","floor":7,"turns":6},{"damage":4,"enemies":"Gremlin Gang","floor":8,"turns":3},{"damage":15,"enemies":"Exordium Thugs","floor":10,"turns":3}],"seed_played":"2894248498735305315","potions_obtained":[{"floor":7,"key":"SkillPotion"}],"is_trial":false,"path_per_floor":["M","?","?","M","M","R","E","M","T","M"],"character_chosen":"DEFECT","items_purchased":[],"campfire_rested":0,"item_purchase_floors":[],"current_hp_per_floor":[64,57,57,57,57,57,15,11,11,0],"gold":72,"neow_bonus":"THREE_ENEMY_KILL","is_prod":false,"is_daily":false,"chose_seed":false,"campfire_upgraded":1,"win_rate":0,"timestamp":1551649529,"path_taken":["M","?","?","M","?","R","E","?","T","M"],"build_version":"2019-01-23","purchased_purges":0,"victory":false,"max_hp_per_floor":[71,71,71,71,71,71,71,71,71,71],"card_choices":[{"not_picked":["Cold Snap","Compile Driver"],"picked":"Coolheaded","floor":1},{"not_picked":["Streamline","Reinforced Body"],"picked":"Barrage","floor":4},{"not_picked":["Melter","Cold Snap"],"picked":"Sweeping Beam","floor":5},{"not_picked":["Meteor Strike","Stack"],"picked":"Conserve Battery","floor":7},{"not_picked":["Beam Cell","Hello World"],"picked":"FTL","floor":8}],"player_experience":863454,"relics_obtained":[{"floor":7,"key":"Bottled Lightning"},{"floor":9,"key":"Blood Vial"},{"floor":9,"key":"Singing Bowl"}],"event_choices":[{"cards_removed":["Strike_B"],"damage_healed":0,"gold_gain":0,"player_choice":"Card Removal","damage_taken":7,"max_hp_gain":0,"max_hp_loss":0,"event_name":"Golden Wing","floor":2,"gold_loss":0},{"damage_healed":0,"gold_gain":0,"player_choice":"Paid Gold","damage_taken":0,"relics_obtained":["Matryoshka"],"max_hp_gain":0,"max_hp_loss":0,"event_name":"WeMeetAgain","floor":3,"gold_loss":113}],"is_beta":false,"boss_relics":[],"items_purged_floors":[],"is_endless":false,"potions_floor_spawned":[7],"killed_by":"Exordium Thugs","ascension_level":18}