{"gold_per_floor":[117,117,136,146,166,166,166,195,195,195,209,226,226,238,238,238],"floor_reached":16,"playtime":625,"items_purged":[],"score":177,"play_id":"e771c746-1ae5-4743-8620-dbe7dac60c28","local_time":"20190224205228","is_ascension_mode":true,"campfire_choices":[{"data":"Backflip","floor":6,"key":"SMITH"},{"floor":10,"key":"REST"},{"data":"Dagger Spray","floor":13,"key":"SMITH"},{"data":"Backflip","floor":15,"key":"SMITH"}],"neow_cost":"NONE","seed_source_timestamp":111512841495193,"circlet_count":0,"master_deck":["AscendersBane","Defend_G","Defend_G","Defend_G","Defend_G","Defend_G","Strike_G","Strike_G","Strike_G","Strike_G","Survivor","Neutralize+1","Backflip+1","Dagger Spray+1","Backflip+1"],"relics":["Runic Dome","Ornamental Fan","Pantograph"],"potions_floor_usage":[],"damage_taken":[{"damage":1,"enemies":"2 Louse","floor":1,"turns":3},{"damage":0,"enemies":"Cultist","floor":3,"turns":5},{"damage":2,"enemies":"Jaw Worm","floor":4,"turns":4},{"damage":0,"enemies":"Blue Slaver","floor":5,"turns":5},{"damage":32,"enemies":"Lagavulin","floor":8,"turns":13},{"damage":0,"enemies":"Gremlin Gang","floor":11,"turns":8},{"damage":3,"enemies":"3 Louse","floor":12,"turns":3},{"damage":0,"enemies":"Exordium Wildlife","floor":14,"turns":2},{"damage":22,"enemies":"Slime Boss","floor":16,"turns":11}],"seed_played":"2880849586327316992","potions_obtained":[{"floor":1,"key":"GamblersBrew"},{"floor":8,"key":"Block Potion"},{"floor":12,"key":"GhostInAJar"}],"is_trial":false,"path_per_floor":["M","?","M","M","M","R","?","E","T","R","M","M","R","M","R","B"],"character_chosen":"THE_SILENT","items_purchased":[],"campfire_rested":1,"item_purchase_floors":[],"current_hp_per_floor":[58,58,58,56,56,56,49,17,17,36,36,33,33,33,33,36],"gold":238,"neow_bonus":"BOSS_RELIC","is_prod":false,"is_daily":false,"chose_seed":false,"campfire_upgraded":3,"win_rate":0,"timestamp":1551070348,"path_taken":["M","?","?","M","M","R","?","E","T","R","M","M","R","M","R","BOSS"],"build_version":"2019-01-23","purchased_purges":0,"victory":false,"max_hp_per_floor":[66,66,66,66,66,66,66,66,66,66,66,66,66,66,66,66],"card_choices":[{"not_picked":["Riddle With Holes","Acrobatics"],"picked":"Backflip","floor":1},{"not_picked":["Choke","Prepared","Caltrops"],"picked":"SKIP","floor":3},{"not_picked":["Poisoned Stab","Dagger Throw","Underhanded Strike"],"picked":"SKIP","floor":4},{"not_picked":["Skewer","Tactician","Unload"],"picked":"SKIP","floor":5},{"not_picked":["Poisoned Stab","Distraction","Catalyst"],"picked":"SKIP","floor":8},{"not_picked":["Bane","Acrobatics"],"picked":"Dagger Spray","floor":11},{"not_picked":["Deadly Poison","Calculated Gamble"],"picked":"Backflip","floor":12},{"not_picked":["Dagger Throw","PiercingWail","Flying Knee"],"picked":"SKIP","floor":14}],"player_experience":505602,"relics_obtained":[{"floor":8,"key":"Ornamental Fan"},{"floor":9,"key":"Pantograph"}],"event_choices":[{"damage_healed":0,"gold_gain":0,"player_choice":"Upgraded","damage_taken":0,"max_hp_gain":0,"max_hp_loss":0,"event_name":"Upgrade Shrine","floor":2,"gold_loss":0,"cards_upgraded":["Neutralize"]},{"cards_removed":["Strike_G"],"damage_healed":0,"gold_gain":0,"player_choice":"Card Removal","damage_taken":7,"max_hp_gain":0,"max_hp_loss":0,"event_name":"Golden Wing","floor":7,"gold_loss":0}],"is_beta":false,"boss_relics":[],"items_purged_floors":[],"is_endless":false,"potions_floor_spawned":[1,8,12,14],"killed_by":"Slime Boss","ascension_level":14}