{"gold_per_floor":[116,41,41,56,72,99,99,114,167,179,199,230,230,248,248,323,323,336,336,336,353,11,25,25,44,125,125,143,160,179,209,209,209],"floor_reached":33,"playtime":1772,"items_purged":["Strike_R"],"score":524,"play_id":"a92e05a9-30e8-4caf-88d9-860083ee9f44","local_time":"20190126155408","is_ascension_mode":true,"campfire_choices":[{"data":"Carnage","floor":7,"key":"SMITH"},{"data":"Bash","floor":13,"key":"SMITH"},{"data":"Metallicize","floor":15,"key":"SMITH"},{"data":"1","floor":24,"key":"LIFT"},{"data":"2","floor":27,"key":"LIFT"},{"data":"3","floor":32,"key":"LIFT"}],"neow_cost":"PERCENT_DAMAGE","seed_source_timestamp":745746000961998,"circlet_count":0,"master_deck":["AscendersBane","Strike_R","Strike_R","Strike_R","Strike_R","Defend_R","Defend_R","Defend_R","Defend_R","Bash+1","Flame Barrier+1","Carnage+1","Metallicize+1","Iron Wave","Inflame","Power Through","Cleave","Fiend Fire","RitualDagger","Armaments+1","Cleave","Pain","Ghostly Armor","Inflame"],"relics":["Burning Blood","Pocketwatch","Meat on the Bone","Vajra","Cursed Key","Girya","Blue Candle","Oddly Smooth Stone"],"potions_floor_usage":[12,16,23,28,33,33],"damage_taken":[{"damage":17,"enemies":"Small Slimes","floor":1,"turns":4},{"damage":1,"enemies":"Cultist","floor":4,"turns":5},{"damage":4,"enemies":"2 Louse","floor":5,"turns":4},{"damage":38,"enemies":"3 Sentries","floor":6,"turns":11},{"damage":0,"enemies":"Large Slime","floor":8,"turns":4},{"damage":6,"enemies":"Looter","floor":10,"turns":3},{"damage":9,"enemies":"Red Slaver","floor":11,"turns":5},{"damage":13,"enemies":"Gremlin Nob","floor":12,"turns":3},{"damage":12,"enemies":"Gremlin Gang","floor":14,"turns":5},{"damage":33,"enemies":"Hexaghost","floor":16,"turns":9},{"damage":14,"enemies":"3 Byrds","floor":18,"turns":3},{"damage":12,"enemies":"Chosen","floor":21,"turns":4},{"damage":16,"enemies":"Shelled Parasite and Fungi","floor":23,"turns":4},{"damage":14,"enemies":"Sentry and Sphere","floor":25,"turns":6},{"damage":6,"enemies":"Snecko","floor":28,"turns":3},{"damage":16,"enemies":"Snake Plant","floor":29,"turns":3},{"damage":18,"enemies":"Sentry and Sphere","floor":30,"turns":6},{"damage":25,"enemies":"Gremlin Leader","floor":31,"turns":5},{"damage":69,"enemies":"Champ","floor":33,"turns":10}],"seed_played":"-2943200739353614989","potions_obtained":[{"floor":10,"key":"SteroidPotion"},{"floor":14,"key":"FearPotion"},{"floor":16,"key":"Energy Potion"},{"floor":18,"key":"Explosive Potion"},{"floor":23,"key":"SkillPotion"},{"floor":31,"key":"Energy Potion"}],"is_trial":false,"path_per_floor":["M","$","?","M","M","E","R","M","T","M","M","E","R","M","R","B",null,"M","?","?","M","$","M","R","M","T","R","M","M","M","E","R","B"],"character_chosen":"IRONCLAD","items_purchased":["Girya"],"campfire_rested":0,"item_purchase_floors":[22],"current_hp_per_floor":[39,39,39,44,46,14,14,32,32,44,53,46,46,52,52,37,66,58,58,52,46,46,48,48,52,52,52,52,54,54,47,47,0],"gold":209,"neow_bonus":"ONE_RARE_RELIC","is_prod":false,"is_daily":false,"chose_seed":false,"campfire_upgraded":3,"win_rate":0,"timestamp":1548536048,"path_taken":["M","$","?","M","M","E","R","M","T","M","?","E","R","M","R","BOSS","M","?","?","M","$","M","R","M","T","R","M","M","M","E","R","BOSS"],"build_version":"2019-01-23","purchased_purges":1,"victory":false,"max_hp_per_floor":[75,75,75,75,75,75,75,75,75,75,75,75,75,75,75,75,75,75,75,75,75,75,75,75,75,75,75,75,75,75,75,75,75],"card_choices":[{"not_picked":["Flex","Clothesline"],"picked":"Flame Barrier","floor":1},{"not_picked":["Pommel Strike","Twin Strike","Armaments"],"picked":"SKIP","floor":4},{"not_picked":["Anger","Twin Strike","Fire Breathing"],"picked":"SKIP","floor":5},{"not_picked":["Perfected Strike","Havoc"],"picked":"Carnage","floor":6},{"not_picked":["Carnage","Bloodletting"],"picked":"Metallicize","floor":8},{"not_picked":["Thunderclap","Dropkick"],"picked":"Iron Wave","floor":10},{"not_picked":["Reckless Charge","Battle Trance"],"picked":"Inflame","floor":11},{"not_picked":["Searing Blow","Corruption"],"picked":"Power Through","floor":12},{"not_picked":["Warcry","Barricade"],"picked":"Cleave","floor":14},{"not_picked":["Feed","Dark Embrace"],"picked":"Fiend Fire","floor":16},{"not_picked":["Clash","Headbutt","Blood for Blood"],"picked":"SKIP","floor":18},{"not_picked":["Clash+1","Wild Strike+1","Clothesline"],"picked":"SKIP","floor":21},{"not_picked":["Exhume","True Grit"],"picked":"Armaments+1","floor":23},{"not_picked":["Anger","Clash"],"picked":"Cleave","floor":25},{"not_picked":["Thunderclap","Infernal Blade","Dropkick"],"picked":"SKIP","floor":28},{"not_picked":["Pommel Strike+1","Heavy Blade","Twin Strike"],"picked":"SKIP","floor":29},{"not_picked":["Limit Break","Armaments"],"picked":"Ghostly Armor","floor":30},{"not_picked":["Seeing Red","Shrug It Off"],"picked":"Inflame","floor":31}],"player_experience":470208,"relics_obtained":[{"floor":6,"key":"Meat on the Bone"},{"floor":12,"key":"Vajra"},{"floor":26,"key":"Blue Candle"},{"floor":31,"key":"Oddly Smooth Stone"}],"event_choices":[{"damage_healed":0,"gold_gain":0,"player_choice":"Forge","damage_taken":0,"max_hp_gain":0,"max_hp_loss":0,"event_name":"Accursed Blacksmith","floor":3,"gold_loss":0,"cards_upgraded":["Flame Barrier"]},{"damage_healed":0,"gold_gain":0,"player_choice":"Ignored","damage_taken":0,"max_hp_gain":0,"max_hp_loss":0,"event_name":"The Mausoleum","floor":19,"gold_loss":0},{"damage_healed":0,"gold_gain":0,"player_choice":"Joined the Cult","damage_taken":6,"max_hp_gain":0,"max_hp_loss":0,"event_name":"Nest","floor":20,"gold_loss":0,"cards_obtained":["RitualDagger"]}],"is_beta":false,"boss_relics":[{"not_picked":["Coffee Dripper","Lizard Tail"],"picked":"Cursed Key"}],"items_purged_floors":[2],"is_endless":false,"potions_floor_spawned":[10,14,16,18,23,25,31],"killed_by":"Champ","ascension_level":17}