{"gold_per_floor":[114,130,140,155,174,174,192,224,250,262,262,262,292,312,312,417,417,437,453,470,470,490,490,520,520,520,153,153,153],"floor_reached":29,"playtime":1726,"items_purged":["Strike_R"],"score":265,"play_id":"3345aa40-f8fb-40d8-bc04-765eb834045b","local_time":"20190107192254","is_ascension_mode":true,"campfire_choices":[{"data":"Armaments","floor":6,"key":"SMITH"},{"floor":11,"key":"REST"},{"data":"Armaments","floor":15,"key":"SMITH"},{"floor":23,"key":"RECALL"},{"floor":28,"key":"REST"}],"neow_cost":"NONE","seed_source_timestamp":31632416409585,"circlet_count":0,"master_deck":["Strike_R","Strike_R","Defend_R","Defend_R","Defend_R","Defend_R","Bash+1","Body Slam","Feel No Pain","Armaments+1","Clothesline","Spot Weakness","Armaments+1","Metallicize","Seeing Red","Double Tap","Battle Trance+1","Metallicize","Burning Pact"],"relics":["Burning Blood","Pen Nib","Oddly Smooth Stone","Self Forming Clay","Empty Cage","Tiny Chest","WingedGreaves"],"potions_floor_usage":[25,25],"damage_taken":[{"damage":9,"enemies":"2 Louse","floor":1,"turns":3},{"damage":1,"enemies":"Small Slimes","floor":2,"turns":4},{"damage":6,"enemies":"Cultist","floor":3,"turns":4},{"damage":13,"enemies":"Blue Slaver","floor":4,"turns":4},{"damage":10,"enemies":"3 Louse","floor":5,"turns":6},{"damage":15,"enemies":"Exordium Thugs","floor":7,"turns":5},{"damage":31,"enemies":"3 Sentries","floor":8,"turns":10},{"damage":31,"enemies":"Lots of Slimes","floor":10,"turns":6},{"damage":22,"enemies":"Gremlin Nob","floor":13,"turns":5},{"damage":7,"enemies":"Looter","floor":14,"turns":3},{"damage":14,"enemies":"The Guardian","floor":16,"turns":15},{"damage":0,"enemies":"Chosen","floor":18,"turns":5},{"damage":21,"enemies":"Spheric Guardian","floor":19,"turns":9},{"damage":1,"enemies":"Snecko","floor":20,"turns":5},{"damage":38,"enemies":"Centurion and Healer","floor":22,"turns":11},{"damage":31,"enemies":"Chosen and Byrds","floor":25,"turns":8},{"damage":43,"enemies":"3 Cultists","floor":29,"turns":5}],"seed_played":"-229798279402769396","potions_obtained":[{"floor":2,"key":"Swift Potion"},{"floor":4,"key":"SpeedPotion"},{"floor":7,"key":"Dexterity Potion"},{"floor":14,"key":"SmokeBomb"}],"is_trial":false,"path_per_floor":["M","M","M","M","M","R","M","E","T","M","R","?","E","M","R","B",null,"M","M","M","?","M","R","?","M","T","$","R","M"],"character_chosen":"IRONCLAD","items_purchased":["WingedGreaves"],"campfire_rested":2,"item_purchase_floors":[27],"current_hp_per_floor":[77,80,80,73,69,69,60,35,35,10,34,39,23,22,22,14,85,85,70,75,75,43,43,43,18,18,18,43,0],"gold":153,"neow_bonus":"UPGRADE_CARD","is_prod":false,"is_daily":false,"chose_seed":false,"campfire_upgraded":2,"win_rate":0,"timestamp":1546856574,"path_taken":["M","M","M","M","M","R","M","E","T","M","R","?","E","M","R","BOSS","M","M","M","?","M","R","?","?","T","$","R","M"],"build_version":"2019-01-03v4","purchased_purges":1,"victory":false,"max_hp_per_floor":[80,80,80,80,80,80,80,80,80,80,80,85,85,85,85,85,85,85,85,85,85,85,85,85,85,85,85,85,85],"card_choices":[{"not_picked":["Havoc","Flex"],"picked":"Body Slam","floor":1},{"not_picked":["Havoc","Warcry"],"picked":"Feel No Pain","floor":2},{"not_picked":["Sword Boomerang","Uppercut"],"picked":"Armaments","floor":3},{"not_picked":["Reckless Charge","Seeing Red"],"picked":"Clothesline","floor":4},{"not_picked":["Thunderclap","Dropkick"],"picked":"Spot Weakness","floor":5},{"not_picked":["Anger","Iron Wave"],"picked":"Armaments","floor":7},{"not_picked":["Rage","Reckless Charge"],"picked":"Headbutt","floor":8},{"not_picked":["Whirlwind","Shrug It Off"],"picked":"Metallicize","floor":10},{"not_picked":["Rupture","Fiend Fire"],"picked":"Seeing Red","floor":13},{"not_picked":["True Grit","Wild Strike","Body Slam"],"picked":"SKIP","floor":14},{"not_picked":["Bludgeon","Dark Embrace"],"picked":"Double Tap","floor":16},{"not_picked":["Wild Strike","Clothesline"],"picked":"Battle Trance+1","floor":18},{"not_picked":["Perfected Strike","Second Wind"],"picked":"Metallicize","floor":19},{"not_picked":["Power Through","Iron Wave"],"picked":"Burning Pact","floor":20},{"not_picked":["Headbutt","Thunderclap+1","Flex"],"picked":"SKIP","floor":22}],"player_experience":152787,"relics_obtained":[{"floor":8,"key":"Pen Nib"},{"floor":9,"key":"Oddly Smooth Stone"},{"floor":13,"key":"Self Forming Clay"}],"event_choices":[{"damage_healed":0,"gold_gain":0,"player_choice":"Donut","damage_taken":0,"max_hp_gain":5,"max_hp_loss":0,"event_name":"Big Fish","floor":12,"gold_loss":0},{"damage_healed":0,"gold_gain":0,"player_choice":"Ignored","damage_taken":0,"max_hp_gain":0,"max_hp_loss":0,"event_name":"Vampires","floor":21,"gold_loss":0},{"cards_removed":["Headbutt"],"damage_healed":0,"gold_gain":0,"player_choice":"Gave Card","damage_taken":0,"relics_obtained":["Tiny Chest"],"max_hp_gain":0,"max_hp_loss":0,"event_name":"WeMeetAgain","floor":24,"gold_loss":0}],"is_beta":false,"boss_relics":[{"not_picked":["Tiny House","Lizard Tail"],"picked":"Empty Cage"}],"items_purged_floors":[27],"is_endless":false,"potions_floor_spawned":[2,4,7,14,18,22],"killed_by":"3 Cultists","ascension_level":2}