{"path_per_floor":["M","M","?","M","M","R","E","?","T","M","E","M","$"],"character_chosen":"DEFECT","items_purchased":["Bottled Lightning"],"gold_per_floor":[117,136,136,146,164,164,198,198,198,210,239,259,11,11],"floor_reached":14,"campfire_rested":0,"playtime":812,"item_purchase_floors":[13],"current_hp_per_floor":[66,66,59,59,58,58,32,25,25,20,11,2,2,2],"items_purged":[],"gold":11,"score":133,"play_id":"1f619f21-edea-40c6-b678-e73cf02e9f35","local_time":"20180604111754","is_prod":false,"is_daily":false,"chose_seed":false,"is_ascension_mode":true,"campfire_upgraded":1,"win_rate":0,"timestamp":1528103874,"campfire_choices":[{"data":"Chaos","floor":6,"key":"SMITH"}],"path_taken":["M","M","?","?","M","R","E","?","T","M","E","M","$","E"],"build_version":"2018-05-31","seed_source_timestamp":1625189462508048,"purchased_purges":0,"victory":false,"master_deck":["Strike_B","Strike_B","Strike_B","Defend_B","Defend_B","Defend_B","Zap","Dualcast","Steam","Auto Shields","Sweeping Beam","Chaos+1","Hologram","Coolheaded","Static Discharge","Conserve Battery"],"max_hp_per_floor":[75,75,75,75,75,75,75,75,75,75,75,75,75,75],"relics":["Cracked Core","Art of War","Sundial","Symbiotic Virus","Blue Candle","Bottled Lightning"],"card_choices":[{"not_picked":["Tempest","Scrape"],"picked":"Steam","floor":1},{"not_picked":["Aggregate","Streamline"],"picked":"Auto Shields","floor":2},{"not_picked":["Compile Driver","Redo"],"picked":"Sweeping Beam","floor":4},{"not_picked":["Leap","Conserve Battery"],"picked":"Chaos","floor":5},{"not_picked":["Core Surge","Loop"],"picked":"Hologram","floor":7},{"not_picked":["Steam","Compile Driver"],"picked":"Coolheaded","floor":10},{"not_picked":["Barrage","Steam Power"],"picked":"Static Discharge","floor":11},{"not_picked":["Rebound","Cold Snap"],"picked":"Conserve Battery","floor":12}],"player_experience":458293,"potions_floor_usage":[7,12,12,12,12],"damage_taken":[{"damage":2,"enemies":"2 Louse","floor":1,"turns":3},{"damage":0,"enemies":"Cultist","floor":2,"turns":3},{"damage":0,"enemies":"Jaw Worm","floor":4,"turns":5},{"damage":1,"enemies":"Looter","floor":5,"turns":4},{"damage":26,"enemies":"Gremlin Nob","floor":7,"turns":5},{"damage":5,"enemies":"Exordium Wildlife","floor":10,"turns":4},{"damage":9,"enemies":"3 Sentries","floor":11,"turns":7},{"damage":9,"enemies":"Lots of Slimes","floor":12,"turns":3},{"damage":0,"enemies":"Gremlin Nob","floor":14,"turns":2}],"relics_obtained":[{"floor":7,"key":"Sundial"},{"floor":9,"key":"Symbiotic Virus"},{"floor":11,"key":"Blue Candle"}],"event_choices":[{"event_name":"Scrap Ooze","player_choice":"success","floor":3,"damage_taken":7},{"event_name":"Golden Wing","player_choice":"Card Removal","floor":8,"damage_taken":0}],"boss_relics":[],"items_purged_floors":[],"potions_floor_spawned":[1,5,10,12],"seed_played":"6345274525591088423","killed_by":"Gremlin Nob","ascension_level":6,"potions_obtained":[{"floor":1,"key":"EssenceOfSteel"},{"floor":5,"key":"SteroidPotion"},{"floor":10,"key":"EntropicBrew"},{"floor":12,"key":"Energy Potion"}],"is_trial":false}