{"gold_per_floor":[213,226,226,245,260,260,280,280,280,205,205,223,193],"floor_reached":13,"playtime":381,"items_purged":["Defend_R"],"score":108,"play_id":"e1db794b-b430-4475-8671-b49caefd0e2c","local_time":"20181220165348","is_ascension_mode":true,"campfire_choices":[{"floor":6,"key":"RECALL"},{"data":"Havoc","floor":8,"key":"SMITH"}],"neow_cost":"NONE","seed_source_timestamp":184290086706903,"circlet_count":0,"master_deck":["Strike_R","Strike_R","Strike_R","Strike_R","Strike_R","Defend_R","Defend_R","Defend_R","Bash+1","Havoc","Havoc+1"],"relics":["Burning Blood","Girya"],"potions_floor_usage":[],"damage_taken":[{"damage":4,"enemies":"Jaw Worm","floor":1,"turns":4},{"damage":12,"enemies":"Small Slimes","floor":2,"turns":4},{"damage":6,"enemies":"Cultist","floor":4,"turns":3},{"damage":20,"enemies":"Exordium Wildlife","floor":5,"turns":5},{"damage":12,"enemies":"2 Fungi Beasts","floor":7,"turns":4},{"damage":18,"enemies":"3 Louse","floor":12,"turns":3},{"damage":37,"enemies":"Exordium Thugs","floor":13,"turns":2}],"seed_played":"8837786837086488346","potions_obtained":[{"floor":2,"key":"Weak Potion"},{"floor":11,"key":"FearPotion"},{"floor":11,"key":"Weak Potion"}],"is_trial":false,"path_per_floor":["M","M","?","M","M","R","M","R","T","$","?","M","M"],"character_chosen":"IRONCLAD","items_purchased":[],"campfire_rested":0,"item_purchase_floors":[],"current_hp_per_floor":[74,68,68,68,54,54,48,48,48,48,48,36,0],"gold":193,"neow_bonus":"HUNDRED_GOLD","is_prod":false,"is_daily":false,"chose_seed":false,"campfire_upgraded":1,"win_rate":0,"timestamp":1545342828,"path_taken":["M","M","?","M","M","R","M","R","T","$","?","?","M"],"build_version":"2018-12-13","purchased_purges":1,"victory":false,"max_hp_per_floor":[80,80,80,80,80,80,80,80,80,80,80,80,80],"card_choices":[{"not_picked":["Iron Wave","Thunderclap","Clothesline"],"picked":"SKIP","floor":1},{"not_picked":["Burning Pact","Armaments"],"picked":"Havoc","floor":2},{"not_picked":["Hemokinesis","Blood for Blood"],"picked":"Havoc","floor":4},{"not_picked":["Cleave","Anger","Disarm"],"picked":"SKIP","floor":5},{"not_picked":["Impervious","Anger","Headbutt"],"picked":"SKIP","floor":7},{"not_picked":["Body Slam","Heavy Blade","Dropkick"],"picked":"SKIP","floor":12}],"player_experience":298718,"relics_obtained":[{"floor":9,"key":"Girya"}],"event_choices":[{"damage_healed":0,"gold_gain":0,"player_choice":"Grow","damage_taken":0,"max_hp_gain":0,"max_hp_loss":0,"event_name":"Living Wall","floor":3,"gold_loss":0,"cards_upgraded":["Bash"]},{"damage_healed":0,"gold_gain":0,"player_choice":"Got Potions","damage_taken":0,"max_hp_gain":0,"max_hp_loss":0,"event_name":"Lab","floor":11,"gold_loss":0}],"is_beta":false,"boss_relics":[],"items_purged_floors":[10],"is_endless":false,"potions_floor_spawned":[2,12],"killed_by":"Exordium Thugs","ascension_level":8}