{"gold_per_floor":[119,129,129,129,143,143,173,173,222,147,165,184,203,219,219,290,290,305,305,405,371,159,170,170,181,181,181,231,251,279,80,80,180,180,245,281,281,503,545,545,604,155,210,65,133,133,133,148,148,148],"floor_reached":51,"playtime":3717,"items_purged":[],"score":1182,"play_id":"1d85d134-9752-4820-86c6-274c9a95e768","local_time":"20190302082100","is_ascension_mode":true,"campfire_choices":[{"data":"Armaments","floor":6.0,"key":"SMITH"},{"floor":8.0,"key":"REST"},{"data":"True Grit","floor":15.0,"key":"SMITH"},{"data":"Metallicize","floor":24.0,"key":"SMITH"},{"data":"Bash","floor":27.0,"key":"SMITH"},{"data":"HandOfGreed","floor":32.0,"key":"SMITH"},{"data":"Barricade","floor":40.0,"key":"SMITH"},{"data":"Body Slam","floor":46.0,"key":"SMITH"},{"data":"Enlightenment","floor":49.0,"key":"SMITH"}],"neow_cost":"NONE","seed_source_timestamp":0,"circlet_count":0,"master_deck":["AscendersBane","Defend_R","Defend_R+1","Defend_R","Bash+1","Iron Wave+1","Armaments+1","Shrug It Off","Metallicize+1","True Grit+1","Bite","Bite","Bite","Bite","Bite","Battle Trance","Disarm+1","HandOfGreed+1","Barricade+1","Flash of Steel","Metallicize","Body Slam+1","Enlightenment+1"],"special_seed":0,"relics":["Burning Blood","NeowsBlessing","Mummified Hand","Kunai","Art of War","Sozu","Thread and Needle","Question Card","Lee\u0027s Waffle","Self Forming Clay","Red Mask","Lizard Tail","Bottled Flame","Singing Bowl","MawBank"],"potions_floor_usage":[50,50],"damage_taken":[{"damage":0.0,"enemies":"Cultist","floor":1.0,"turns":1.0},{"damage":0.0,"enemies":"Jaw Worm","floor":2.0,"turns":1.0},{"damage":0.0,"enemies":"2 Louse","floor":5.0,"turns":1.0},{"damage":32.0,"enemies":"Lagavulin","floor":7.0,"turns":8.0},{"damage":4.0,"enemies":"2 Fungi Beasts","floor":11.0,"turns":5.0},{"damage":9.0,"enemies":"Blue Slaver","floor":12.0,"turns":5.0},{"damage":15.0,"enemies":"Exordium Wildlife","floor":13.0,"turns":8.0},{"damage":1.0,"enemies":"Lots of Slimes","floor":14.0,"turns":9.0},{"damage":28.0,"enemies":"The Guardian","floor":16.0,"turns":27.0},{"damage":13.0,"enemies":"Spheric Guardian","floor":18.0,"turns":9.0},{"damage":10.0,"enemies":"Colosseum Slavers","floor":20.0,"turns":7.0},{"damage":55.0,"enemies":"Colosseum Nobs","floor":20.0,"turns":12.0},{"damage":5.0,"enemies":"2 Thieves","floor":21.0,"turns":5.0},{"damage":11.0,"enemies":"Snake Plant","floor":23.0,"turns":6.0},{"damage":0.0,"enemies":"Shelled Parasite and Fungi","floor":25.0,"turns":7.0},{"damage":29.0,"enemies":"3 Cultists","floor":29.0,"turns":8.0},{"damage":9.0,"enemies":"Masked Bandits","floor":30.0,"turns":8.0},{"damage":42.0,"enemies":"Collector","floor":33.0,"turns":26.0},{"damage":3.0,"enemies":"3 Shapes","floor":35.0,"turns":10.0},{"damage":3.0,"enemies":"3 Darklings","floor":36.0,"turns":10.0},{"damage":13.0,"enemies":"Spire Growth","floor":39.0,"turns":9.0},{"damage":14.0,"enemies":"Nemesis","floor":41.0,"turns":21.0},{"damage":0.0,"enemies":"Sphere and 2 Shapes","floor":45.0,"turns":7.0},{"damage":10.0,"enemies":"Writhing Mass","floor":48.0,"turns":10.0},{"damage":46,"enemies":"Time Eater","floor":50,"turns":16}],"seed_played":"-54360196181964922","potions_obtained":[{"floor":5.0,"key":"Fire Potion"},{"floor":12.0,"key":"Energy Potion"},{"floor":14.0,"key":"Weak Potion"},{"floor":16.0,"key":"Regen Potion"}],"is_trial":false,"path_per_floor":["M","M","?","T","M","R","E","R","T","?","M","M","M","M","R","B",null,"M","?","?","M","$","M","R","M","T","R","?","M","?","$","R","B",null,"M","M","?","?","M","R","E","$","T","$","M","R","?","M","R","B",null],"character_chosen":"IRONCLAD","items_purchased":["Lee\u0027s Waffle","HandOfGreed","Flash of Steel","Singing Bowl","Metallicize","Body Slam","Enlightenment"],"campfire_rested":1,"item_purchase_floors":[22,31,42,42,42,44,44],"current_hp_per_floor":[74,75,52,52,58,58,32,54,54,54,56,53,44,49,49,27,63,56,52,21,47,59,59,59,59,59,59,59,48,59,59,59,59,59,59,59,59,59,59,59,59,59,59,59,61,61,61,63,63,63],"gold":148,"neow_bonus":"THREE_ENEMY_KILL","is_prod":false,"is_daily":false,"chose_seed":false,"campfire_upgraded":8,"win_rate":0,"timestamp":1551543660,"path_taken":["M","M","?","?","M","R","E","R","T","?","M","M","M","M","R","BOSS","M","?","?","M","?","M","R","?","T","R","?","M","?","$","R","BOSS","M","M","?","?","?","R","E","?","T","$","M","R","?","M","R","BOSS"],"build_version":"2019-01-23","purchased_purges":0,"victory":true,"max_hp_per_floor":[75,75,75,75,75,75,75,75,75,75,75,75,75,75,75,75,75,75,52,52,52,59,59,59,59,59,59,59,59,59,59,59,59,59,59,59,59,59,59,59,59,59,59,59,61,61,61,63,63,63],"card_choices":[{"not_picked":["Flex","Wild Strike"],"picked":"Iron Wave","floor":1.0},{"not_picked":["Burning Pact","Thunderclap"],"picked":"Armaments","floor":2.0},{"not_picked":["Flex","Rupture","Feel No Pain"],"picked":"SKIP","floor":5.0},{"not_picked":["Bloodletting","Feel No Pain","Berserk"],"picked":"SKIP","floor":7.0},{"not_picked":["Headbutt","Heavy Blade"],"picked":"Shrug It Off","floor":11.0},{"not_picked":["Wild Strike","Havoc"],"picked":"Metallicize","floor":12.0},{"not_picked":["Sword Boomerang","Sever Soul","Blood for Blood"],"picked":"SKIP","floor":13.0},{"not_picked":["Carnage","Corruption"],"picked":"True Grit","floor":14.0},{"not_picked":["Feel No Pain","Carnage+1","Intimidate"],"picked":"SKIP","floor":18.0},{"not_picked":["Dropkick","Reckless Charge"],"picked":"Battle Trance","floor":20.0},{"not_picked":["Clothesline","Havoc","Twin Strike","Wild Strike"],"picked":"SKIP","floor":21.0},{"not_picked":["Heavy Blade","Twin Strike","Iron Wave","Rupture"],"picked":"SKIP","floor":23.0},{"not_picked":["Spot Weakness","Wild Strike","Heavy Blade","Battle Trance+1"],"picked":"SKIP","floor":25.0},{"not_picked":["Intimidate","Iron Wave+1","Exhume"],"picked":"Disarm+1","floor":29.0},{"not_picked":["Offering","Feed","Impervious"],"picked":"Barricade","floor":33.0},{"not_picked":["Sword Boomerang","Anger","Clothesline","Warcry"],"picked":"SKIP","floor":35.0},{"not_picked":["True Grit","Wild Strike","Sever Soul+1","Flex+1"],"picked":"SKIP","floor":36.0},{"not_picked":["True Grit","Anger","Flex+1","Warcry+1"],"picked":"SKIP","floor":39.0},{"not_picked":["Twin Strike","Cleave","Clothesline","Berserk"],"picked":"SKIP","floor":41.0},{"not_picked":["Warcry","Fire Breathing","Corruption","Clash"],"picked":"Singing Bowl","floor":45.0},{"not_picked":["Headbutt","Evolve","Clash","Iron Wave"],"picked":"Singing Bowl","floor":48.0}],"player_experience":567478,"relics_obtained":[{"floor":4.0,"key":"Mummified Hand"},{"floor":7.0,"key":"Kunai"},{"floor":9.0,"key":"Art of War"},{"floor":20.0,"key":"Thread and Needle"},{"floor":20.0,"key":"Question Card"},{"floor":26.0,"key":"Self Forming Clay"},{"floor":30.0,"key":"Red Mask"},{"floor":41.0,"key":"Bottled Flame"},{"floor":43.0,"key":"MawBank"}],"event_choices":[{"damage_healed":0.0,"max_hp_gain":0.0,"max_hp_loss":0.0,"gold_gain":0.0,"event_name":"Shining Light","player_choice":"Entered Light","floor":3.0,"gold_loss":0.0,"damage_taken":23.0,"cards_upgraded":["Iron Wave","Defend_R"]},{"cards_removed":["Strike_R"],"damage_healed":0.0,"max_hp_gain":0.0,"max_hp_loss":0.0,"gold_gain":0.0,"event_name":"The Cleric","player_choice":"Card Removal","floor":10.0,"gold_loss":75.0,"damage_taken":0.0},{"damage_healed":0.0,"max_hp_gain":0.0,"max_hp_loss":23.0,"gold_gain":0.0,"event_name":"Vampires","player_choice":"Became a vampire","floor":19.0,"gold_loss":0.0,"damage_taken":0.0,"cards_obtained":["Bite","Bite","Bite","Bite","Bite"]},{"damage_healed":0.0,"max_hp_gain":0.0,"max_hp_loss":0.0,"gold_gain":0.0,"event_name":"Colosseum","player_choice":"Fight","floor":20.0,"gold_loss":0.0,"damage_taken":0.0},{"damage_healed":0.0,"max_hp_gain":0.0,"max_hp_loss":0.0,"gold_gain":0.0,"event_name":"Colosseum","player_choice":"Fought Nobs","floor":20.0,"gold_loss":0.0,"damage_taken":0.0},{"damage_healed":0.0,"max_hp_gain":0.0,"max_hp_loss":0.0,"gold_gain":50.0,"event_name":"Nest","player_choice":"Stole From Cult","floor":28.0,"gold_loss":0.0,"damage_taken":0.0},{"damage_healed":0.0,"max_hp_gain":0.0,"max_hp_loss":0.0,"gold_gain":0.0,"event_name":"Masked Bandits","player_choice":"Fought Bandits","floor":30.0,"gold_loss":0.0,"damage_taken":0.0},{"cards_removed":["Defend_R"],"damage_healed":0.0,"max_hp_gain":0.0,"max_hp_loss":0.0,"gold_gain":0.0,"event_name":"Falling","player_choice":"Removed Skill","floor":37.0,"gold_loss":0.0,"damage_taken":0.0},{"damage_healed":0.0,"max_hp_gain":0.0,"max_hp_loss":0.0,"gold_gain":222.0,"event_name":"Tomb of Lord Red Mask","player_choice":"Wore Mask","floor":38.0,"gold_loss":0.0,"damage_taken":0.0},{"damage_healed":0.0,"max_hp_gain":0.0,"max_hp_loss":0.0,"gold_gain":0.0,"event_name":"SecretPortal","player_choice":"Ignored","floor":47.0,"gold_loss":0.0,"damage_taken":0.0}],"is_beta":false,"boss_relics":[{"not_picked":["Mark of Pain","Cursed Key"],"picked":"Sozu"},{"not_picked":["Empty Cage","Eternal Feather"],"picked":"Lizard Tail"}],"items_purged_floors":[],"is_endless":false,"potions_floor_spawned":[5,12,14,16,18,20,29,35,39,45],"ascension_level":16}