{"gold_per_floor":[113,113,113,124,199,199,216,216,216,230,230,257,88,103,103,200,200,215,230,230,240,339,339,369,369,369,397,397,397,322,355,355,457,457,475,475,475,39,50,50,85,95,118,118,134,134,134,151,151,151],"floor_reached":51,"playtime":982,"items_purged":["Strike_R"],"score":906,"play_id":"b349a729-7a41-4412-9ba3-3eb4b82e74b8","local_time":"20190304003344","is_ascension_mode":false,"campfire_choices":[{"data":"Limit Break","floor":6,"key":"SMITH"},{"data":"Flex","floor":11,"key":"SMITH"},{"data":"Discovery","floor":15,"key":"SMITH"},{"data":"Limit Break","floor":23,"key":"SMITH"},{"data":"Whirlwind","floor":25,"key":"SMITH"},{"data":"Disarm","floor":32,"key":"SMITH"},{"data":"Defend_R","floor":40,"key":"PURGE"},{"data":"Defend_R","floor":46,"key":"PURGE"},{"data":"Strike_R+1","floor":49,"key":"PURGE"}],"neow_cost":"NONE","seed_source_timestamp":33677467012308,"circlet_count":0,"master_deck":["Defend_R+1","Bash","Iron Wave","Limit Break+1","Flex+1","Heavy Blade+1","Whirlwind+1","Inflame+1","Discovery+1","Disarm+1","Limit Break+1","Sword Boomerang","Cleave","Immolate","Limit Break+1","Heavy Blade+1","Armaments+1"],"relics":["Burning Blood","NeowsBlessing","Sundial","Happy Flower","Coffee Dripper","Champion Belt","Matryoshka","Meat on the Bone","Gremlin Horn","PreservedInsect","Dead Branch","Busted Crown","Bag of Marbles","Peace Pipe","The Courier","War Paint","Ancient Tea Set"],"potions_floor_usage":[12,16,24,24,33,33,50,50,50],"damage_taken":[{"damage":0,"enemies":"Cultist","floor":1,"turns":1},{"damage":0,"enemies":"Jaw Worm","floor":4,"turns":1},{"damage":0,"enemies":"Small Slimes","floor":7,"turns":1},{"damage":10,"enemies":"Exordium Wildlife","floor":10,"turns":6},{"damage":22,"enemies":"3 Sentries","floor":12,"turns":6},{"damage":0,"enemies":"Looter","floor":14,"turns":3},{"damage":6,"enemies":"Hexaghost","floor":16,"turns":7},{"damage":7,"enemies":"Shell Parasite","floor":18,"turns":3},{"damage":0,"enemies":"Spheric Guardian","floor":19,"turns":2},{"damage":1,"enemies":"Snecko","floor":21,"turns":4},{"damage":0,"enemies":"Gremlin Leader","floor":24,"turns":3},{"damage":24,"enemies":"Book of Stabbing","floor":27,"turns":4},{"damage":17,"enemies":"Gremlin Leader","floor":31,"turns":3},{"damage":0,"enemies":"Collector","floor":33,"turns":3},{"damage":19,"enemies":"Orb Walker","floor":35,"turns":4},{"damage":8,"enemies":"3 Darklings","floor":39,"turns":2},{"damage":19,"enemies":"Reptomancer","floor":41,"turns":5},{"damage":0,"enemies":"Sphere and 2 Shapes","floor":42,"turns":1},{"damage":17,"enemies":"Writhing Mass","floor":45,"turns":4},{"damage":12,"enemies":"Spire Growth","floor":48,"turns":3},{"damage":3,"enemies":"Awakened One","floor":50,"turns":4}],"seed_played":"8601640633135788899","potions_obtained":[{"floor":4,"key":"PowerPotion"},{"floor":14,"key":"Block Potion"},{"floor":16,"key":"Swift Potion"},{"floor":19,"key":"Ancient Potion"},{"floor":21,"key":"AttackPotion"},{"floor":27,"key":"SteroidPotion"},{"floor":33,"key":"Ancient Potion"},{"floor":41,"key":"EssenceOfSteel"},{"floor":45,"key":"Strength Potion"}],"is_trial":false,"path_per_floor":["M","?","?","M","?","R","M","?","T","M","R","E","$","M","R","B",null,"M","M","?","M","?","R","E","R","T","E","?","?","?","E","R","B",null,"M","?","?","$","M","R","E","M","T","?","M","R","?","M","R","B",null],"character_chosen":"IRONCLAD","items_purchased":["Discovery","Bag of Marbles","Peace Pipe"],"campfire_rested":0,"item_purchase_floors":[13,38,38],"current_hp_per_floor":[80,64,64,70,59,59,65,65,65,61,61,45,45,51,51,51,80,79,80,80,80,80,80,80,80,80,62,62,62,62,51,51,57,80,67,67,67,67,65,65,52,58,58,58,47,47,47,53,53,56],"gold":151,"neow_bonus":"THREE_ENEMY_KILL","is_prod":false,"is_daily":false,"chose_seed":false,"campfire_upgraded":6,"win_rate":0,"timestamp":1551681224,"path_taken":["M","?","?","?","?","R","M","?","T","M","R","E","$","M","R","BOSS","M","M","?","M","?","R","E","R","T","E","?","?","?","E","R","BOSS","M","?","?","$","?","R","E","M","T","?","?","R","?","?","R","BOSS"],"build_version":"2019-01-23","purchased_purges":1,"victory":true,"max_hp_per_floor":[80,80,80,80,80,80,80,80,80,80,80,80,80,80,80,80,80,80,80,80,80,80,80,80,80,80,80,80,80,80,80,80,80,80,80,80,80,80,80,80,80,80,80,80,80,80,80,80,80,80],"card_choices":[{"not_picked":["Clash","Wild Strike"],"picked":"Iron Wave","floor":1},{"not_picked":["Clothesline","Disarm"],"picked":"Flex","floor":4},{"not_picked":["Corruption","Pommel Strike"],"picked":"Heavy Blade","floor":7},{"not_picked":["Pommel Strike","Thunderclap"],"picked":"Whirlwind","floor":10},{"not_picked":["Uppercut","Intimidate"],"picked":"Inflame","floor":12},{"not_picked":["Sword Boomerang","Clothesline"],"picked":"Disarm","floor":14},{"not_picked":["Dark Embrace","Reaper"],"picked":"Limit Break","floor":16},{"not_picked":["Iron Wave","Rampage","Havoc"],"picked":"SKIP","floor":18},{"not_picked":["Dual Wield","Twin Strike"],"picked":"Sword Boomerang","floor":19},{"not_picked":["Armaments","Perfected Strike","Power Through"],"picked":"SKIP","floor":21},{"not_picked":["Clothesline+1","Reckless Charge+1","Cleave+1"],"picked":"SKIP","floor":24},{"not_picked":["Hemokinesis","Seeing Red","Cleave"],"picked":"SKIP","floor":27},{"not_picked":["Flex","True Grit","Wild Strike"],"picked":"SKIP","floor":31},{"not_picked":["Berserk","Offering"],"picked":"Limit Break","floor":33},{"not_picked":["Sever Soul+1"],"picked":"SKIP","floor":35},{"not_picked":["Perfected Strike+1"],"picked":"SKIP","floor":39},{"not_picked":["Body Slam+1"],"picked":"SKIP","floor":41},{"not_picked":[],"picked":"Heavy Blade+1","floor":42},{"not_picked":["Armaments+1"],"picked":"SKIP","floor":45},{"not_picked":[],"picked":"Armaments+1","floor":45},{"not_picked":["Metallicize"],"picked":"SKIP","floor":48}],"player_experience":978163,"relics_obtained":[{"floor":9,"key":"Sundial"},{"floor":12,"key":"Happy Flower"},{"floor":24,"key":"Matryoshka"},{"floor":26,"key":"Meat on the Bone"},{"floor":26,"key":"Gremlin Horn"},{"floor":27,"key":"PreservedInsect"},{"floor":31,"key":"Dead Branch"},{"floor":41,"key":"The Courier"},{"floor":43,"key":"War Paint"},{"floor":43,"key":"Ancient Tea Set"}],"event_choices":[{"damage_healed":0,"gold_gain":0,"player_choice":"Entered Light","damage_taken":16,"max_hp_gain":0,"max_hp_loss":0,"event_name":"Shining Light","floor":2,"gold_loss":0,"cards_upgraded":["Defend_R","Strike_R"]},{"damage_healed":0,"gold_gain":0,"player_choice":"1 cards matched","damage_taken":0,"max_hp_gain":0,"max_hp_loss":0,"event_name":"Match and Keep!","floor":3,"gold_loss":0,"cards_obtained":["Limit Break"]},{"damage_healed":0,"gold_gain":75,"player_choice":"Gather Gold","damage_taken":11,"max_hp_gain":0,"max_hp_loss":0,"event_name":"World of Goop","floor":5,"gold_loss":0},{"damage_healed":0,"gold_gain":0,"player_choice":"Grow","damage_taken":0,"max_hp_gain":0,"max_hp_loss":0,"event_name":"Living Wall","floor":8,"gold_loss":0,"cards_upgraded":["Heavy Blade"]},{"damage_healed":0,"gold_gain":0,"player_choice":"Opened","damage_taken":0,"relics_obtained":["Champion Belt"],"max_hp_gain":0,"max_hp_loss":0,"event_name":"The Mausoleum","floor":20,"gold_loss":0},{"damage_healed":0,"gold_gain":99,"player_choice":"Stole From Cult","damage_taken":0,"max_hp_gain":0,"max_hp_loss":0,"event_name":"Nest","floor":22,"gold_loss":0},{"damage_healed":0,"gold_gain":0,"cards_transformed":["Strike_R","Strike_R"],"player_choice":"Became Test Subject","damage_taken":0,"max_hp_gain":0,"max_hp_loss":0,"event_name":"Drug Dealer","floor":28,"gold_loss":0,"cards_obtained":["Cleave","Immolate"]},{"damage_healed":0,"gold_gain":0,"player_choice":"Ignored","damage_taken":0,"max_hp_gain":0,"max_hp_loss":0,"event_name":"Ghosts","floor":29,"gold_loss":0},{"cards_removed":["Strike_R"],"damage_healed":0,"gold_gain":0,"player_choice":"Gave Gold","damage_taken":0,"max_hp_gain":0,"max_hp_loss":0,"event_name":"Beggar","floor":30,"gold_loss":75},{"damage_healed":0,"gold_gain":0,"player_choice":"Ignored","damage_taken":0,"max_hp_gain":0,"max_hp_loss":0,"event_name":"Mysterious Sphere","floor":36,"gold_loss":0},{"cards_removed":["Defend_R"],"damage_healed":0,"gold_gain":0,"player_choice":"Removed Skill","damage_taken":0,"max_hp_gain":0,"max_hp_loss":0,"event_name":"Falling","floor":37,"gold_loss":0},{"damage_healed":0,"gold_gain":0,"player_choice":"Upgraded","damage_taken":0,"max_hp_gain":0,"max_hp_loss":0,"event_name":"Upgrade Shrine","floor":44,"gold_loss":0,"cards_upgraded":["Inflame"]},{"damage_healed":0,"gold_gain":0,"player_choice":"Ignored","damage_taken":0,"max_hp_gain":0,"max_hp_loss":0,"event_name":"SecretPortal","floor":47,"gold_loss":0}],"is_beta":false,"boss_relics":[{"not_picked":["Tiny House","Ectoplasm"],"picked":"Coffee Dripper"},{"not_picked":["Calling Bell","Runic Pyramid"],"picked":"Busted Crown"}],"items_purged_floors":[13],"is_endless":false,"potions_floor_spawned":[4,14,16,19,21,27,33,41,45],"ascension_level":0}