{"gold_per_floor":[115,126,143,46,57,82,96,122,122,122,122,122,122,142,142,239,239,257,275,91,107,118,143,143,157,157,184,75,75,75,75,75,170,170,186,286,305,317,317,317,334,334,334,234,234,266,284,284,284,284],"floor_reached":51,"playtime":2450,"items_purged":["Strike_B","Strike_B"],"score":1054,"play_id":"90cbd86c-f72c-4376-aa76-0f303ec52b09","local_time":"20190207200237","is_ascension_mode":true,"campfire_choices":[{"floor":13.0,"key":"REST"},{"data":"Zap","floor":15.0,"key":"SMITH"},{"floor":24.0,"key":"REST"},{"floor":29.0,"key":"REST"},{"floor":32.0,"key":"REST"},{"data":"Defragment","floor":40,"key":"SMITH"},{"data":"Capacitor","floor":42,"key":"SMITH"},{"floor":45,"key":"REST"},{"data":"Loop","floor":49,"key":"SMITH"}],"neow_cost":"NONE","seed_source_timestamp":35244586697641,"circlet_count":0,"master_deck":["Defend_B","Defend_B","Defend_B","Defend_B","Zap+1","Dualcast","Go for the Eyes","Conserve Battery","Seek+1","Defragment+1","Cold Snap","Barrage","Ball Lightning","Self Repair","Amplify","Darkness","Glacier+1","Defragment+1","Seek","Loop+1","Echo Form","Defragment+1","Capacitor+1","Redo+1"],"special_seed":0,"relics":["Cracked Core","Matryoshka","Potion Belt","Lantern","Cables","Empty Cage","Anchor","Bottled Lightning","Bag of Marbles","Meat on the Bone","Red Mask","Black Star","Bronze Scales","FossilizedHelix","Omamori","Darkstone Periapt"],"potions_floor_usage":[41,41,50],"damage_taken":[{"damage":7.0,"enemies":"Small Slimes","floor":1.0,"turns":3.0},{"damage":2.0,"enemies":"Jaw Worm","floor":2.0,"turns":3.0},{"damage":0.0,"enemies":"Cultist","floor":3.0,"turns":3.0},{"damage":5.0,"enemies":"3 Louse","floor":5.0,"turns":4.0},{"damage":15.0,"enemies":"Lagavulin","floor":6.0,"turns":4.0},{"damage":17.0,"enemies":"Exordium Wildlife","floor":7.0,"turns":4.0},{"damage":4.0,"enemies":"3 Sentries","floor":8.0,"turns":6.0},{"damage":0.0,"enemies":"Lagavulin","floor":12.0,"turns":3.0},{"damage":0.0,"enemies":"Looter","floor":14.0,"turns":3.0},{"damage":4.0,"enemies":"Slime Boss","floor":16.0,"turns":8.0},{"damage":9.0,"enemies":"Shell Parasite","floor":18.0,"turns":7.0},{"damage":31.0,"enemies":"2 Thieves","floor":19.0,"turns":4.0},{"damage":1.0,"enemies":"Snecko","floor":21.0,"turns":8.0},{"damage":4.0,"enemies":"Chosen and Byrds","floor":22.0,"turns":7.0},{"damage":68.0,"enemies":"Slavers","floor":23.0,"turns":7.0},{"damage":28.0,"enemies":"Cultist and Chosen","floor":25.0,"turns":5.0},{"damage":23.0,"enemies":"Masked Bandits","floor":27.0,"turns":6.0},{"damage":9.0,"enemies":"Automaton","floor":33.0,"turns":10.0},{"damage":22.0,"enemies":"3 Darklings","floor":35.0,"turns":8.0},{"damage":9.0,"enemies":"3 Shapes","floor":37.0,"turns":6.0},{"damage":41,"enemies":"Transient","floor":38,"turns":5},{"damage":19,"enemies":"3 Darklings","floor":41,"turns":5},{"damage":0,"enemies":"Giant Head","floor":46,"turns":7},{"damage":0,"enemies":"4 Shapes","floor":47,"turns":6},{"damage":52,"enemies":"Time Eater","floor":50,"turns":8}],"seed_played":"8042719997712344663","potions_obtained":[{"floor":2.0,"key":"AttackPotion"},{"floor":3.0,"key":"SpeedPotion"},{"floor":5.0,"key":"Fire Potion"},{"floor":7.0,"key":"Ancient Potion"},{"floor":8.0,"key":"SmokeBomb"},{"floor":18.0,"key":"FearPotion"},{"floor":22.0,"key":"AttackPotion"},{"floor":23.0,"key":"PowerPotion"},{"floor":27.0,"key":"SpeedPotion"},{"floor":38,"key":"Regen Potion"},{"floor":41,"key":"SkillPotion"}],"is_trial":false,"path_per_floor":["M","M","M","$","M","E","M","E","T","?","?","E","R","M","R","B",null,"M","M","$","M","M","E","R","M","T","?","$","R","?","$","R","B",null,"M","?","M","M","?","R","M","R","T","$","R","E","M","T","R","B",null],"character_chosen":"DEFECT","items_purchased":["Defragment","Cold Snap","Defragment","Anchor","Loop"],"campfire_rested":5,"item_purchase_floors":[4,4,20,20,28],"current_hp_per_floor":[68,66,66,66,61,46,29,25,25,25,25,32,56,63,63,59,76,81,64,64,77,82,14,38,24,24,27,27,51,35,35,61,66,82,74,74,79,50,50,50,59,59,59,59,85,87,87,87,87,54],"gold":284,"neow_bonus":"TEN_PERCENT_HP_BONUS","is_prod":false,"is_daily":false,"chose_seed":false,"campfire_upgraded":4,"win_rate":0,"timestamp":1549537357,"path_taken":["M","M","M","$","M","E","M","E","T","?","?","E","R","M","R","BOSS","M","M","$","?","M","E","R","M","T","?","?","R","?","$","R","BOSS","M","?","M","?","?","R","M","R","T","$","R","E","?","?","R","BOSS"],"build_version":"2019-01-23","purchased_purges":2,"victory":true,"max_hp_per_floor":[82,82,82,82,82,82,82,82,82,82,82,82,82,82,82,82,82,82,82,82,82,82,82,82,82,82,82,82,82,87,87,87,87,87,87,87,87,87,87,87,87,87,87,87,87,87,87,87,87,87],"card_choices":[{"not_picked":["Lockon","Darkness"],"picked":"Go for the Eyes","floor":1.0},{"not_picked":["Barrage","Steam"],"picked":"Conserve Battery","floor":2.0},{"not_picked":["Ball Lightning","Doom and Gloom"],"picked":"Seek","floor":3.0},{"not_picked":["Heatsinks","Scrape"],"picked":"Barrage","floor":5.0},{"not_picked":["Force Field","Sunder","Tempest"],"picked":"SKIP","floor":6.0},{"not_picked":["Hologram","Steam"],"picked":"Ball Lightning","floor":7.0},{"not_picked":["Auto Shields","Stack"],"picked":"Self Repair","floor":8.0},{"not_picked":["Stack","Conserve Battery","Lockon"],"picked":"SKIP","floor":14.0},{"not_picked":["Meteor Strike","Machine Learning"],"picked":"Amplify","floor":16.0},{"not_picked":["Ball Lightning","Tempest"],"picked":"Darkness","floor":18.0},{"not_picked":["Redo","Ball Lightning"],"picked":"Glacier+1","floor":19.0},{"not_picked":["Cold Snap","Sunder+1","Streamline"],"picked":"SKIP","floor":21.0},{"not_picked":["Rip and Tear","Steam","Aggregate+1"],"picked":"SKIP","floor":22.0},{"not_picked":["BootSequence","Gash"],"picked":"Seek","floor":23.0},{"not_picked":["Rebound","Stack","FTL+1"],"picked":"SKIP","floor":25.0},{"not_picked":["Seek","Amplify"],"picked":"Echo Form","floor":33.0},{"not_picked":["Gash+1","FTL","Static Discharge+1"],"picked":"SKIP","floor":35.0},{"not_picked":["Undo","Redo","Beam Cell+1"],"picked":"SKIP","floor":37.0},{"not_picked":["Conserve Battery+1","Genetic Algorithm","Coolheaded"],"picked":"SKIP","floor":38},{"not_picked":["Sunder+1","Gash+1"],"picked":"Capacitor","floor":41},{"not_picked":["Compile Driver+1","Biased Cognition"],"picked":"Redo+1","floor":46},{"not_picked":["Compile Driver","Rebound+1","Undo"],"picked":"SKIP","floor":47}],"player_experience":282351,"relics_obtained":[{"floor":6.0,"key":"Matryoshka"},{"floor":8.0,"key":"Potion Belt"},{"floor":9.0,"key":"Lantern"},{"floor":9.0,"key":"Cables"},{"floor":23.0,"key":"Bottled Lightning"},{"floor":26.0,"key":"Bag of Marbles"},{"floor":26.0,"key":"Meat on the Bone"},{"floor":27.0,"key":"Red Mask"},{"floor":43,"key":"Bronze Scales"},{"floor":46,"key":"FossilizedHelix"},{"floor":46,"key":"Omamori"},{"floor":48,"key":"Darkstone Periapt"}],"event_choices":[{"damage_healed":0.0,"max_hp_gain":0.0,"max_hp_loss":0.0,"gold_gain":0.0,"event_name":"Living Wall","player_choice":"Grow","floor":10.0,"gold_loss":0.0,"damage_taken":0.0,"cards_upgraded":["Defragment"]},{"damage_healed":0.0,"max_hp_gain":0.0,"max_hp_loss":0.0,"gold_gain":0.0,"event_name":"Upgrade Shrine","player_choice":"Upgraded","floor":11.0,"gold_loss":0.0,"damage_taken":0.0,"cards_upgraded":["Seek"]},{"damage_healed":0.0,"max_hp_gain":0.0,"max_hp_loss":0.0,"gold_gain":0.0,"event_name":"Masked Bandits","player_choice":"Fought Bandits","floor":27.0,"gold_loss":0.0,"damage_taken":0.0},{"damage_healed":0.0,"max_hp_gain":5.0,"max_hp_loss":0.0,"gold_gain":0.0,"event_name":"Forgotten Altar","player_choice":"Shed Blood","floor":30.0,"gold_loss":0.0,"damage_taken":21.0},{"damage_healed":0.0,"max_hp_gain":0.0,"max_hp_loss":0.0,"gold_gain":100.0,"event_name":"Golden Shrine","player_choice":"Pray","floor":36.0,"gold_loss":0.0,"damage_taken":0.0},{"damage_healed":0,"gold_gain":0,"player_choice":"Copied","damage_taken":0,"max_hp_gain":0,"max_hp_loss":0,"event_name":"Duplicator","floor":39,"gold_loss":0,"cards_obtained":["Defragment"]}],"is_beta":false,"boss_relics":[{"not_picked":["Pandora\u0027s Box","Runic Pyramid"],"picked":"Empty Cage"},{"not_picked":["Fusion Hammer","Calling Bell"],"picked":"Black Star"}],"items_purged_floors":[28,44],"is_endless":false,"potions_floor_spawned":[2,3,5,7,8,18,22,23,27,38,41],"ascension_level":8}