{"gold_per_floor":[114,114,126,301,301,319,394,394,471,39,52,2,2,21,21,117,117,131,131,231,231,243,272,272,284,284,310,310],"floor_reached":28,"playtime":1088,"items_purged":[],"score":339,"play_id":"9a06ce2a-b8c7-41be-9a01-11ea64274d1b","local_time":"20190205211830","is_ascension_mode":true,"campfire_choices":[{"data":"Armaments","floor":8,"key":"SMITH"},{"data":"Rampage","floor":13,"key":"SMITH"},{"data":"Body Slam","floor":15,"key":"SMITH"},{"data":"Rampage","floor":24,"key":"SMITH"}],"neow_cost":"TEN_PERCENT_HP_LOSS","seed_source_timestamp":2241010194361040,"circlet_count":0,"master_deck":["Strike_R+1","Strike_R+1","Strike_R+1","Defend_R+1","Defend_R+1","Defend_R+1","Defend_R+1","Bash","Offering","Rampage+1","Armaments+1","Cleave","Inflame","Body Slam+1","Feed","Shrug It Off","Necronomicurse","Inflame","Rampage+1","Heavy Blade","Shame"],"relics":["Burning Blood","Mummified Hand","Shuriken","PreservedInsect","Cursed Key","Gambling Chip","Dodecahedron","Necronomicon","Pen Nib","Matryoshka","Bottled Flame"],"potions_floor_usage":[22,27,28],"damage_taken":[{"damage":8,"enemies":"Small Slimes","floor":1,"turns":3},{"damage":6,"enemies":"2 Louse","floor":3,"turns":2},{"damage":11,"enemies":"Jaw Worm","floor":6,"turns":4},{"damage":11,"enemies":"Looter","floor":11,"turns":3},{"damage":4,"enemies":"Exordium Wildlife","floor":14,"turns":4},{"damage":23,"enemies":"The Guardian","floor":16,"turns":10},{"damage":6,"enemies":"Chosen","floor":18,"turns":4},{"damage":19,"enemies":"Colosseum Slavers","floor":20,"turns":3},{"damage":6,"enemies":"Colosseum Nobs","floor":20,"turns":3},{"damage":20,"enemies":"2 Thieves","floor":22,"turns":2},{"damage":6,"enemies":"Gremlin Leader","floor":23,"turns":2},{"damage":7,"enemies":"Centurion and Healer","floor":25,"turns":4},{"damage":20,"enemies":"Book of Stabbing","floor":27,"turns":3},{"damage":15,"enemies":"Sentry and Sphere","floor":28,"turns":4}],"seed_played":"-118143609513745544","potions_obtained":[{"floor":1,"key":"Dexterity Potion"},{"floor":6,"key":"SpeedPotion"},{"floor":16,"key":"GamblersBrew"},{"floor":22,"key":"Block Potion"}],"is_trial":false,"path_per_floor":["M","?","M","?","?","M","?","R","T","$","M","?","R","M","R","B",null,"M","?","?","?","M","E","R","M","T","E","M"],"character_chosen":"IRONCLAD","items_purchased":["Shuriken","Inflame","PreservedInsect"],"campfire_rested":0,"item_purchase_floors":[10,10,10],"current_hp_per_floor":[70,63,63,63,63,58,47,47,47,47,42,42,42,44,44,27,61,64,64,54,38,24,27,27,29,29,15,0],"gold":310,"neow_bonus":"THREE_RARE_CARDS","is_prod":false,"is_daily":false,"chose_seed":false,"campfire_upgraded":4,"win_rate":0,"timestamp":1549430310,"path_taken":["M","?","M","?","?","M","?","R","T","$","M","?","R","M","R","BOSS","M","?","?","?","?","E","R","M","T","E","M"],"build_version":"2019-01-23","purchased_purges":0,"victory":false,"max_hp_per_floor":[72,72,72,72,72,72,72,72,72,72,72,72,72,72,72,72,72,75,75,78,78,78,81,81,84,84,84,84],"card_choices":[{"not_picked":["Juggernaut","Impervious"],"picked":"Offering","floor":0},{"not_picked":["Clash","Rupture"],"picked":"Rampage","floor":1},{"not_picked":["Shockwave","Wild Strike"],"picked":"Armaments","floor":3},{"not_picked":["Sword Boomerang","Armaments"],"picked":"Cleave","floor":6},{"not_picked":["Thunderclap","Iron Wave"],"picked":"Body Slam","floor":11},{"not_picked":["True Grit","Clothesline","Warcry"],"picked":"SKIP","floor":14},{"not_picked":["Reaper","Impervious"],"picked":"Feed","floor":16},{"not_picked":["Clothesline+1","Whirlwind"],"picked":"Shrug It Off","floor":18},{"not_picked":["Warcry+1","Sentinel"],"picked":"Inflame","floor":22},{"not_picked":["Second Wind","Entrench"],"picked":"Rampage","floor":23},{"not_picked":["Rage","Perfected Strike+1"],"picked":"Heavy Blade","floor":25},{"not_picked":["Heavy Blade+1","Fire Breathing+1","Dual Wield"],"picked":"SKIP","floor":27}],"player_experience":272174,"relics_obtained":[{"floor":9,"key":"Mummified Hand"},{"floor":20,"key":"Gambling Chip"},{"floor":20,"key":"Dodecahedron"},{"floor":21,"key":"Necronomicon"},{"floor":23,"key":"Pen Nib"},{"floor":26,"key":"Matryoshka"},{"floor":27,"key":"Bottled Flame"}],"event_choices":[{"cards_removed":["Strike_R"],"damage_healed":0,"gold_gain":0,"player_choice":"Card Removal","damage_taken":7,"max_hp_gain":0,"max_hp_loss":0,"event_name":"Golden Wing","floor":2,"gold_loss":0},{"damage_healed":0,"gold_gain":175,"player_choice":"AGREE","damage_taken":0,"max_hp_gain":0,"max_hp_loss":0,"event_name":"Liars Game","floor":4,"gold_loss":0,"cards_obtained":["Doubt"]},{"cards_removed":["Doubt"],"damage_healed":0,"gold_gain":0,"player_choice":"Forget","damage_taken":0,"max_hp_gain":0,"max_hp_loss":0,"event_name":"Living Wall","floor":5,"gold_loss":0},{"damage_healed":0,"gold_gain":75,"player_choice":"Gather Gold","damage_taken":11,"max_hp_gain":0,"max_hp_loss":0,"event_name":"World of Goop","floor":7,"gold_loss":0},{"cards_removed":["Strike_R"],"damage_healed":0,"gold_gain":0,"player_choice":"Card Removal","damage_taken":0,"max_hp_gain":0,"max_hp_loss":0,"event_name":"The Cleric","floor":12,"gold_loss":50},{"damage_healed":0,"gold_gain":0,"player_choice":"Simplicity","damage_taken":0,"max_hp_gain":0,"max_hp_loss":0,"event_name":"Back to Basics","floor":19,"gold_loss":0,"cards_upgraded":["Strike_R","Strike_R","Strike_R","Defend_R","Defend_R","Defend_R","Defend_R"]},{"damage_healed":0,"gold_gain":0,"player_choice":"Fight","damage_taken":0,"max_hp_gain":0,"max_hp_loss":0,"event_name":"Colosseum","floor":20,"gold_loss":0},{"damage_healed":0,"gold_gain":0,"player_choice":"Fought Nobs","damage_taken":0,"max_hp_gain":0,"max_hp_loss":0,"event_name":"Colosseum","floor":20,"gold_loss":0},{"damage_healed":0,"gold_gain":0,"player_choice":"Obtained Book","damage_taken":16,"max_hp_gain":0,"max_hp_loss":0,"event_name":"Cursed Tome","floor":21,"gold_loss":0}],"is_beta":false,"boss_relics":[{"not_picked":["White Beast Statue","Empty Cage"],"picked":"Cursed Key"}],"items_purged_floors":[],"is_endless":false,"potions_floor_spawned":[1,6,16,20,22],"killed_by":"Sentry and Sphere","ascension_level":5}