{"gold_per_floor":[111,129,146,221,221,221,248,248,248,3,3,3],"floor_reached":12,"playtime":394,"items_purged":[],"score":152,"play_id":"6d87547e-dcd8-47be-96fb-61a302b5f0ec","local_time":"20190201073352","is_ascension_mode":true,"campfire_choices":[{"floor":6,"key":"REST"},{"floor":8,"key":"REST"},{"data":"Sever Soul","floor":11,"key":"SMITH"}],"neow_cost":"NONE","seed_source_timestamp":1235544321092384,"circlet_count":0,"master_deck":["AscendersBane","Strike_R","Strike_R","Strike_R","Strike_R","Strike_R","Defend_R","Defend_R","Defend_R","Defend_R","Bash","Bloodletting","Cleave","Anger","Whirlwind","Sever Soul+1"],"relics":["Runic Cube","Meat on the Bone","Letter Opener","Membership Card"],"potions_floor_usage":[7],"damage_taken":[{"damage":7,"enemies":"2 Louse","floor":1,"turns":4},{"damage":12,"enemies":"Small Slimes","floor":2,"turns":4},{"damage":12,"enemies":"Jaw Worm","floor":3,"turns":4},{"damage":51,"enemies":"3 Sentries","floor":7,"turns":8},{"damage":35,"enemies":"Gremlin Nob","floor":12,"turns":3}],"seed_played":"6347122661912221184","potions_obtained":[{"floor":3,"key":"Regen Potion"}],"is_trial":false,"path_per_floor":["M","M","M","?","?","R","E","R","T","$","R","E"],"character_chosen":"IRONCLAD","items_purchased":["Membership Card","Sever Soul"],"campfire_rested":2,"item_purchase_floors":[10,10],"current_hp_per_floor":[61,49,37,26,26,48,12,34,34,34,34,0],"gold":3,"neow_bonus":"BOSS_RELIC","is_prod":false,"is_daily":false,"chose_seed":false,"campfire_upgraded":1,"win_rate":0,"timestamp":1549024432,"path_taken":["M","M","M","?","?","R","E","R","T","?","R","E"],"build_version":"2019-01-23","purchased_purges":0,"victory":false,"max_hp_per_floor":[75,75,75,75,75,75,75,75,75,75,75,75],"card_choices":[{"not_picked":["Armaments","Headbutt"],"picked":"Bloodletting","floor":1},{"not_picked":["Heavy Blade","Wild Strike"],"picked":"Cleave","floor":2},{"not_picked":["Flex","Havoc"],"picked":"Anger","floor":3},{"not_picked":["Fiend Fire","Infernal Blade"],"picked":"Whirlwind","floor":7}],"player_experience":611036,"relics_obtained":[{"floor":7,"key":"Meat on the Bone"},{"floor":9,"key":"Letter Opener"}],"event_choices":[{"damage_healed":0,"gold_gain":75,"player_choice":"Gather Gold","damage_taken":11,"max_hp_gain":0,"max_hp_loss":0,"event_name":"World of Goop","floor":4,"gold_loss":0},{"damage_healed":0,"gold_gain":0,"player_choice":"Ignored","damage_taken":0,"max_hp_gain":0,"max_hp_loss":0,"event_name":"Shining Light","floor":5,"gold_loss":0}],"is_beta":false,"boss_relics":[],"items_purged_floors":[],"is_endless":false,"potions_floor_spawned":[3],"killed_by":"Gremlin Nob","ascension_level":20}