{"gold_per_floor":[110,129,279,279,292,326,342,417,443,443,443,31,56,56,56,56],"floor_reached":16,"playtime":634,"items_purged":[],"score":205,"play_id":"f602a11e-c0f0-4a0b-9bc6-34e829652ba4","local_time":"20190305101742","is_ascension_mode":true,"campfire_choices":[{"floor":11,"key":"REST"},{"floor":15,"key":"REST"}],"neow_cost":"NONE","seed_source_timestamp":166329925108067,"circlet_count":0,"master_deck":["AscendersBane","Strike_B","Strike_B","Strike_B","Defend_B","Defend_B","Defend_B","Defend_B","Zap","Dualcast","Doom and Gloom","Capacitor","Rebound","Defragment","Defragment","Auto Shields"],"relics":["Cracked Core","Anchor","Juzu Bracelet","Boot","OrangePellets","Happy Flower"],"potions_floor_usage":[6,13,15,16],"damage_taken":[{"damage":0,"enemies":"Jaw Worm","floor":1,"turns":3},{"damage":0,"enemies":"Small Slimes","floor":2,"turns":3},{"damage":6,"enemies":"Cultist","floor":5,"turns":4},{"damage":20,"enemies":"3 Sentries","floor":6,"turns":6},{"damage":5,"enemies":"3 Louse","floor":7,"turns":4},{"damage":30,"enemies":"Lagavulin","floor":13,"turns":7},{"damage":52,"enemies":"Slime Boss","floor":16,"turns":7}],"seed_played":"-4933315397170692178","potions_obtained":[{"floor":2,"key":"Fire Potion"},{"floor":6,"key":"Energy Potion"},{"floor":13,"key":"SpeedPotion"}],"is_trial":false,"path_per_floor":["M","M","?","?","M","E","M","?","T","?","R","$","E","$","R","B"],"character_chosen":"DEFECT","items_purchased":["OrangePellets","Fruit Juice","Defragment"],"campfire_rested":2,"item_purchase_floors":[12,12,12],"current_hp_per_floor":[64,64,64,64,58,38,33,22,22,22,43,43,13,13,40,0],"gold":56,"neow_bonus":"RANDOM_COMMON_RELIC","is_prod":false,"is_daily":false,"chose_seed":false,"campfire_upgraded":0,"win_rate":0,"timestamp":1551799062,"path_taken":["M","M","?","?","M","E","M","?","T","?","R","$","E","?","R","BOSS"],"build_version":"2019-01-23","purchased_purges":0,"victory":false,"max_hp_per_floor":[71,71,71,71,71,71,71,71,71,71,71,71,71,71,76,76],"card_choices":[{"not_picked":["Cold Snap","Hologram"],"picked":"Doom and Gloom","floor":1},{"not_picked":["Streamline","Conserve Battery"],"picked":"Capacitor","floor":2},{"not_picked":["Turbo","Aggregate"],"picked":"Rebound","floor":5},{"not_picked":["Darkness","Sweeping Beam"],"picked":"Defragment","floor":6},{"not_picked":["Rebound","Streamline","Recycle"],"picked":"SKIP","floor":7},{"not_picked":["Beam Cell","Recycle"],"picked":"Auto Shields","floor":13}],"player_experience":870356,"relics_obtained":[{"floor":6,"key":"Juzu Bracelet"},{"floor":9,"key":"Boot"},{"floor":13,"key":"Happy Flower"}],"event_choices":[{"damage_healed":0,"gold_gain":150,"player_choice":"AGREE","damage_taken":0,"max_hp_gain":0,"max_hp_loss":0,"event_name":"Liars Game","floor":3,"gold_loss":0,"cards_obtained":["Doubt"]},{"cards_removed":["Doubt"],"damage_healed":0,"gold_gain":0,"player_choice":"Card Removal","damage_taken":0,"max_hp_gain":0,"max_hp_loss":0,"event_name":"Wheel of Change","floor":4,"gold_loss":0},{"damage_healed":0,"gold_gain":75,"player_choice":"Gather Gold","damage_taken":11,"max_hp_gain":0,"max_hp_loss":0,"event_name":"World of Goop","floor":8,"gold_loss":0},{"cards_removed":["Strike_B"],"damage_healed":0,"gold_gain":0,"player_choice":"Purged","damage_taken":0,"max_hp_gain":0,"max_hp_loss":0,"event_name":"Purifier","floor":10,"gold_loss":0}],"is_beta":false,"boss_relics":[],"items_purged_floors":[],"is_endless":false,"potions_floor_spawned":[2,6,13],"killed_by":"Slime Boss","ascension_level":18}