{"gold_per_floor":[118,118,133,152,2,34,34,46,46,46,62,73,73,86,86,184,184,197,216,18,29,29,29,29,29,29,29,40,140,172,93,93,195,195,214,228,240,240,40,40,54,54,54,71,127,142,142,156,156,156],"floor_reached":51,"playtime":5852,"items_purged":["Defend_B","Strike_B"],"score":710,"play_id":"7c70ce60-3e6a-4c8d-b922-69ddd7ee5628","local_time":"20181018132330","is_ascension_mode":true,"campfire_choices":[{"data":"Loop","floor":7.0,"key":"SMITH"},{"floor":10.0,"key":"REST"},{"floor":13.0,"key":"REST"},{"data":"Defragment","floor":15.0,"key":"SMITH"},{"floor":23,"key":"REST"},{"data":"Thunder Strike","floor":25,"key":"SMITH"},{"floor":32,"key":"REST"},{"floor":40,"key":"REST"},{"data":"Capacitor","floor":42,"key":"SMITH"},{"floor":49,"key":"REST"}],"neow_cost":"TEN_PERCENT_HP_LOSS","seed_source_timestamp":0,"circlet_count":0,"master_deck":["Defend_B","Defend_B","Zap","Dualcast","Loop+1","Barrage","Defragment+1","Recycle+1","Leap+1","Sunder","Fusion+1","Fission+1","Glacier+1","Genetic Algorithm+1","Sunder","Redo+1","Coolheaded+1","Hologram+1","Thunder Strike+1","Blizzard","Genetic Algorithm+1","Consume+1","Capacitor+1","Rainbow+1","Compile Driver+1","Sunder+1","Good Instincts+1","Self Repair+1","Redo+1","Core Surge+1","Auto Shields+1","Capacitor"],"special_seed":0,"relics":["Cracked Core","Gambling Chip","Blood Vial","Toxic Egg 2","FossilizedHelix","Sozu","Nunchaku","Gremlin Horn","Du-Vu Doll","Molten Egg 2","Incense Burner","Empty Cage","Blue Candle","Tiny Chest"],"potions_floor_usage":[29,29,50],"damage_taken":[{"damage":0.0,"enemies":"2 Louse","floor":1.0,"turns":2.0},{"damage":6.0,"enemies":"Jaw Worm","floor":3.0,"turns":3.0},{"damage":1.0,"enemies":"Cultist","floor":4.0,"turns":3.0},{"damage":36.0,"enemies":"3 Sentries","floor":6.0,"turns":5.0},{"damage":6.0,"enemies":"Blue Slaver","floor":8.0,"turns":4.0},{"damage":11.0,"enemies":"3 Louse","floor":11.0,"turns":2.0},{"damage":0.0,"enemies":"Exordium Wildlife","floor":12.0,"turns":4.0},{"damage":0.0,"enemies":"Blue Slaver","floor":14.0,"turns":3.0},{"damage":23.0,"enemies":"The Guardian","floor":16.0,"turns":8.0},{"damage":10,"enemies":"2 Thieves","floor":18,"turns":4},{"damage":9,"enemies":"3 Byrds","floor":19,"turns":6},{"damage":35,"enemies":"Sentry and Sphere","floor":21,"turns":6},{"damage":0,"enemies":"3 Cultists","floor":28,"turns":5},{"damage":13,"enemies":"Colosseum Slavers","floor":29,"turns":4},{"damage":23,"enemies":"Colosseum Nobs","floor":29,"turns":5},{"damage":6,"enemies":"Book of Stabbing","floor":30,"turns":7},{"damage":23,"enemies":"Automaton","floor":33,"turns":8},{"damage":9,"enemies":"3 Darklings","floor":35,"turns":4},{"damage":0,"enemies":"Orb Walker","floor":36,"turns":4},{"damage":25,"enemies":"4 Shapes","floor":37,"turns":4},{"damage":0,"enemies":"Spire Growth","floor":41,"turns":5},{"damage":0,"enemies":"Transient","floor":44,"turns":5},{"damage":0,"enemies":"Giant Head","floor":45,"turns":8},{"damage":41,"enemies":"4 Shapes","floor":46,"turns":4},{"damage":0,"enemies":"Reptomancer","floor":48,"turns":6},{"damage":16,"enemies":"Awakened One","floor":50,"turns":12}],"seed_played":"4850064952764285673","potions_obtained":[{"floor":3.0,"key":"PowerPotion"},{"floor":4.0,"key":"Dexterity Potion"},{"floor":6.0,"key":"Energy Potion"},{"floor":11.0,"key":"FearPotion"}],"is_trial":false,"path_per_floor":["M","?","M","M","$","E","R","M","T","R","M","M","R","M","R","B",null,"M","M","$","M","?","R","?","R","T","?","M","?","E","$","R","B",null,"M","M","M","?","$","R","M","R","T","M","E","M","?","M","R","B"],"character_chosen":"DEFECT","items_purchased":["Blood Vial","Sunder","Redo+1","Capacitor","Good Instincts+1"],"campfire_rested":6,"item_purchase_floors":[5,20,20,31,39],"current_hp_per_floor":[68,61,55,54,54,20,20,16,16,36,27,29,49,51,51,30,68,58,51,51,18,18,38,38,38,38,60,62,30,26,26,46,25,68,59,61,38,38,38,58,60,60,60,68,68,37,37,49,68,62],"gold":156,"neow_bonus":"ONE_RARE_RELIC","is_prod":false,"is_daily":false,"chose_seed":false,"campfire_upgraded":4,"win_rate":0,"timestamp":1539883410,"path_taken":["M","?","M","M","$","E","R","?","T","R","M","M","R","M","R","BOSS","M","M","$","M","?","R","?","R","T","?","?","?","E","?","R","BOSS","M","M","?","?","$","R","M","R","T","?","E","M","?","M","R","BOSS"],"build_version":"2018-10-11","purchased_purges":2,"victory":true,"max_hp_per_floor":[68,68,68,68,68,68,68,68,68,68,68,68,68,68,68,68,68,68,68,68,68,68,68,68,68,68,68,68,68,68,68,68,68,68,68,68,68,68,68,68,68,68,68,68,68,68,68,68,68,68],"card_choices":[{"not_picked":["Conserve Battery","Hello World"],"picked":"Loop","floor":1.0},{"not_picked":["Cold Snap","Streamline"],"picked":"Barrage","floor":3.0},{"not_picked":["Rebound","Melter","Beam Cell"],"picked":"SKIP","floor":4.0},{"not_picked":["Barrage","Redo"],"picked":"Defragment","floor":6.0},{"not_picked":["Buffer","Beam Cell"],"picked":"Recycle+1","floor":8.0},{"not_picked":["Ball Lightning","Redo+1"],"picked":"Leap+1","floor":11.0},{"not_picked":["Static Discharge","Force Field+1"],"picked":"Sunder","floor":12.0},{"not_picked":["BootSequence+1","Static Discharge"],"picked":"Fusion+1","floor":14.0},{"not_picked":["Biased Cognition","Rainbow+1"],"picked":"Fission+1","floor":16.0},{"not_picked":["Go for the Eyes","Rebound+1"],"picked":"Glacier+1","floor":18},{"not_picked":["Gash","Cold Snap+1"],"picked":"Genetic Algorithm+1","floor":19},{"not_picked":["Ball Lightning","Conserve Battery+1"],"picked":"Coolheaded+1","floor":21},{"not_picked":["Double Energy+1","Conserve Battery+1"],"picked":"Blizzard","floor":28},{"not_picked":["BootSequence+1","All For One"],"picked":"Genetic Algorithm+1","floor":29},{"not_picked":["Leap+1","Recycle+1"],"picked":"Consume+1","floor":30},{"not_picked":["Buffer","Hyperbeam+1"],"picked":"Rainbow+1","floor":33},{"not_picked":["Cold Snap+1","Ball Lightning+1","Conserve Battery+1"],"picked":"SKIP","floor":35},{"not_picked":["Sunder+1","Conserve Battery+1"],"picked":"Compile Driver+1","floor":36},{"not_picked":["Gash+1","Turbo+1"],"picked":"Sunder+1","floor":37},{"not_picked":["Sunder+1","Cold Snap+1"],"picked":"Self Repair+1","floor":41},{"not_picked":["Hologram+1","Leap+1"],"picked":"Redo+1","floor":44},{"not_picked":["Gash+1","FTL+1"],"picked":"Core Surge+1","floor":45},{"not_picked":["Go for the Eyes+1","Sunder+1"],"picked":"Auto Shields+1","floor":46},{"not_picked":["Redo+1","Coolheaded+1"],"picked":"Capacitor","floor":48}],"player_experience":176292,"relics_obtained":[{"floor":6.0,"key":"Toxic Egg 2"},{"floor":9.0,"key":"FossilizedHelix"},{"floor":26,"key":"Gremlin Horn"},{"floor":29,"key":"Du-Vu Doll"},{"floor":29,"key":"Molten Egg 2"},{"floor":30,"key":"Incense Burner"},{"floor":43,"key":"Blue Candle"},{"floor":45,"key":"Tiny Chest"}],"event_choices":[{"event_name":"Golden Wing","player_choice":"Card Removal","floor":2.0,"damage_taken":0.0},{"event_name":"Addict","player_choice":"Stole Relic","floor":22,"damage_taken":0},{"event_name":"Drug Dealer","player_choice":"Became Test Subject","floor":24,"damage_taken":0},{"event_name":"The Library","player_choice":"Heal","floor":27,"damage_taken":0},{"event_name":"Colosseum","player_choice":"Fight","floor":29,"damage_taken":0},{"event_name":"Colosseum","player_choice":"Fought Nobs","floor":29,"damage_taken":0},{"event_name":"Tomb of Lord Red Mask","player_choice":"Ignored","floor":38,"damage_taken":0},{"event_name":"Mysterious Sphere","player_choice":"Ignore","floor":47,"damage_taken":0}],"is_beta":false,"boss_relics":[{"not_picked":["Snecko Eye","Velvet Choker"],"picked":"Sozu"},{"not_picked":["FrozenCore","Orrery"],"picked":"Empty Cage"}],"items_purged_floors":[20,39],"is_endless":false,"potions_floor_spawned":[3,4,6,11,18,28,29,35,37,41,45],"ascension_level":1}