{"gold_per_floor":[115,115,40,51,65,65,83,83,83,110,128,148,165,65,65,65],"floor_reached":16,"playtime":412,"items_purged":["Strike_B","Defend_B"],"score":130,"play_id":"bc6cb8f7-5323-4a8b-9408-3cfddc3ac21f","local_time":"20190111095829","is_ascension_mode":true,"campfire_choices":[{"data":"Storm","floor":6,"key":"SMITH"},{"data":"Zap","floor":8,"key":"SMITH"},{"floor":15,"key":"REST"}],"neow_cost":"NONE","seed_source_timestamp":0,"circlet_count":0,"master_deck":["Strike_B","Strike_B","Defend_B","Defend_B","Defend_B","Zap+1","Dualcast","Storm+1","Auto Shields","Leap","Darkness"],"special_seed":0,"relics":["Cracked Core","NeowsBlessing","Symbiotic Virus","Blue Candle"],"potions_floor_usage":[10,10],"damage_taken":[{"damage":0,"enemies":"2 Louse","floor":1,"turns":1},{"damage":0,"enemies":"Cultist","floor":4,"turns":1},{"damage":0,"enemies":"Jaw Worm","floor":5,"turns":1},{"damage":26,"enemies":"3 Louse","floor":7,"turns":3},{"damage":26,"enemies":"Gremlin Nob","floor":10,"turns":4},{"damage":7,"enemies":"Large Slime","floor":11,"turns":3},{"damage":2,"enemies":"Looter","floor":12,"turns":4},{"damage":25,"enemies":"Gremlin Gang","floor":13,"turns":5},{"damage":26,"enemies":"Slime Boss","floor":16,"turns":5}],"seed_played":"7822168537387655251","potions_obtained":[{"floor":1,"key":"Weak Potion"},{"floor":5,"key":"Regen Potion"},{"floor":7,"key":"Strength Potion"}],"is_trial":false,"path_per_floor":["M","?","$","M","M","R","M","R","T","E","M","M","M","$","R","B"],"character_chosen":"DEFECT","items_purchased":[],"campfire_rested":1,"item_purchase_floors":[],"current_hp_per_floor":[75,75,75,75,75,75,49,49,49,35,28,26,1,1,23,0],"gold":65,"neow_bonus":"THREE_ENEMY_KILL","is_prod":false,"is_daily":false,"chose_seed":false,"campfire_upgraded":2,"win_rate":0,"timestamp":1547218709,"path_taken":["M","?","$","M","M","R","M","R","T","E","M","M","M","$","R","BOSS"],"build_version":"2019-01-10","purchased_purges":2,"victory":false,"max_hp_per_floor":[75,75,75,75,75,75,75,75,75,75,75,75,75,75,75,75],"card_choices":[{"not_picked":["Cold Snap","Ball Lightning"],"picked":"Storm","floor":1},{"not_picked":["Darkness","Streamline","Beam Cell"],"picked":"SKIP","floor":4},{"not_picked":["Force Field","Barrage","Streamline"],"picked":"SKIP","floor":5},{"not_picked":["Stack","Undo","Scrape"],"picked":"SKIP","floor":7},{"not_picked":["Beam Cell","Go for the Eyes"],"picked":"Auto Shields","floor":10},{"not_picked":["Ball Lightning","White Noise"],"picked":"Leap","floor":11},{"not_picked":["Coolheaded","Stack"],"picked":"Darkness","floor":12},{"not_picked":["Compile Driver","Go for the Eyes","Undo"],"picked":"SKIP","floor":13}],"player_experience":366522,"relics_obtained":[{"floor":9,"key":"Symbiotic Virus"},{"floor":10,"key":"Blue Candle"}],"event_choices":[{"cards_removed":["Strike_B"],"damage_healed":0,"gold_gain":0,"player_choice":"Purged","damage_taken":0,"max_hp_gain":0,"max_hp_loss":0,"event_name":"Purifier","floor":2,"gold_loss":0}],"is_beta":false,"boss_relics":[],"items_purged_floors":[3,14],"is_endless":false,"potions_floor_spawned":[1,5,7],"killed_by":"Slime Boss","ascension_level":5}