{"gold_per_floor":[114,64,64,64,75,103,103,115,115,146,160,191,191,207,207,307,307,288,31,31,41,61,61,72,72,72,72,82,113,13,13,13,112,112,122,122,39,49,49],"floor_reached":39,"playtime":1667,"items_purged":["Decay","Strike_B"],"score":750,"play_id":"fb84d66b-4c99-4be0-b7a5-ff97235a91d1","local_time":"20190130145738","is_ascension_mode":true,"campfire_choices":[{"data":"Sunder","floor":7.0,"key":"SMITH"},{"data":"Defragment","floor":13.0,"key":"SMITH"},{"data":"Streamline","floor":15.0,"key":"SMITH"},{"data":"Chill","floor":23.0,"key":"SMITH"},{"floor":25.0,"key":"REST"},{"data":"Dualcast","floor":27.0,"key":"SMITH"},{"data":"Zap","floor":32,"key":"SMITH"}],"neow_cost":"NONE","seed_source_timestamp":0,"circlet_count":0,"master_deck":["AscendersBane","Strike_B","Strike_B","Defend_B","Defend_B","Defend_B","Defend_B","Zap+1","Dualcast+1","Chill+1","Sunder+1","Streamline+1","Steam+1","Genetic Algorithm+1","Defragment+1","Steam+1","Fission+1","Injury","Clumsy","Fusion+1","Metamorphosis+1","Conserve Battery+1","Coolheaded+1","White Noise+1","White Noise+1","Leap+1","Amplify+1","Panacea+1"],"special_seed":0,"relics":["Cracked Core","NeowsBlessing","Unceasing Top","Dream Catcher","Toxic Egg 2","Orichalcum","Mummified Hand","Calling Bell","Blood Vial","Shuriken","StoneCalendar","Pantograph","Meat on the Bone","Sozu"],"potions_floor_usage":[],"damage_taken":[{"damage":0.0,"enemies":"Jaw Worm","floor":1.0,"turns":1.0},{"damage":0.0,"enemies":"2 Louse","floor":5.0,"turns":1.0},{"damage":0.0,"enemies":"Gremlin Nob","floor":6.0,"turns":1.0},{"damage":0.0,"enemies":"Small Slimes","floor":8.0,"turns":1.0},{"damage":11.0,"enemies":"3 Sentries","floor":10.0,"turns":6.0},{"damage":7.0,"enemies":"2 Fungi Beasts","floor":11.0,"turns":2.0},{"damage":16.0,"enemies":"Gremlin Nob","floor":12.0,"turns":5.0},{"damage":20.0,"enemies":"Exordium Wildlife","floor":14.0,"turns":3.0},{"damage":6.0,"enemies":"Hexaghost","floor":16.0,"turns":9.0},{"damage":0.0,"enemies":"2 Thieves","floor":18.0,"turns":4.0},{"damage":13.0,"enemies":"Spheric Guardian","floor":21.0,"turns":4.0},{"damage":24.0,"enemies":"Snecko","floor":22.0,"turns":6.0},{"damage":15.0,"enemies":"Snake Plant","floor":24.0,"turns":4.0},{"damage":5.0,"enemies":"Centurion and Healer","floor":28.0,"turns":4.0},{"damage":23.0,"enemies":"Book of Stabbing","floor":29.0,"turns":5.0},{"damage":8.0,"enemies":"Colosseum Slavers","floor":31.0,"turns":5.0},{"damage":7,"enemies":"Champ","floor":33,"turns":7},{"damage":8,"enemies":"Orb Walker","floor":35,"turns":5},{"damage":0,"enemies":"3 Darklings","floor":38,"turns":4},{"damage":89,"enemies":"2 Orb Walkers","floor":39,"turns":5}],"seed_played":"-6337944299966948566","potions_obtained":[{"floor":1.0,"key":"Regen Potion"},{"floor":10.0,"key":"Explosive Potion"},{"floor":12.0,"key":"Explosive Potion"},{"floor":24.0,"key":"FocusPotion"},{"floor":29.0,"key":"Ancient Potion"}],"is_trial":false,"path_per_floor":["M","?","$","?","M","E","R","M","T","E","M","E","R","M","R","B",null,"M","$","?","M","M","R","M","R","T","R","M","E","$","?","R","B",null,"M","?","$","M","?"],"character_chosen":"DEFECT","items_purchased":["Metamorphosis+1","Panacea+1"],"campfire_rested":1,"item_purchase_floors":[19,37],"current_hp_per_floor":[68,68,68,65,65,65,65,65,65,69,62,46,46,26,26,20,61,63,63,63,52,30,30,17,39,39,39,36,15,15,21,21,41,67,61,61,61,63,0],"gold":49,"neow_bonus":"THREE_ENEMY_KILL","is_prod":false,"is_daily":false,"chose_seed":false,"campfire_upgraded":6,"win_rate":0,"timestamp":1548878258,"path_taken":["M","?","$","?","M","E","R","M","T","E","M","E","R","M","R","BOSS","M","$","?","M","M","R","M","R","T","R","M","E","$","?","R","BOSS","M","?","$","M","?"],"build_version":"2019-01-23","purchased_purges":2,"victory":false,"max_hp_per_floor":[75,75,75,75,75,75,75,75,75,75,75,75,75,75,75,75,75,75,75,75,75,75,75,75,75,75,75,75,75,75,75,75,75,75,75,75,75,75,75],"card_choices":[{"not_picked":["Skim","Compile Driver"],"picked":"Chill","floor":1.0},{"not_picked":["Hologram","Double Energy"],"picked":"Sunder","floor":5.0},{"not_picked":["Multi-Cast","Barrage","Tempest"],"picked":"SKIP","floor":6.0},{"not_picked":["Heatsinks","Redo"],"picked":"Streamline","floor":8.0},{"not_picked":["Hologram+1","Coolheaded+1"],"picked":"Steam+1","floor":10.0},{"not_picked":["Rebound","Leap+1"],"picked":"Genetic Algorithm+1","floor":11.0},{"not_picked":["Cold Snap","Amplify+1"],"picked":"Defragment","floor":12.0},{"not_picked":["Hologram+1","Rebound"],"picked":"Steam+1","floor":14.0},{"not_picked":["Creative AI","Core Surge"],"picked":"Fission+1","floor":16.0},{"not_picked":["Compile Driver+1","Barrage"],"picked":"Fusion+1","floor":18.0},{"not_picked":["Beam Cell","Stack+1"],"picked":"Conserve Battery+1","floor":21.0},{"not_picked":["Storm","Go for the Eyes+1"],"picked":"Coolheaded+1","floor":22.0},{"not_picked":["Lockon","Gash+1"],"picked":"White Noise+1","floor":24.0},{"not_picked":["Steam+1","Steam Power+1"],"picked":"White Noise+1","floor":25.0},{"not_picked":["Sunder","Heatsinks","Darkness+1"],"picked":"SKIP","floor":28.0},{"not_picked":["Hello World","Rainbow+1"],"picked":"Leap+1","floor":29.0},{"not_picked":["Hyperbeam","Rainbow+1"],"picked":"Amplify+1","floor":33},{"not_picked":["Coolheaded+1","Stack+1","Genetic Algorithm+1"],"picked":"SKIP","floor":35},{"not_picked":["Leap+1","Sweeping Beam+1","Streamline"],"picked":"SKIP","floor":38}],"player_experience":576018,"relics_obtained":[{"floor":6.0,"key":"Dream Catcher"},{"floor":9.0,"key":"Toxic Egg 2"},{"floor":10.0,"key":"Orichalcum"},{"floor":12.0,"key":"Mummified Hand"},{"floor":17.0,"key":"Blood Vial"},{"floor":17.0,"key":"Shuriken"},{"floor":17.0,"key":"StoneCalendar"},{"floor":26.0,"key":"Pantograph"},{"floor":29.0,"key":"Meat on the Bone"}],"event_choices":[{"cards_removed":["Strike_B"],"damage_healed":0.0,"max_hp_gain":0.0,"max_hp_loss":0.0,"gold_gain":0.0,"event_name":"The Cleric","player_choice":"Card Removal","floor":2.0,"gold_loss":50.0,"damage_taken":0.0},{"damage_healed":0.0,"max_hp_gain":0.0,"max_hp_loss":0.0,"gold_gain":0.0,"event_name":"Scrap Ooze","player_choice":"Success","floor":4.0,"gold_loss":0.0,"damage_taken":3.0,"relics_obtained":["Unceasing Top"]},{"damage_healed":0.0,"max_hp_gain":0.0,"max_hp_loss":0.0,"gold_gain":0.0,"event_name":"Beggar","player_choice":"Ignored","floor":20.0,"gold_loss":0.0,"damage_taken":0.0},{"damage_healed":0.0,"max_hp_gain":0.0,"max_hp_loss":0.0,"gold_gain":0.0,"event_name":"Colosseum","player_choice":"Fight","floor":31.0,"gold_loss":0.0,"damage_taken":0.0},{"damage_healed":0.0,"max_hp_gain":0.0,"max_hp_loss":0.0,"gold_gain":0.0,"event_name":"Colosseum","player_choice":"Fled From Nobs","floor":31.0,"gold_loss":0.0,"damage_taken":0.0},{"damage_healed":0,"gold_gain":0,"player_choice":"Ignored","damage_taken":0,"max_hp_gain":0,"max_hp_loss":0,"event_name":"Tomb of Lord Red Mask","floor":36,"gold_loss":0},{"damage_healed":0,"gold_gain":0,"player_choice":"Fight","damage_taken":0,"max_hp_gain":0,"max_hp_loss":0,"event_name":"Mysterious Sphere","floor":39,"gold_loss":0}],"is_beta":false,"boss_relics":[{"not_picked":["Ectoplasm","Lizard Tail"],"picked":"Calling Bell"},{"not_picked":["Black Star","Astrolabe"],"picked":"Sozu"}],"items_purged_floors":[19,30],"is_endless":false,"potions_floor_spawned":[1,10,12,14,18,24,29,31],"killed_by":"2 Orb Walkers","ascension_level":12}