{"gold_per_floor":[112,124,136,146,164,164,199,209,209,209],"floor_reached":10,"playtime":569,"items_purged":[],"score":94,"play_id":"6ba561f4-4c45-466c-bdc4-6c23e1487403","local_time":"20190304135019","is_ascension_mode":true,"campfire_choices":[{"floor":6,"key":"REST"}],"neow_cost":"NONE","seed_source_timestamp":9755603591428,"circlet_count":0,"master_deck":["Defend_G","Defend_G","Defend_G","Defend_G","Defend_G","Strike_G","Strike_G","Strike_G","Strike_G","Strike_G","Survivor","Neutralize","Tactician","Dagger Spray","Underhanded Strike","Dagger Throw","Eviscerate"],"special_seed":0,"relics":["Ring of the Snake","Meat on the Bone","Strawberry"],"potions_floor_usage":[7,10],"damage_taken":[{"damage":2.0,"enemies":"Cultist","floor":1.0,"turns":5.0},{"damage":0.0,"enemies":"2 Louse","floor":2.0,"turns":2.0},{"damage":3.0,"enemies":"Small Slimes","floor":3.0,"turns":3.0},{"damage":11,"enemies":"Blue Slaver","floor":4,"turns":5},{"damage":13,"enemies":"Exordium Wildlife","floor":5,"turns":5},{"damage":30,"enemies":"3 Sentries","floor":7,"turns":9},{"damage":10,"enemies":"2 Fungi Beasts","floor":8,"turns":4},{"damage":46,"enemies":"Gremlin Nob","floor":10,"turns":5}],"seed_played":"261909027303528202","potions_obtained":[{"floor":3.0,"key":"PowerPotion"},{"floor":7,"key":"EssenceOfSteel"}],"is_trial":false,"path_per_floor":["M","M","M","M","M","R","E","M","T","E"],"character_chosen":"THE_SILENT","items_purchased":[],"campfire_rested":1,"item_purchase_floors":[],"current_hp_per_floor":[61,61,58,47,34,55,25,27,34,0],"gold":209,"neow_bonus":"THREE_CARDS","is_prod":false,"is_daily":false,"chose_seed":false,"campfire_upgraded":0,"win_rate":0,"timestamp":1551675019,"path_taken":["M","M","M","M","M","R","E","M","T","E"],"build_version":"2019-01-23","purchased_purges":0,"victory":false,"max_hp_per_floor":[70,70,70,70,70,70,70,70,77,77],"card_choices":[{"not_picked":["Bane","Dodge and Roll"],"picked":"Tactician","floor":0.0},{"not_picked":["Dagger Throw","Prepared"],"picked":"Dagger Spray","floor":1.0},{"not_picked":["Tactician","Backflip"],"picked":"Underhanded Strike","floor":2.0},{"not_picked":["Slice","Riddle With Holes","Crippling Poison"],"picked":"SKIP","floor":3.0},{"not_picked":["Poisoned Stab","Bane"],"picked":"Dagger Throw","floor":4},{"not_picked":["Heel Hook","Quick Slash"],"picked":"Eviscerate","floor":5},{"not_picked":["Sucker Punch","After Image","Finisher"],"picked":"SKIP","floor":7},{"not_picked":["Predator","Crippling Poison","Slice"],"picked":"SKIP","floor":8}],"player_experience":377952,"relics_obtained":[{"floor":7,"key":"Meat on the Bone"},{"floor":9,"key":"Strawberry"}],"event_choices":[],"is_beta":false,"boss_relics":[],"items_purged_floors":[],"is_endless":false,"potions_floor_spawned":[3,7],"killed_by":"Gremlin Nob","ascension_level":6}