{"gold_per_floor":[115,290,290,303,378,413,413,426,453,468,487,487,512,525,525,630,630,640,623,623],"floor_reached":20,"playtime":588,"items_purged":[],"score":327,"play_id":"c92c7ce7-1e68-4e82-bb04-393cacfad19d","local_time":"20190209134829","is_ascension_mode":true,"campfire_choices":[{"data":"Buffer","floor":7,"key":"SMITH"},{"data":"Fission","floor":12,"key":"SMITH"},{"floor":15,"key":"REST"}],"neow_cost":"NONE","seed_source_timestamp":10375002632189,"circlet_count":0,"master_deck":["AscendersBane","Strike_B","Strike_B","Strike_B","Strike_B","Defend_B","Defend_B","Defend_B","Defend_B","Zap","Dualcast","Static Discharge","Doubt","Turbo","Buffer+1","Ball Lightning","Cold Snap","Fission+1","Streamline","Hologram","Thunder Strike","Tempest","Loop"],"relics":["Cracked Core","NeowsBlessing","Regal Pillow","Omamori","Potion Belt","Inserter"],"potions_floor_usage":[11,13,14,16],"damage_taken":[{"damage":0,"enemies":"Small Slimes","floor":1,"turns":1},{"damage":0,"enemies":"2 Louse","floor":4,"turns":1},{"damage":0,"enemies":"Lagavulin","floor":6,"turns":1},{"damage":0,"enemies":"Jaw Worm","floor":8,"turns":5},{"damage":1,"enemies":"3 Louse","floor":10,"turns":4},{"damage":17,"enemies":"Exordium Wildlife","floor":11,"turns":6},{"damage":13,"enemies":"3 Sentries","floor":13,"turns":6},{"damage":4,"enemies":"Exordium Thugs","floor":14,"turns":3},{"damage":48,"enemies":"Hexaghost","floor":16,"turns":8},{"damage":7,"enemies":"Chosen","floor":18,"turns":6},{"damage":33,"enemies":"2 Thieves","floor":19,"turns":4},{"damage":31,"enemies":"Cultist and Chosen","floor":20,"turns":4}],"seed_played":"7148741721655820092","potions_obtained":[{"floor":1,"key":"Explosive Potion"},{"floor":4,"key":"Block Potion"},{"floor":13,"key":"Fire Potion"},{"floor":14,"key":"Regen Potion"}],"is_trial":false,"path_per_floor":["M","?","?","M","?","E","R","M","T","M","M","R","E","M","R","B",null,"M","M","M"],"character_chosen":"DEFECT","items_purchased":[],"campfire_rested":1,"item_purchase_floors":[],"current_hp_per_floor":[68,68,73,73,62,62,62,62,62,61,44,44,31,27,66,33,68,61,28,0],"gold":623,"neow_bonus":"THREE_ENEMY_KILL","is_prod":false,"is_daily":false,"chose_seed":false,"campfire_upgraded":2,"win_rate":0,"timestamp":1549687709,"path_taken":["M","?","?","M","?","E","R","M","T","M","M","R","E","M","R","BOSS","M","M","M"],"build_version":"2019-01-23","purchased_purges":0,"victory":false,"max_hp_per_floor":[75,75,80,80,80,80,80,80,80,80,80,80,80,80,80,80,80,80,80,80],"card_choices":[{"not_picked":["Recycle","Skim"],"picked":"Static Discharge","floor":1},{"not_picked":["Steam","Reprogram"],"picked":"Turbo","floor":4},{"not_picked":["Coolheaded","Tempest"],"picked":"Buffer","floor":6},{"not_picked":["Gash","Leap"],"picked":"Ball Lightning","floor":8},{"not_picked":["Go for the Eyes","Gash"],"picked":"Cold Snap","floor":10},{"not_picked":["Leap","Beam Cell"],"picked":"Fission","floor":11},{"not_picked":["Go for the Eyes","Sweeping Beam"],"picked":"Streamline","floor":13},{"not_picked":["Force Field","Beam Cell"],"picked":"Hologram","floor":14},{"not_picked":["Creative AI","Meteor Strike"],"picked":"Thunder Strike","floor":16},{"not_picked":["Leap","Ball Lightning+1"],"picked":"Tempest","floor":18},{"not_picked":["Gash","Beam Cell"],"picked":"Loop","floor":19}],"player_experience":306903,"relics_obtained":[{"floor":6,"key":"Regal Pillow"},{"floor":9,"key":"Omamori"},{"floor":13,"key":"Potion Belt"}],"event_choices":[{"damage_healed":0,"gold_gain":175,"player_choice":"AGREE","damage_taken":0,"max_hp_gain":0,"max_hp_loss":0,"event_name":"Liars Game","floor":2,"gold_loss":0,"cards_obtained":["Doubt"]},{"damage_healed":0,"gold_gain":0,"player_choice":"Donut","damage_taken":0,"max_hp_gain":5,"max_hp_loss":0,"event_name":"Big Fish","floor":3,"gold_loss":0},{"damage_healed":0,"gold_gain":75,"player_choice":"Gather Gold","damage_taken":11,"max_hp_gain":0,"max_hp_loss":0,"event_name":"World of Goop","floor":5,"gold_loss":0}],"is_beta":false,"boss_relics":[{"not_picked":["Calling Bell","Pandora\u0027s Box"],"picked":"Inserter"}],"items_purged_floors":[],"is_endless":false,"potions_floor_spawned":[1,4,6,13,14],"killed_by":"Cultist and Chosen","ascension_level":11}