{"gold_per_floor":[118,132,132,144,17,45,45,74,98,108,108,108,137,151,151,251,251,266,266,366,352,352],"floor_reached":22,"playtime":1567,"items_purged":["Strike_G"],"score":326,"play_id":"52c12333-dd41-4f71-9884-196dcf9172e1","local_time":"20190216230530","is_ascension_mode":true,"campfire_choices":[{"data":"Deadly Poison","floor":7,"key":"SMITH"},{"floor":12,"key":"REST"},{"data":"Deadly Poison","floor":15,"key":"SMITH"}],"neow_cost":"NONE","seed_source_timestamp":136292642792966,"circlet_count":0,"master_deck":["AscendersBane","Defend_G","Defend_G","Defend_G","Defend_G","Defend_G","Strike_G","Strike_G","Survivor","Neutralize","Sucker Punch","Well Laid Plans","Deadly Poison+1","Dagger Spray","Endless Agony","Deadly Poison+1","Glass Knife","PiercingWail","Well Laid Plans","Wraith Form v2","Deflect","Acrobatics+1"],"relics":["Ring of the Snake","CultistMask","Dream Catcher","Juzu Bracelet","Centennial Puzzle","Nunchaku","Velvet Choker","FossilizedHelix","Ninja Scroll"],"potions_floor_usage":[6,16,20,20,22],"damage_taken":[{"damage":2,"enemies":"Cultist","floor":1,"turns":6},{"damage":1,"enemies":"Small Slimes","floor":2,"turns":6},{"damage":0,"enemies":"2 Louse","floor":4,"turns":4},{"damage":13,"enemies":"3 Sentries","floor":6,"turns":10},{"damage":18,"enemies":"Lagavulin","floor":8,"turns":7},{"damage":2,"enemies":"Blue Slaver","floor":10,"turns":5},{"damage":18,"enemies":"Gremlin Nob","floor":13,"turns":3},{"damage":0,"enemies":"Exordium Wildlife","floor":14,"turns":4},{"damage":15,"enemies":"Hexaghost","floor":16,"turns":9},{"damage":4,"enemies":"Shell Parasite","floor":18,"turns":5},{"damage":11,"enemies":"Colosseum Slavers","floor":20,"turns":4},{"damage":18,"enemies":"Colosseum Nobs","floor":20,"turns":6},{"damage":0,"enemies":"2 Thieves","floor":21,"turns":4},{"damage":24,"enemies":"Shelled Parasite and Fungi","floor":22,"turns":7}],"seed_played":"-4319582141620148813","potions_obtained":[{"floor":2,"key":"Dexterity Potion"},{"floor":6,"key":"GamblersBrew"},{"floor":14,"key":"SteroidPotion"},{"floor":16,"key":"AttackPotion"},{"floor":18,"key":"Block Potion"},{"floor":21,"key":"GhostInAJar"}],"is_trial":false,"path_per_floor":["M","M","?","M","$","E","R","E","T","M","?","R","E","M","R","B",null,"M","?","?","M","M"],"character_chosen":"THE_SILENT","items_purchased":["Dagger Spray"],"campfire_rested":1,"item_purchase_floors":[5],"current_hp_per_floor":[61,60,60,60,60,47,47,29,29,27,20,41,23,23,23,8,55,51,51,22,22,0],"gold":352,"neow_bonus":"REMOVE_CARD","is_prod":false,"is_daily":false,"chose_seed":false,"campfire_upgraded":2,"win_rate":0,"timestamp":1550376330,"path_taken":["M","?","?","M","$","E","R","E","T","M","?","R","E","M","R","BOSS","M","?","?","M","M"],"build_version":"2019-01-23","purchased_purges":1,"victory":false,"max_hp_per_floor":[70,70,70,70,70,70,70,70,70,70,70,70,70,70,70,70,70,70,70,70,70,70],"card_choices":[{"not_picked":["Underhanded Strike","Finisher"],"picked":"Sucker Punch","floor":1},{"not_picked":["Quick Slash","Poisoned Stab"],"picked":"Well Laid Plans","floor":2},{"not_picked":["Blade Dance","PiercingWail"],"picked":"Deadly Poison","floor":4},{"not_picked":["A Thousand Cuts","Dagger Throw"],"picked":"Endless Agony","floor":6},{"not_picked":["Cloak And Dagger","Poisoned Stab"],"picked":"Deadly Poison","floor":8},{"not_picked":["Poisoned Stab","Flechettes","Outmaneuver"],"picked":"SKIP","floor":10},{"not_picked":["Prepared","Caltrops"],"picked":"Glass Knife","floor":12},{"not_picked":["Accuracy","Terror"],"picked":"PiercingWail","floor":13},{"not_picked":["Deflect","Dagger Throw"],"picked":"Well Laid Plans","floor":14},{"not_picked":["A Thousand Cuts","Unload"],"picked":"Wraith Form v2","floor":16},{"not_picked":["Sucker Punch","Heel Hook","Underhanded Strike"],"picked":"SKIP","floor":18},{"not_picked":["Phantasmal Killer","Underhanded Strike+1"],"picked":"Deflect","floor":20},{"not_picked":["Expertise","Underhanded Strike"],"picked":"Acrobatics+1","floor":21}],"player_experience":789591,"relics_obtained":[{"floor":6,"key":"Dream Catcher"},{"floor":8,"key":"Juzu Bracelet"},{"floor":9,"key":"Centennial Puzzle"},{"floor":13,"key":"Nunchaku"},{"floor":20,"key":"FossilizedHelix"},{"floor":20,"key":"Ninja Scroll"}],"event_choices":[{"damage_healed":0,"gold_gain":0,"player_choice":"Trade","damage_taken":0,"relics_obtained":["CultistMask"],"max_hp_gain":0,"max_hp_loss":0,"event_name":"FaceTrader","floor":3,"gold_loss":0},{"cards_removed":["Strike_G"],"damage_healed":0,"gold_gain":0,"player_choice":"Card Removal","damage_taken":7,"max_hp_gain":0,"max_hp_loss":0,"event_name":"Golden Wing","floor":11,"gold_loss":0},{"damage_healed":0,"gold_gain":0,"player_choice":"Ignored","damage_taken":0,"max_hp_gain":0,"max_hp_loss":0,"event_name":"Vampires","floor":19,"gold_loss":0},{"damage_healed":0,"gold_gain":0,"player_choice":"Fight","damage_taken":0,"max_hp_gain":0,"max_hp_loss":0,"event_name":"Colosseum","floor":20,"gold_loss":0},{"damage_healed":0,"gold_gain":0,"player_choice":"Fought Nobs","damage_taken":0,"max_hp_gain":0,"max_hp_loss":0,"event_name":"Colosseum","floor":20,"gold_loss":0}],"is_beta":false,"boss_relics":[{"not_picked":["Black Star","Empty Cage"],"picked":"Velvet Choker"}],"items_purged_floors":[5],"is_endless":false,"potions_floor_spawned":[2,6,14,16,18,20,21],"killed_by":"Shelled Parasite and Fungi","ascension_level":12}