{"gold_per_floor":[116,126,106,117,135,135,166,166,193,231,258,270,282,304,316,328],"floor_reached":16,"playtime":521,"items_purged":[],"score":118,"play_id":"80d41085-8a35-4ad9-8d6d-ddd1ef17a152","local_time":"20190110004358","is_ascension_mode":true,"campfire_choices":[{"data":"Phantasmal Killer","floor":6.0,"key":"SMITH"},{"floor":8.0,"key":"REST"},{"data":"Noxious Fumes","floor":12,"key":"SMITH"},{"floor":15,"key":"REST"}],"neow_cost":"NONE","seed_source_timestamp":52082175697233,"circlet_count":0,"master_deck":["Defend_G","Defend_G","Defend_G","Defend_G","Defend_G","Strike_G","Strike_G","Strike_G","Strike_G","Survivor","Neutralize","Terror","Predator","Dodge and Roll","Phantasmal Killer+1","Deadly Poison","Finisher","Noxious Fumes+1","Acrobatics"],"special_seed":0,"relics":["Ring of the Snake","Anchor","MawBank","Bag of Preparation"],"potions_floor_usage":[],"damage_taken":[{"damage":2.0,"enemies":"Jaw Worm","floor":1.0,"turns":6.0},{"damage":0.0,"enemies":"Cultist","floor":2.0,"turns":4.0},{"damage":1.0,"enemies":"2 Louse","floor":4.0,"turns":3.0},{"damage":16.0,"enemies":"Exordium Thugs","floor":5.0,"turns":6.0},{"damage":21.0,"enemies":"Lagavulin","floor":7.0,"turns":6.0},{"damage":25.0,"enemies":"Gremlin Nob","floor":10.0,"turns":4.0},{"damage":1,"enemies":"Large Slime","floor":11,"turns":3},{"damage":0,"enemies":"Looter","floor":14,"turns":2},{"damage":54,"enemies":"Slime Boss","floor":16,"turns":9}],"seed_played":"8225232511795125260","potions_obtained":[{"floor":2.0,"key":"SteroidPotion"},{"floor":3.0,"key":"SmokeBomb"},{"floor":4.0,"key":"FairyPotion"},{"floor":5.0,"key":"EssenceOfSteel"}],"is_trial":false,"path_per_floor":["M","M","?","M","M","R","E","R","T","E","M","R","?","M","R","B"],"character_chosen":"THE_SILENT","items_purchased":[],"campfire_rested":2,"item_purchase_floors":[],"current_hp_per_floor":[68,68,68,67,51,51,30,51,51,26,25,25,25,25,46,0],"gold":328,"neow_bonus":"REMOVE_CARD","is_prod":false,"is_daily":false,"chose_seed":false,"campfire_upgraded":2,"win_rate":0,"timestamp":1547048638,"path_taken":["M","M","?","M","M","R","E","R","T","E","?","R","?","M","R","BOSS"],"build_version":"2019-01-03v4","purchased_purges":0,"victory":false,"max_hp_per_floor":[70,70,70,70,70,70,70,70,70,70,70,70,70,70,70,70],"card_choices":[{"not_picked":["Sucker Punch","Distraction"],"picked":"Terror","floor":1.0},{"not_picked":["Skewer","Leg Sweep"],"picked":"Predator","floor":2.0},{"not_picked":["Backflip","Eviscerate"],"picked":"Dodge and Roll","floor":4.0},{"not_picked":["Escape Plan","Blade Dance"],"picked":"Phantasmal Killer","floor":5.0},{"not_picked":["Backflip","Setup"],"picked":"Deadly Poison","floor":7.0},{"not_picked":["Flying Knee","Expertise"],"picked":"Finisher","floor":10.0},{"not_picked":["Masterful Stab","Bane"],"picked":"Noxious Fumes","floor":11},{"not_picked":["Flying Knee","Endless Agony"],"picked":"Acrobatics","floor":14}],"player_experience":187731,"relics_obtained":[{"floor":7.0,"key":"Anchor"},{"floor":9.0,"key":"MawBank"},{"floor":10.0,"key":"Bag of Preparation"}],"event_choices":[{"damage_healed":0.0,"max_hp_gain":0.0,"max_hp_loss":0.0,"gold_gain":0.0,"event_name":"The Woman in Blue","player_choice":"Bought 1 Potion","floor":3.0,"gold_loss":0.0,"damage_taken":0.0},{"damage_healed":0,"gold_gain":0,"player_choice":"Ignored","damage_taken":0,"max_hp_gain":0,"max_hp_loss":0,"event_name":"Liars Game","floor":13,"gold_loss":0}],"is_beta":false,"boss_relics":[],"items_purged_floors":[],"is_endless":false,"potions_floor_spawned":[2,4,5,7],"killed_by":"Slime Boss","ascension_level":1}