{"gold_per_floor":[116,116,131,131,149,181,7,40,40,40,40,60,87,104,104,177,177,189,189,205,231,331,331,361,261,261,261,275,293,218,234,234,308,308,328,328,339,214,226,251,251,251,251,279,129,144,155,206,206,206,206,206,206,35,68,68],"floor_reached":56,"playtime":3328,"items_purged":["Strike_R","Bash","Strike_R+1","Strike_R+1"],"score":1890,"play_id":"fb07d7fe-773e-4650-8814-57d075d9c9c9","local_time":"20190211151350","is_ascension_mode":true,"campfire_choices":[{"floor":10.0,"key":"REST"},{"data":"Dark Shackles","floor":15.0,"key":"SMITH"},{"data":"Shockwave","floor":23,"key":"SMITH"},{"floor":27,"key":"REST"},{"data":"Inflame","floor":32,"key":"SMITH"},{"floor":42,"key":"RECALL"},{"floor":49,"key":"REST"},{"floor":53,"key":"REST"}],"neow_cost":"NONE","seed_source_timestamp":0,"circlet_count":0,"master_deck":["AscendersBane","Strike_R+1","Defend_R+1","Defend_R+1","Defend_R+1","Cleave","Inflame+1","Shockwave+1","Impervious+1","Dark Shackles+1","Whirlwind","Shrug It Off+1","Metallicize","Inflame","Feed+1","Twin Strike+1","Iron Wave+1","Whirlwind+1","Reaper+1","Demon Form+1","Pummel+1","Disarm+1","Pummel+1"],"special_seed":0,"relics":["Burning Blood","NeowsBlessing","Whetstone","Nunchaku","Molten Egg 2","Orichalcum","Philosopher\u0027s Stone","Red Mask","Ginger","Kunai","Boot","Frozen Egg 2","Fusion Hammer","Charon\u0027s Ashes","Ancient Tea Set","Calipers","War Paint","Centennial Puzzle"],"potions_floor_usage":[24,31,40,46,50],"damage_taken":[{"damage":0.0,"enemies":"Small Slimes","floor":1.0,"turns":1.0},{"damage":0.0,"enemies":"Jaw Worm","floor":3.0,"turns":1.0},{"damage":0.0,"enemies":"Cultist","floor":5.0,"turns":1.0},{"damage":64.0,"enemies":"Gremlin Nob","floor":6.0,"turns":5.0},{"damage":11.0,"enemies":"Lagavulin","floor":8.0,"turns":7.0},{"damage":17.0,"enemies":"Exordium Thugs","floor":12.0,"turns":4.0},{"damage":20.0,"enemies":"3 Sentries","floor":13.0,"turns":6.0},{"damage":2.0,"enemies":"Looter","floor":14.0,"turns":4.0},{"damage":8.0,"enemies":"The Guardian","floor":16.0,"turns":16.0},{"damage":1.0,"enemies":"3 Byrds","floor":18.0,"turns":5.0},{"damage":0.0,"enemies":"Shell Parasite","floor":20.0,"turns":6.0},{"damage":27.0,"enemies":"Masked Bandits","floor":21.0,"turns":6.0},{"damage":13.0,"enemies":"Colosseum Slavers","floor":22.0,"turns":7.0},{"damage":3.0,"enemies":"Colosseum Nobs","floor":22.0,"turns":3.0},{"damage":42,"enemies":"Slavers","floor":24,"turns":6},{"damage":0,"enemies":"Centurion and Healer","floor":28,"turns":5},{"damage":3,"enemies":"Chosen and Byrds","floor":29,"turns":5},{"damage":6,"enemies":"Snake Plant","floor":31,"turns":6},{"damage":90,"enemies":"Automaton","floor":33,"turns":12},{"damage":0,"enemies":"3 Shapes","floor":35,"turns":4},{"damage":8,"enemies":"Orb Walker","floor":37,"turns":4},{"damage":7,"enemies":"Writhing Mass","floor":39,"turns":5},{"damage":42,"enemies":"Reptomancer","floor":40,"turns":8},{"damage":19,"enemies":"Nemesis","floor":44,"turns":5},{"damage":0,"enemies":"Jaw Worm Horde","floor":46,"turns":1},{"damage":0,"enemies":"Transient","floor":47,"turns":6},{"damage":34,"enemies":"2 Orb Walkers","floor":48,"turns":3},{"damage":43,"enemies":"Awakened One","floor":50,"turns":13},{"damage":47,"enemies":"Time Eater","floor":51,"turns":10},{"damage":107,"enemies":"Shield and Spear","floor":55,"turns":6},{"damage":15,"enemies":"The Heart","floor":56,"turns":2}],"seed_played":"-1169551295515316599","potions_obtained":[{"floor":4.0,"key":"Dexterity Potion"},{"floor":4.0,"key":"PowerPotion"},{"floor":6.0,"key":"Explosive Potion"},{"floor":13.0,"key":"Poison Potion"},{"floor":21.0,"key":"FearPotion"},{"floor":24,"key":"SmokeBomb"},{"floor":29,"key":"GamblersBrew"},{"floor":33,"key":"SkillPotion"},{"floor":35,"key":"AttackPotion"},{"floor":39,"key":"Strength Potion"},{"floor":44,"key":"Explosive Potion"},{"floor":47,"key":"Swift Potion"},{"floor":48,"key":"Dexterity Potion"}],"is_trial":false,"path_per_floor":["M","?","M","?","M","E","$","E","T","R","$","M","E","M","R","B",null,"M","?","M","?","?","R","E","$","T","R","M","M","?","M","R","B",null,"M","?","M","$","M","E","?","R","T","E","$","M","M","?","R","B","B",null,"R","$","E","B"],"character_chosen":"IRONCLAD","items_purchased":["Dark Shackles","War Paint"],"campfire_rested":4,"item_purchase_floors":[7,54],"current_hp_per_floor":[74,79,80,80,80,22,22,17,17,41,41,30,16,20,20,18,65,70,70,80,63,63,63,31,31,31,59,82,97,97,104,104,38,88,98,98,100,100,116,116,110,110,110,97,97,103,110,82,110,73,56,97,110,110,13,0],"gold":68,"neow_bonus":"THREE_ENEMY_KILL","is_prod":false,"is_daily":false,"chose_seed":false,"campfire_upgraded":3,"win_rate":0,"timestamp":1549916030,"path_taken":["M","?","M","?","?","E","?","E","T","R","$","M","E","M","R","BOSS","M","?","M","?","?","R","E","$","T","R","M","M","?","M","R","BOSS","M","?","M","$","M","E","?","R","T","E","$","M","M","?","R","BOSS","BOSS","R","$","E","BOSS"],"build_version":"2019-01-23","purchased_purges":4,"victory":false,"max_hp_per_floor":[75,80,80,80,80,80,80,80,80,80,80,80,80,80,80,80,80,80,80,84,88,92,92,96,96,96,96,100,100,100,104,104,104,104,108,108,112,112,116,116,110,110,110,110,110,110,110,110,110,110,110,110,110,110,114,114],"card_choices":[{"not_picked":["Flame Barrier","Rage"],"picked":"Cleave","floor":1.0},{"not_picked":["Clothesline","Anger"],"picked":"Inflame","floor":3.0},{"not_picked":["Perfected Strike","True Grit"],"picked":"Shockwave","floor":5.0},{"not_picked":["Sword Boomerang","Hemokinesis"],"picked":"Impervious","floor":6.0},{"not_picked":["Shrug It Off","Corruption"],"picked":"Whirlwind","floor":8.0},{"not_picked":["Dual Wield","Combust"],"picked":"Shrug It Off","floor":12.0},{"not_picked":["Pommel Strike+1","Clash+1"],"picked":"Metallicize","floor":13.0},{"not_picked":["Warcry","Blood for Blood+1"],"picked":"Inflame","floor":14.0},{"not_picked":["Reaper+1","Dark Embrace"],"picked":"Feed+1","floor":16.0},{"not_picked":["Perfected Strike+1","Burning Pact"],"picked":"Twin Strike+1","floor":18.0},{"not_picked":["Cleave+1","Power Through"],"picked":"Iron Wave+1","floor":20.0},{"not_picked":["Clothesline+1","Wild Strike+1"],"picked":"Whirlwind+1","floor":21.0},{"not_picked":["Feed+1","Searing Blow+1"],"picked":"Reaper+1","floor":24},{"not_picked":["Anger+1","Body Slam+1","Flex"],"picked":"SKIP","floor":28},{"not_picked":["Reckless Charge+1","Armaments","Sever Soul+1"],"picked":"SKIP","floor":29},{"not_picked":["Dropkick+1","Cleave+1","Power Through"],"picked":"SKIP","floor":31},{"not_picked":["Feed+1","Exhume"],"picked":"Demon Form+1","floor":33},{"not_picked":["Body Slam+1","Sword Boomerang+1","Armaments"],"picked":"SKIP","floor":35},{"not_picked":["Rupture+1","Clothesline+1"],"picked":"Pummel+1","floor":37},{"not_picked":["Spot Weakness","Wild Strike+1","Anger+1"],"picked":"SKIP","floor":39},{"not_picked":["Flame Barrier","Sword Boomerang+1","Headbutt+1"],"picked":"SKIP","floor":40},{"not_picked":["Armaments","Flame Barrier","Brutality+1"],"picked":"SKIP","floor":44},{"not_picked":["Pommel Strike+1","Iron Wave+1"],"picked":"Disarm+1","floor":46},{"not_picked":["Ghostly Armor","Carnage+1","Inflame+1"],"picked":"SKIP","floor":47},{"not_picked":["Wild Strike+1","Flame Barrier"],"picked":"Pummel+1","floor":48},{"not_picked":["Inflame+1","Rampage+1","Whirlwind+1"],"picked":"SKIP","floor":55}],"player_experience":735154,"relics_obtained":[{"floor":6.0,"key":"Whetstone"},{"floor":8.0,"key":"Nunchaku"},{"floor":9.0,"key":"Molten Egg 2"},{"floor":13.0,"key":"Orichalcum"},{"floor":21.0,"key":"Red Mask"},{"floor":22.0,"key":"Ginger"},{"floor":22.0,"key":"Kunai"},{"floor":24,"key":"Boot"},{"floor":26,"key":"Frozen Egg 2"},{"floor":40,"key":"Charon\u0027s Ashes"},{"floor":44,"key":"Ancient Tea Set"},{"floor":48,"key":"Calipers"},{"floor":55,"key":"Centennial Puzzle"}],"event_choices":[{"damage_healed":0.0,"max_hp_gain":5.0,"max_hp_loss":0.0,"gold_gain":0.0,"event_name":"Big Fish","player_choice":"Donut","floor":2.0,"gold_loss":0.0,"damage_taken":0.0},{"damage_healed":0.0,"max_hp_gain":0.0,"max_hp_loss":0.0,"gold_gain":0.0,"event_name":"Lab","player_choice":"Got Potions","floor":4.0,"gold_loss":0.0,"damage_taken":0.0},{"damage_healed":0.0,"max_hp_gain":0.0,"max_hp_loss":0.0,"gold_gain":0.0,"event_name":"Back to Basics","player_choice":"Simplicity","floor":19.0,"gold_loss":0.0,"damage_taken":0.0,"cards_upgraded":["Strike_R","Strike_R","Defend_R","Defend_R","Defend_R","Defend_R"]},{"damage_healed":0.0,"max_hp_gain":0.0,"max_hp_loss":0.0,"gold_gain":0.0,"event_name":"Masked Bandits","player_choice":"Fought Bandits","floor":21.0,"gold_loss":0.0,"damage_taken":0.0},{"damage_healed":0.0,"max_hp_gain":0.0,"max_hp_loss":0.0,"gold_gain":0.0,"event_name":"Colosseum","player_choice":"Fight","floor":22.0,"gold_loss":0.0,"damage_taken":0.0},{"damage_healed":0.0,"max_hp_gain":0.0,"max_hp_loss":0.0,"gold_gain":0.0,"event_name":"Colosseum","player_choice":"Fought Nobs","floor":22.0,"gold_loss":0.0,"damage_taken":0.0},{"cards_removed":["Strike_R"],"damage_healed":0,"gold_gain":0,"player_choice":"Gave Gold","damage_taken":0,"max_hp_gain":0,"max_hp_loss":0,"event_name":"Beggar","floor":30,"gold_loss":75},{"cards_removed":["Defend_R"],"damage_healed":0,"gold_gain":0,"player_choice":"Removed Skill","damage_taken":0,"max_hp_gain":0,"max_hp_loss":0,"event_name":"Falling","floor":36,"gold_loss":0},{"damage_healed":0,"gold_gain":0,"player_choice":"Max HP","damage_taken":0,"max_hp_gain":0,"max_hp_loss":6,"event_name":"Winding Halls","floor":41,"gold_loss":0},{"damage_healed":0,"gold_gain":0,"player_choice":"Fight","damage_taken":0,"max_hp_gain":0,"max_hp_loss":0,"event_name":"Mysterious Sphere","floor":48,"gold_loss":0}],"is_beta":false,"boss_relics":[{"not_picked":["Runic Cube","Lizard Tail"],"picked":"Philosopher\u0027s Stone"},{"not_picked":["Busted Crown","Runic Dome"],"picked":"Fusion Hammer"}],"items_purged_floors":[7,25,38,45],"is_endless":false,"potions_floor_spawned":[5,6,13,21,22,24,29,33,35,39,44,47,48],"killed_by":"The Heart","ascension_level":20}