{"gold_per_floor":[118,131,142,159,159,192,49,49,74,84,84,103,132,32,32,104,104,116,116,136,55,72,72,103,103,103,113,113,128,3,3,3,75,75,93,93],"floor_reached":36,"playtime":1727,"items_purged":["Strike_B","Strike_B","Strike_B"],"score":670,"play_id":"57a6c43e-db16-4817-af83-c130e5db3b68","local_time":"20190210204836","is_ascension_mode":true,"campfire_choices":[{"data":"Zap","floor":8.0,"key":"SMITH"},{"data":"Zap","floor":11.0,"key":"SMITH"},{"data":"Consume","floor":15.0,"key":"SMITH"},{"floor":23.0,"key":"REST"},{"floor":25.0,"key":"REST"},{"floor":32.0,"key":"REST"}],"neow_cost":"NONE","seed_source_timestamp":30183807778661,"circlet_count":0,"master_deck":["AscendersBane","Strike_B","Defend_B","Defend_B","Defend_B","Defend_B","Zap+1","Dualcast","Rebound","Conserve Battery","Cold Snap","Ball Lightning","Zap+1","Rainbow","Self Repair","Electrodynamics","Consume+1","Core Surge","Defragment","White Noise","Capacitor","Coolheaded+1","Coolheaded","Thunder Strike","Capacitor","Leap","Reboot","BootSequence+1","Turbo","Leap","Redo","Stack+1"],"special_seed":0,"relics":["Cracked Core","Bag of Preparation","Regal Pillow","Happy Flower","Centennial Puzzle","Bottled Flame","Orrery"],"potions_floor_usage":[],"damage_taken":[{"damage":1.0,"enemies":"2 Louse","floor":1.0,"turns":2.0},{"damage":0.0,"enemies":"Cultist","floor":2.0,"turns":2.0},{"damage":0.0,"enemies":"Small Slimes","floor":3.0,"turns":3.0},{"damage":6.0,"enemies":"Exordium Thugs","floor":4.0,"turns":5.0},{"damage":8.0,"enemies":"Lagavulin","floor":6.0,"turns":6.0},{"damage":0.0,"enemies":"3 Louse","floor":10.0,"turns":2.0},{"damage":0.0,"enemies":"Looter","floor":12.0,"turns":2.0},{"damage":9.0,"enemies":"Gremlin Nob","floor":13.0,"turns":3.0},{"damage":5.0,"enemies":"Slime Boss","floor":16.0,"turns":7.0},{"damage":11.0,"enemies":"Shell Parasite","floor":18.0,"turns":5.0},{"damage":32.0,"enemies":"2 Thieves","floor":20.0,"turns":3.0},{"damage":22.0,"enemies":"Sentry and Sphere","floor":22.0,"turns":5.0},{"damage":39.0,"enemies":"Slavers","floor":24.0,"turns":3.0},{"damage":35.0,"enemies":"Chosen and Byrds","floor":27.0,"turns":5.0},{"damage":20.0,"enemies":"Snake Plant","floor":29.0,"turns":4.0},{"damage":22,"enemies":"Champ","floor":33,"turns":12},{"damage":57,"enemies":"3 Darklings","floor":35,"turns":7},{"damage":13,"enemies":"Orb Walker","floor":36,"turns":2}],"seed_played":"-9197840255109057046","potions_obtained":[{"floor":0.0,"key":"Weak Potion"},{"floor":0.0,"key":"EssenceOfSteel"},{"floor":1.0,"key":"Block Potion"},{"floor":10.0,"key":"Explosive Potion"},{"floor":13.0,"key":"GamblersBrew"},{"floor":20.0,"key":"SpeedPotion"},{"floor":24.0,"key":"Swift Potion"},{"floor":27.0,"key":"Dexterity Potion"}],"is_trial":false,"path_per_floor":["M","M","M","M","?","E","$","R","T","M","R","M","E","$","R","B",null,"M","?","M","$","M","R","E","R","T","M","?","M","$","?","R","B",null,"M","M"],"character_chosen":"DEFECT","items_purchased":["Self Repair","Capacitor"],"campfire_rested":3,"item_purchase_floors":[7,21],"current_hp_per_floor":[63,63,63,57,57,49,49,49,49,56,56,63,54,54,54,56,67,63,63,31,31,16,52,20,56,56,28,28,8,8,8,44,29,61,11,0],"gold":93,"neow_bonus":"THREE_SMALL_POTIONS","is_prod":false,"is_daily":false,"chose_seed":false,"campfire_upgraded":3,"win_rate":0,"timestamp":1549799316,"path_taken":["M","M","M","M","?","E","$","R","T","?","R","M","E","$","R","BOSS","M","?","M","$","M","R","E","R","T","M","?","?","?","?","R","BOSS","M","M"],"build_version":"2019-01-23","purchased_purges":3,"victory":false,"max_hp_per_floor":[71,71,71,71,71,71,71,71,71,71,71,71,71,71,71,71,71,71,71,71,71,71,71,71,71,71,71,71,71,71,71,71,71,71,71,71],"card_choices":[{"not_picked":["Redo","White Noise"],"picked":"Rebound","floor":1.0},{"not_picked":["Skim","Hologram"],"picked":"Conserve Battery","floor":2.0},{"not_picked":["Hologram","Loop"],"picked":"Cold Snap","floor":3.0},{"not_picked":["Barrage","Storm"],"picked":"Ball Lightning","floor":4.0},{"not_picked":["Melter","Stack"],"picked":"Rainbow","floor":6.0},{"not_picked":["Rebound","Compile Driver","Cold Snap"],"picked":"SKIP","floor":10.0},{"not_picked":["Turbo","Rebound"],"picked":"Electrodynamics","floor":12.0},{"not_picked":["Meteor Strike","Skim"],"picked":"Consume","floor":13.0},{"not_picked":["Electrodynamics","Reboot"],"picked":"Core Surge","floor":16.0},{"not_picked":["White Noise","Steam"],"picked":"Defragment","floor":18.0},{"not_picked":["Force Field","Gash"],"picked":"White Noise","floor":20.0},{"not_picked":["Rebound","Hologram"],"picked":"Coolheaded+1","floor":22.0},{"not_picked":["Gash","Sweeping Beam"],"picked":"Coolheaded","floor":24.0},{"not_picked":["Self Repair","Streamline"],"picked":"Thunder Strike","floor":27.0},{"not_picked":["Ball Lightning+1","Genetic Algorithm"],"picked":"Leap","floor":29.0},{"not_picked":["All For One","Creative AI"],"picked":"Reboot","floor":33},{"not_picked":["Genetic Algorithm","Cold Snap"],"picked":"BootSequence+1","floor":34},{"not_picked":["Beam Cell","Conserve Battery+1"],"picked":"Turbo","floor":34},{"not_picked":["Redo","Doom and Gloom"],"picked":"Leap","floor":34},{"not_picked":["Double Energy","Reprogram"],"picked":"Redo","floor":34},{"not_picked":["Coolheaded","Go for the Eyes"],"picked":"Stack+1","floor":35}],"player_experience":328086,"relics_obtained":[{"floor":6.0,"key":"Bag of Preparation"},{"floor":9.0,"key":"Regal Pillow"},{"floor":13.0,"key":"Happy Flower"},{"floor":24.0,"key":"Centennial Puzzle"},{"floor":26.0,"key":"Bottled Flame"}],"event_choices":[{"damage_healed":0.0,"max_hp_gain":0.0,"max_hp_loss":0.0,"gold_gain":0.0,"event_name":"Match and Keep!","player_choice":"1 cards matched","floor":5.0,"gold_loss":0.0,"damage_taken":0.0,"cards_obtained":["Zap"]},{"damage_healed":0.0,"max_hp_gain":0.0,"max_hp_loss":0.0,"gold_gain":0.0,"event_name":"The Mausoleum","player_choice":"Ignored","floor":19.0,"gold_loss":0.0,"damage_taken":0.0},{"damage_healed":0.0,"max_hp_gain":0.0,"max_hp_loss":0.0,"gold_gain":0.0,"event_name":"Duplicator","player_choice":"Copied","floor":28.0,"gold_loss":0.0,"damage_taken":0.0,"cards_obtained":["Capacitor"]},{"damage_healed":0.0,"max_hp_gain":0.0,"max_hp_loss":0.0,"gold_gain":0.0,"event_name":"Vampires","player_choice":"Ignored","floor":31.0,"gold_loss":0.0,"damage_taken":0.0}],"is_beta":false,"boss_relics":[{"not_picked":["Calling Bell","Coffee Dripper","Snecko Eye"]},{"not_picked":["Runic Dome","Fusion Hammer"],"picked":"Orrery"}],"items_purged_floors":[7,14,30],"is_endless":false,"potions_floor_spawned":[1,2,10,13,20,24,27],"killed_by":"Orb Walker","ascension_level":14}