{"gold_per_floor":[110,110,35,35,47,47,78,33,33,33,52,52,52,72,72,176,176,189,189,14,14,14,14,40,55,82,82,94,94,94,94],"floor_reached":31,"playtime":1108,"items_purged":["Strike_R","Strike_R"],"score":366,"play_id":"292c65a7-a64a-4d1f-bfe9-6230fb8a8fc9","local_time":"20181024105348","is_ascension_mode":true,"campfire_choices":[{"data":"Bash","floor":6,"key":"SMITH"},{"data":"Heavy Blade","floor":10,"key":"SMITH"},{"floor":13,"key":"REST"},{"data":"Spot Weakness","floor":15,"key":"SMITH"},{"data":"RitualDagger","floor":23,"key":"SMITH"},{"floor":29,"key":"REST"}],"neow_cost":"PERCENT_DAMAGE","seed_source_timestamp":752313508254518,"circlet_count":0,"master_deck":["Strike_R","Strike_R","Strike_R","Defend_R+1","Defend_R","Defend_R+1","Defend_R","Bash+1","Feed","Heavy Blade+1","Spot Weakness+1","Reaper","RitualDagger+1","Battle Trance","Inflame","Rampage"],"relics":["Burning Blood","Omamori","War Paint","Bottled Flame","Runic Dome","Letter Opener","Boot","Centennial Puzzle","Magic Flower"],"potions_floor_usage":[7,7,12,24,28],"damage_taken":[{"damage":2,"enemies":"Jaw Worm","floor":1,"turns":3},{"damage":6,"enemies":"2 Louse","floor":5,"turns":3},{"damage":28,"enemies":"3 Sentries","floor":7,"turns":10},{"damage":12,"enemies":"Small Slimes","floor":11,"turns":4},{"damage":36,"enemies":"Lagavulin","floor":12,"turns":6},{"damage":15,"enemies":"Red Slaver","floor":14,"turns":4},{"damage":21,"enemies":"Hexaghost","floor":16,"turns":6},{"damage":4,"enemies":"Shell Parasite","floor":18,"turns":3},{"damage":105,"enemies":"Gremlin Leader","floor":24,"turns":5},{"damage":16,"enemies":"Spheric Guardian","floor":25,"turns":4},{"damage":13,"enemies":"Snecko","floor":28,"turns":3},{"damage":50,"enemies":"Shelled Parasite and Fungi","floor":31,"turns":3}],"seed_played":"2517507674835553352","potions_obtained":[{"floor":1,"key":"SkillPotion"},{"floor":4,"key":"Block Potion"},{"floor":4,"key":"SmokeBomb"},{"floor":14,"key":"FearPotion"},{"floor":16,"key":"SkillPotion"},{"floor":24,"key":"Weak Potion"},{"floor":25,"key":"Explosive Potion"}],"is_trial":false,"path_per_floor":["M","?","$","?","M","R","E","$","T","R","M","E","R","M","R","B",null,"M","?","$","?","T","R","E","M","T","?","M","R","?"],"character_chosen":"IRONCLAD","items_purchased":["Heavy Blade","Battle Trance"],"campfire_rested":2,"item_purchase_floors":[8,20],"current_hp_per_floor":[63,60,60,60,63,63,44,44,44,44,41,11,38,32,32,20,98,98,92,92,92,92,92,23,16,16,16,9,40,40,0],"gold":94,"neow_bonus":"THREE_RARE_CARDS","is_prod":false,"is_daily":false,"chose_seed":false,"campfire_upgraded":4,"win_rate":0,"timestamp":1540392828,"path_taken":["M","?","$","?","M","R","E","?","T","R","?","E","R","M","R","BOSS","M","?","$","?","?","R","E","M","T","?","?","R","?","M"],"build_version":"2018-10-18","purchased_purges":2,"victory":false,"max_hp_per_floor":[83,83,83,83,86,86,89,89,89,89,92,92,92,95,95,98,98,98,98,98,98,98,98,101,104,104,104,104,104,104,104],"card_choices":[{"not_picked":["Bludgeon","Demon Form"],"picked":"Feed","floor":0},{"not_picked":["Flame Barrier","Hemokinesis","Anger"],"picked":"SKIP","floor":1},{"not_picked":["Cleave","Feel No Pain","Sword Boomerang"],"picked":"SKIP","floor":5},{"not_picked":["Fire Breathing","Fiend Fire","Perfected Strike"],"picked":"SKIP","floor":7},{"not_picked":["Rupture","Armaments","Second Wind"],"picked":"SKIP","floor":11},{"not_picked":["Shockwave","Clash"],"picked":"Spot Weakness","floor":14},{"not_picked":["Juggernaut","Barricade"],"picked":"Reaper","floor":16},{"not_picked":["Dual Wield","Bloodletting","Sentinel"],"picked":"SKIP","floor":18},{"not_picked":["Headbutt","Twin Strike"],"picked":"Rampage","floor":24},{"not_picked":["Flex","Intimidate","Second Wind"],"picked":"SKIP","floor":25},{"not_picked":["Armaments","Sever Soul+1","Headbutt"],"picked":"SKIP","floor":28}],"player_experience":225239,"relics_obtained":[{"floor":7,"key":"War Paint"},{"floor":9,"key":"Bottled Flame"},{"floor":22,"key":"Letter Opener"},{"floor":24,"key":"Boot"},{"floor":26,"key":"Centennial Puzzle"}],"event_choices":[{"damage_healed":0,"gold_gain":0,"player_choice":"Success","damage_taken":3,"relics_obtained":["Omamori"],"max_hp_gain":0,"max_hp_loss":0,"event_name":"Scrap Ooze","floor":2,"gold_loss":0},{"damage_healed":0,"gold_gain":0,"player_choice":"Got Potions","damage_taken":0,"max_hp_gain":0,"max_hp_loss":0,"event_name":"The Lab","floor":4,"gold_loss":0},{"damage_healed":0,"gold_gain":0,"player_choice":"Joined the Cult","damage_taken":6,"max_hp_gain":0,"max_hp_loss":0,"event_name":"Nest","floor":19,"gold_loss":0,"cards_obtained":["RitualDagger"]},{"damage_healed":0,"gold_gain":0,"player_choice":"Read","damage_taken":0,"max_hp_gain":0,"max_hp_loss":0,"event_name":"The Library","floor":21,"gold_loss":0,"cards_obtained":["Inflame"]},{"damage_healed":0,"gold_gain":0,"player_choice":"Smashed Altar","damage_taken":0,"max_hp_gain":0,"max_hp_loss":0,"event_name":"Forgotten Altar","floor":27,"gold_loss":0,"cards_obtained":["Decay"]},{"damage_healed":0,"gold_gain":0,"player_choice":"Stole Relic","damage_taken":0,"relics_obtained":["Magic Flower"],"max_hp_gain":0,"max_hp_loss":0,"event_name":"Addict","floor":30,"gold_loss":0,"cards_obtained":["Shame"]}],"is_beta":false,"boss_relics":[{"not_picked":["Snecko Eye","Philosopher\u0027s Stone"],"picked":"Runic Dome"}],"items_purged_floors":[3,20],"is_endless":false,"potions_floor_spawned":[1,12,14,16,24,25],"killed_by":"Shelled Parasite and Fungi","ascension_level":4}