{"gold_per_floor":[110,110,122,122,139,139,171,188,188,204,43,43,60,73,73,150,150,165,165],"floor_reached":19,"playtime":1318,"items_purged":[],"score":308,"play_id":"6ab94c79-06fb-499d-b3a7-ff7b1546700a","local_time":"20190301212844","is_ascension_mode":true,"campfire_choices":[{"floor":6.0,"key":"REST"},{"data":"Body Slam","floor":12,"key":"SMITH"},{"data":"Barricade","floor":15,"key":"SMITH"}],"neow_cost":"PERCENT_DAMAGE","seed_source_timestamp":177772934795137,"circlet_count":0,"master_deck":["AscendersBane","Strike_R","Strike_R","Strike_R","Defend_R","Defend_R","Defend_R","Defend_R","Bash","Barricade+1","Inflame","Shrug It Off","Body Slam+1","Reaper"],"special_seed":0,"relics":["Burning Blood","Bag of Marbles","Paper Frog","Busted Crown"],"potions_floor_usage":[7,16,16,19,19],"damage_taken":[{"damage":10.0,"enemies":"Jaw Worm","floor":1.0,"turns":6.0},{"damage":4.0,"enemies":"Small Slimes","floor":3.0,"turns":5.0},{"damage":25.0,"enemies":"Cultist","floor":5.0,"turns":7.0},{"damage":20,"enemies":"Gremlin Nob","floor":7,"turns":4},{"damage":7,"enemies":"Looter","floor":8,"turns":5},{"damage":7,"enemies":"3 Louse","floor":10,"turns":6},{"damage":22,"enemies":"Large Slime","floor":13,"turns":8},{"damage":16,"enemies":"Lots of Slimes","floor":14,"turns":4},{"damage":17,"enemies":"The Guardian","floor":16,"turns":11},{"damage":14,"enemies":"Shell Parasite","floor":18,"turns":6},{"damage":89,"enemies":"Masked Bandits","floor":19,"turns":5}],"seed_played":"-4914592498567253719","potions_obtained":[{"floor":5.0,"key":"Poison Potion"},{"floor":7,"key":"Regen Potion"},{"floor":10,"key":"SpeedPotion"},{"floor":13,"key":"EssenceOfSteel"},{"floor":16,"key":"Ancient Potion"},{"floor":18,"key":"SteroidPotion"}],"is_trial":false,"path_per_floor":["M","?","M","?","M","R","E","M","T","M","$","R","M","M","R","B",null,"M","?"],"character_chosen":"IRONCLAD","items_purchased":["Reaper"],"campfire_rested":1,"item_purchase_floors":[11],"current_hp_per_floor":[46,39,41,41,22,44,30,29,29,28,28,28,23,48,48,59,71,72,0],"gold":165,"neow_bonus":"THREE_RARE_CARDS","is_prod":false,"is_daily":false,"chose_seed":false,"campfire_upgraded":2,"win_rate":0,"timestamp":1551504524,"path_taken":["M","?","M","?","M","R","E","M","T","M","$","R","?","M","R","BOSS","M","?"],"build_version":"2019-01-23","purchased_purges":0,"victory":false,"max_hp_per_floor":[75,75,75,75,75,75,75,75,75,75,75,75,75,75,75,75,75,75,75],"card_choices":[{"not_picked":["Demon Form","Offering"],"picked":"Barricade","floor":0.0},{"not_picked":["Clothesline","Dropkick","Thunderclap"],"picked":"SKIP","floor":1.0},{"not_picked":["Power Through","Warcry"],"picked":"Inflame","floor":3.0},{"not_picked":["Intimidate","Rupture","Sword Boomerang"],"picked":"SKIP","floor":5.0},{"not_picked":["Clothesline","Bloodletting","Infernal Blade"],"picked":"SKIP","floor":7},{"not_picked":["Warcry","Evolve"],"picked":"Shrug It Off","floor":8},{"not_picked":["Ghostly Armor","Iron Wave"],"picked":"Body Slam","floor":10},{"not_picked":["Perfected Strike","Pommel Strike","Combust"],"picked":"SKIP","floor":13},{"not_picked":["Cleave","Warcry","Wild Strike"],"picked":"SKIP","floor":14},{"not_picked":["Corruption"],"picked":"SKIP","floor":18}],"player_experience":565093,"relics_obtained":[{"floor":7,"key":"Bag of Marbles"},{"floor":9,"key":"Paper Frog"}],"event_choices":[{"cards_removed":["Strike_R"],"damage_healed":0.0,"max_hp_gain":0.0,"max_hp_loss":0.0,"gold_gain":0.0,"event_name":"Golden Wing","player_choice":"Card Removal","floor":2.0,"gold_loss":0.0,"damage_taken":7.0},{"cards_removed":["Strike_R"],"damage_healed":0.0,"max_hp_gain":0.0,"max_hp_loss":0.0,"gold_gain":0.0,"event_name":"Bonfire Elementals","player_choice":"Offered Basic","floor":4.0,"gold_loss":0.0,"damage_taken":0.0},{"damage_healed":0,"gold_gain":0,"player_choice":"Fought Bandits","damage_taken":0,"max_hp_gain":0,"max_hp_loss":0,"event_name":"Masked Bandits","floor":19,"gold_loss":0}],"is_beta":false,"boss_relics":[{"not_picked":["Sozu","Snecko Eye"],"picked":"Busted Crown"}],"items_purged_floors":[],"is_endless":false,"potions_floor_spawned":[5,7,10,13,16,18],"killed_by":"Masked Bandits","ascension_level":16}