{"gold_per_floor":[118,130,55,72,89,89,89,89,89,89,103,3,17,32,32,135,135,155,165,0,0,0,0,18,18,18,18,48,67,67,67],"floor_reached":31,"playtime":1007,"items_purged":["Strike_G","Strike_G"],"score":272,"play_id":"d10f3602-f8ef-461e-ba1c-239d2c692cbc","local_time":"20190203203657","is_ascension_mode":false,"campfire_choices":[{"data":"Neutralize","floor":6,"key":"SMITH"},{"data":"Terror","floor":8,"key":"SMITH"},{"data":"Acrobatics","floor":10,"key":"SMITH"},{"data":"Dagger Throw","floor":15,"key":"SMITH"},{"data":"The Bomb","floor":23,"key":"SMITH"},{"floor":27,"key":"REST"}],"neow_cost":"NONE","seed_source_timestamp":1454771498443756,"circlet_count":0,"master_deck":["Defend_G","Defend_G","Defend_G","Defend_G","Defend_G","Survivor","Neutralize+1","Acrobatics+1","Terror+1","Calculated Gamble","Escape Plan","Dagger Throw+1","A Thousand Cuts","The Bomb+1","Bite","Bite","Bite","Bite","Bite","Swift Strike","Flash of Steel"],"relics":["Busted Crown"],"potions_floor_usage":[16,19,28],"damage_taken":[{"damage":0,"enemies":"Jaw Worm","floor":1,"turns":4},{"damage":0,"enemies":"2 Louse","floor":2,"turns":4},{"damage":5,"enemies":"Small Slimes","floor":4,"turns":4},{"damage":0,"enemies":"Exordium Wildlife","floor":5,"turns":5},{"damage":14,"enemies":"Exordium Thugs","floor":11,"turns":5},{"damage":0,"enemies":"2 Fungi Beasts","floor":13,"turns":2},{"damage":0,"enemies":"Blue Slaver","floor":14,"turns":3},{"damage":28,"enemies":"Slime Boss","floor":16,"turns":8},{"damage":13,"enemies":"Shell Parasite","floor":18,"turns":4},{"damage":11,"enemies":"3 Byrds","floor":19,"turns":4},{"damage":26,"enemies":"Shelled Parasite and Fungi","floor":24,"turns":4},{"damage":30,"enemies":"Book of Stabbing","floor":28,"turns":6},{"damage":8,"enemies":"3 Cultists","floor":29,"turns":5},{"damage":16,"enemies":"Snake Plant","floor":31,"turns":2}],"seed_played":"6127464033290473974","potions_obtained":[{"floor":4,"key":"Explosive Potion"},{"floor":5,"key":"Weak Potion"},{"floor":14,"key":"Fire Potion"},{"floor":29,"key":"FearPotion"}],"is_trial":false,"path_per_floor":["M","M","$","M","M","R","$","R","T","R","M","$","M","M","R","B",null,"M","M","$","?","?","R","M","?","T","R","E","M","?","M"],"character_chosen":"THE_SILENT","items_purchased":["The Bomb"],"campfire_rested":1,"item_purchase_floors":[20],"current_hp_per_floor":[70,70,70,65,65,65,65,65,65,65,51,51,51,51,51,23,70,57,46,46,46,37,37,23,16,16,32,20,30,12,0],"gold":67,"neow_bonus":"BOSS_RELIC","is_prod":false,"is_daily":false,"chose_seed":false,"campfire_upgraded":5,"win_rate":0,"timestamp":1549244217,"path_taken":["M","M","$","M","M","R","$","R","T","R","M","$","M","M","R","BOSS","M","M","$","?","?","R","M","?","T","R","E","?","?","M"],"build_version":"2019-01-23","purchased_purges":2,"victory":false,"max_hp_per_floor":[70,70,70,70,70,70,70,70,70,70,70,70,70,70,70,70,70,70,70,70,49,49,49,49,54,54,54,54,54,54,54],"card_choices":[{"not_picked":[],"picked":"Acrobatics","floor":1},{"not_picked":[],"picked":"Terror","floor":2},{"not_picked":[],"picked":"Calculated Gamble","floor":4},{"not_picked":[],"picked":"Escape Plan","floor":5},{"not_picked":[],"picked":"Dagger Throw","floor":11},{"not_picked":["Choke"],"picked":"SKIP","floor":13},{"not_picked":["Deadly Poison"],"picked":"SKIP","floor":14},{"not_picked":[],"picked":"A Thousand Cuts","floor":16},{"not_picked":["Underhanded Strike"],"picked":"SKIP","floor":18},{"not_picked":["Reflex"],"picked":"SKIP","floor":19},{"not_picked":["Underhanded Strike"],"picked":"SKIP","floor":24},{"not_picked":["Caltrops"],"picked":"SKIP","floor":28},{"not_picked":["Outmaneuver"],"picked":"SKIP","floor":29}],"player_experience":659840,"relics_obtained":[],"event_choices":[{"damage_healed":0,"gold_gain":0,"player_choice":"Became a vampire","damage_taken":0,"max_hp_gain":0,"max_hp_loss":21,"event_name":"Vampires","floor":21,"gold_loss":0,"cards_obtained":["Bite","Bite","Bite","Bite","Bite"]},{"damage_healed":0,"gold_gain":0,"player_choice":"Stopped","damage_taken":9,"max_hp_gain":0,"max_hp_loss":0,"event_name":"Cursed Tome","floor":22,"gold_loss":0},{"damage_healed":0,"gold_gain":0,"player_choice":"Shed Blood","damage_taken":12,"max_hp_gain":5,"max_hp_loss":0,"event_name":"Forgotten Altar","floor":25,"gold_loss":0},{"damage_healed":0,"gold_gain":0,"player_choice":"CARD CARD ","damage_taken":18,"max_hp_gain":0,"max_hp_loss":0,"event_name":"Knowing Skull","floor":30,"potions_obtained":[],"gold_loss":0,"cards_obtained":["Swift Strike","Flash of Steel"]}],"is_beta":false,"boss_relics":[{"not_picked":["Lizard Tail","Calling Bell","Mark of Pain"]}],"items_purged_floors":[3,12],"is_endless":false,"potions_floor_spawned":[4,5,14,29],"killed_by":"Snake Plant","ascension_level":0}