{"gold_per_floor":[117,42,42,52,62,62,74,74,74,85,360,370,403,414,414,414],"floor_reached":16,"playtime":468,"items_purged":["Strike_B"],"score":125,"play_id":"6f825c4e-4d11-4be1-8fd5-501ba0204c31","local_time":"20190107171925","is_ascension_mode":true,"campfire_choices":[{"data":"Sunder","floor":6,"key":"SMITH"},{"data":"Defragment","floor":8,"key":"SMITH"},{"data":"Consume","floor":15,"key":"SMITH"}],"neow_cost":"TEN_PERCENT_HP_LOSS","seed_source_timestamp":1522674374087868,"circlet_count":0,"master_deck":["Strike_B","Defend_B","Defend_B","Defend_B","Defend_B","Zap","Dualcast","Steam","Sunder+1","Beam Cell","Beam Cell","Defragment+1","FTL","Consume+1","Regret","Gash","Sweeping Beam+1","Biased Cognition"],"relics":["Cracked Core","Shuriken","Incense Burner","Molten Egg 2"],"potions_floor_usage":[10],"damage_taken":[{"damage":6,"enemies":"Cultist","floor":1,"turns":3},{"damage":1,"enemies":"2 Louse","floor":4,"turns":2},{"damage":0,"enemies":"Jaw Worm","floor":5,"turns":1},{"damage":0,"enemies":"3 Louse","floor":7,"turns":2},{"damage":0,"enemies":"Lots of Slimes","floor":10,"turns":1},{"damage":3,"enemies":"Exordium Wildlife","floor":12,"turns":3},{"damage":8,"enemies":"3 Sentries","floor":13,"turns":5},{"damage":15,"enemies":"2 Fungi Beasts","floor":14,"turns":3},{"damage":36,"enemies":"The Guardian","floor":16,"turns":8}],"seed_played":"-4841024693633838520","potions_obtained":[{"floor":5,"key":"Strength Potion"},{"floor":7,"key":"Explosive Potion"},{"floor":14,"key":"SkillPotion"}],"is_trial":false,"path_per_floor":["M","$","T","M","M","R","M","R","T","M","?","M","E","M","R","B"],"character_chosen":"DEFECT","items_purchased":[],"campfire_rested":0,"item_purchase_floors":[],"current_hp_per_floor":[62,62,62,61,61,61,61,61,61,61,61,58,50,35,35,0],"gold":414,"neow_bonus":"TRANSFORM_TWO_CARDS","is_prod":false,"is_daily":false,"chose_seed":false,"campfire_upgraded":3,"win_rate":0,"timestamp":1546899565,"path_taken":["M","?","?","M","M","R","M","R","T","M","?","?","E","?","R","BOSS"],"build_version":"2019-01-03v4","purchased_purges":1,"victory":false,"max_hp_per_floor":[68,68,68,68,68,68,68,68,68,68,68,68,68,68,68,68],"card_choices":[{"not_picked":["Sweeping Beam","Stack"],"picked":"Beam Cell","floor":1},{"not_picked":["Gash","Redo"],"picked":"Beam Cell","floor":4},{"not_picked":["Steam","Capacitor"],"picked":"Defragment","floor":5},{"not_picked":["Sunder","Gash"],"picked":"FTL","floor":7},{"not_picked":["Beam Cell","Genetic Algorithm"],"picked":"Consume","floor":10},{"not_picked":["Genetic Algorithm","Skim"],"picked":"Gash","floor":12},{"not_picked":["Leap","Barrage"],"picked":"Sweeping Beam","floor":13},{"not_picked":["BootSequence","Coolheaded"],"picked":"Biased Cognition","floor":14}],"player_experience":333978,"relics_obtained":[{"floor":3,"key":"Shuriken"},{"floor":9,"key":"Incense Burner"},{"floor":13,"key":"Molten Egg 2"}],"event_choices":[{"damage_healed":0,"gold_gain":275,"player_choice":"Desecrate","damage_taken":0,"max_hp_gain":0,"max_hp_loss":0,"event_name":"Golden Shrine","floor":11,"gold_loss":0,"cards_obtained":["Regret"]}],"is_beta":false,"boss_relics":[],"items_purged_floors":[2],"is_endless":false,"potions_floor_spawned":[5,7,14],"killed_by":"The Guardian","ascension_level":4}