{"gold_per_floor":[363,363,376,396,412,412,439,439,517,517,5,31,45,45,45,143,143,153,353,78,90,107,133,146,175,200,200,215,215,230,241,241,345,345,355,99,1098,405,417,417,436,470,495,495,524,524,524,535,535,535,535,535,165,193,193],"floor_reached":55,"playtime":2658,"items_purged":["Strike_G","Strike_G","Normality","Normality"],"score":1213,"play_id":"ec635d03-53c5-419c-8008-1f65d1ab415a","local_time":"20190220104109","is_ascension_mode":true,"campfire_choices":[{"data":"Footwork","floor":6,"key":"SMITH"},{"data":"Noxious Fumes","floor":10,"key":"SMITH"},{"data":"Catalyst","floor":15,"key":"SMITH"},{"floor":27,"key":"REST"},{"data":"Wraith Form v2","floor":29,"key":"SMITH"},{"data":"Leg Sweep","floor":32,"key":"SMITH"},{"data":"Malaise","floor":40,"key":"SMITH"},{"floor":44,"key":"RECALL"},{"data":"Phantasmal Killer","floor":47,"key":"SMITH"},{"data":"Malaise","floor":49,"key":"SMITH"},{"data":"Doppelganger","floor":52,"key":"SMITH"}],"neow_cost":"TEN_PERCENT_HP_LOSS","seed_source_timestamp":84136970310215,"circlet_count":0,"master_deck":["AscendersBane","Defend_G","Defend_G","Defend_G","Defend_G","Defend_G","Strike_G","Survivor","Neutralize","Poisoned Stab","Impatience","Neutralize","Footwork+1","Poisoned Stab","Noxious Fumes+1","Doppelganger+1","Catalyst+1","Wraith Form v2+1","PiercingWail","Dagger Spray","Terror+1","Crippling Poison","Finisher","Injury","Leg Sweep+1","Endless Agony","Malaise+1","Malaise+1","Writhe","Phantasmal Killer+1","Dash","Blur+1","Well Laid Plans","Catalyst+1"],"relics":["Ring of the Snake","Du-Vu Doll","Gremlin Horn","Ninja Scroll","Shuriken","Orichalcum","Cursed Key","OrangePellets","Mummified Hand","Tingsha","Bag of Marbles","Eternal Feather","PreservedInsect","TwistedFunnel","Lantern","Blood Vial","Sundial","Blue Candle","Bronze Scales","Pen Nib"],"potions_floor_usage":[7,13,21,23,24,25,33,55,55],"damage_taken":[{"damage":0,"enemies":"2 Louse","floor":1,"turns":3},{"damage":0,"enemies":"Cultist","floor":3,"turns":4},{"damage":1,"enemies":"Jaw Worm","floor":4,"turns":4},{"damage":2,"enemies":"Red Slaver","floor":5,"turns":4},{"damage":14,"enemies":"Gremlin Nob","floor":7,"turns":4},{"damage":9,"enemies":"Lagavulin","floor":12,"turns":5},{"damage":14,"enemies":"Large Slime","floor":13,"turns":4},{"damage":6,"enemies":"The Guardian","floor":16,"turns":7},{"damage":0,"enemies":"Chosen","floor":18,"turns":4},{"damage":3,"enemies":"Shell Parasite","floor":21,"turns":5},{"damage":4,"enemies":"Centurion and Healer","floor":22,"turns":5},{"damage":7,"enemies":"Book of Stabbing","floor":23,"turns":5},{"damage":10,"enemies":"Snecko","floor":24,"turns":4},{"damage":19,"enemies":"Slavers","floor":25,"turns":5},{"damage":0,"enemies":"Snake Plant","floor":28,"turns":3},{"damage":0,"enemies":"3 Cultists","floor":30,"turns":3},{"damage":1,"enemies":"Snecko","floor":31,"turns":3},{"damage":12,"enemies":"Collector","floor":33,"turns":6},{"damage":0,"enemies":"3 Shapes","floor":35,"turns":1},{"damage":0,"enemies":"Orb Walker","floor":39,"turns":1},{"damage":0,"enemies":"Writhing Mass","floor":41,"turns":6},{"damage":20,"enemies":"Giant Head","floor":42,"turns":7},{"damage":15,"enemies":"Nemesis","floor":45,"turns":3},{"damage":16,"enemies":"Maw","floor":48,"turns":4},{"damage":43,"enemies":"Time Eater","floor":50,"turns":13},{"damage":30,"enemies":"Shield and Spear","floor":54,"turns":9},{"damage":45,"enemies":"The Heart","floor":55,"turns":3}],"seed_played":"4074025722424675860","potions_obtained":[{"floor":3,"key":"Strength Potion"},{"floor":7,"key":"GamblersBrew"},{"floor":12,"key":"EssenceOfSteel"},{"floor":13,"key":"GhostInAJar"},{"floor":21,"key":"Fruit Juice"},{"floor":23,"key":"LiquidBronze"},{"floor":25,"key":"Poison Potion"},{"floor":28,"key":"Weak Potion"},{"floor":35,"key":"SpeedPotion"},{"floor":48,"key":"Ancient Potion"}],"is_trial":false,"path_per_floor":["M","?","M","M","M","R","E","?","T","R","$","E","M","$","R","B",null,"M","?","$","M","M","E","M","E","T","R","M","R","M","M","R","B",null,"M","$","?","$","M","R","M","E","T","R","E","?","R","M","R","B",null,"R","$","E","B"],"character_chosen":"THE_SILENT","items_purchased":["Ninja Scroll","Shuriken","OrangePellets","PreservedInsect","TwistedFunnel","Lantern","Blood Vial","Malaise","Bronze Scales","Well Laid Plans"],"campfire_rested":1,"item_purchase_floors":[11,11,20,36,38,38,38,38,53,53],"current_hp_per_floor":[63,63,63,62,60,60,46,46,46,46,46,37,23,23,23,17,52,52,52,52,49,45,38,33,14,14,34,34,34,34,33,33,21,56,56,56,56,56,58,68,68,48,48,66,53,53,68,52,68,25,57,68,68,38,0],"gold":193,"neow_bonus":"TWO_FIFTY_GOLD","is_prod":false,"is_daily":false,"chose_seed":false,"campfire_upgraded":9,"win_rate":0,"timestamp":1550677269,"path_taken":["M","?","M","?","M","R","E","?","T","R","$","E","?","?","R","BOSS","M","?","$","?","M","E","M","E","T","R","M","R","M","M","R","BOSS","M","$","?","$","M","R","M","E","T","R","E","?","R","M","R","BOSS","R","$","E","BOSS"],"build_version":"2019-01-23","purchased_purges":4,"victory":false,"max_hp_per_floor":[63,63,63,63,63,63,63,63,63,63,63,63,63,63,63,63,63,63,63,63,63,63,63,68,68,68,68,68,68,68,68,68,68,68,68,68,68,68,68,68,68,68,68,68,68,68,68,68,68,68,68,68,68,68,68],"card_choices":[{"not_picked":["Backflip","Accuracy"],"picked":"Poisoned Stab","floor":1},{"not_picked":["Slice","Blur"],"picked":"Footwork","floor":3},{"not_picked":["Dagger Throw","Concentrate"],"picked":"Poisoned Stab","floor":4},{"not_picked":["Bouncing Flask","Finisher"],"picked":"Noxious Fumes","floor":5},{"not_picked":["Riddle With Holes","Sucker Punch"],"picked":"Doppelganger","floor":7},{"not_picked":["Tactician","Slice","Deadly Poison"],"picked":"SKIP","floor":12},{"not_picked":["Flying Knee","Tactician"],"picked":"Catalyst","floor":13},{"not_picked":["Night Terror","Burst"],"picked":"Wraith Form v2","floor":16},{"not_picked":["Poisoned Stab","Underhanded Strike"],"picked":"PiercingWail","floor":18},{"not_picked":["Deadly Poison","Blade Dance"],"picked":"Dagger Spray","floor":21},{"not_picked":["Underhanded Strike","Slice"],"picked":"Terror+1","floor":22},{"not_picked":["Tactician","Riddle With Holes"],"picked":"Crippling Poison","floor":23},{"not_picked":["Flying Knee","Quick Slash","Underhanded Strike"],"picked":"SKIP","floor":24},{"not_picked":["Eviscerate","Envenom"],"picked":"Finisher","floor":25},{"not_picked":["Dodge and Roll+1","All Out Attack"],"picked":"Leg Sweep","floor":28},{"not_picked":["Poisoned Stab","Dagger Throw","Outmaneuver"],"picked":"SKIP","floor":30},{"not_picked":["Flying Knee","Underhanded Strike"],"picked":"Endless Agony","floor":31},{"not_picked":["Storm of Steel","Unload"],"picked":"Malaise","floor":33},{"not_picked":["Slice","All Out Attack+1","Dagger Spray+1"],"picked":"SKIP","floor":35},{"not_picked":["Outmaneuver","Endless Agony+1","Poisoned Stab"],"picked":"SKIP","floor":39},{"not_picked":["Leg Sweep","Riddle With Holes","Accuracy"],"picked":"SKIP","floor":41},{"not_picked":["Cloak And Dagger","Flying Knee","PiercingWail"],"picked":"SKIP","floor":42},{"not_picked":["Quick Slash+1","Bane"],"picked":"Phantasmal Killer","floor":45},{"not_picked":["Poisoned Stab","Noxious Fumes"],"picked":"Blur+1","floor":48},{"not_picked":["Flechettes","Outmaneuver"],"picked":"Catalyst+1","floor":54}],"player_experience":792887,"relics_obtained":[{"floor":7,"key":"Du-Vu Doll"},{"floor":9,"key":"Gremlin Horn"},{"floor":12,"key":"Orichalcum"},{"floor":23,"key":"Mummified Hand"},{"floor":25,"key":"Tingsha"},{"floor":26,"key":"Bag of Marbles"},{"floor":42,"key":"Sundial"},{"floor":45,"key":"Blue Candle"},{"floor":54,"key":"Pen Nib"}],"event_choices":[{"damage_healed":0,"gold_gain":0,"player_choice":"2 cards matched","damage_taken":0,"max_hp_gain":0,"max_hp_loss":0,"event_name":"Match and Keep!","floor":2,"gold_loss":0,"cards_obtained":["Impatience","Neutralize"]},{"cards_removed":["Strike_G"],"damage_healed":0,"gold_gain":0,"player_choice":"Purged","damage_taken":0,"max_hp_gain":0,"max_hp_loss":0,"event_name":"Purifier","floor":8,"gold_loss":0},{"damage_healed":0,"gold_gain":200,"player_choice":"Gold","damage_taken":0,"max_hp_gain":0,"max_hp_loss":0,"event_name":"Wheel of Change","floor":19,"gold_loss":0},{"damage_healed":0,"gold_gain":999,"player_choice":"Gold","damage_taken":0,"max_hp_gain":0,"max_hp_loss":0,"event_name":"MindBloom","floor":37,"gold_loss":0,"cards_obtained":["Normality","Normality"]},{"damage_healed":0,"gold_gain":0,"cards_transformed":["Strike_G"],"player_choice":"Transformed","damage_taken":0,"max_hp_gain":0,"max_hp_loss":0,"event_name":"Transmorgrifier","floor":46,"gold_loss":0,"cards_obtained":["Dash"]}],"is_beta":false,"boss_relics":[{"not_picked":["Tiny House","Pandora\u0027s Box"],"picked":"Cursed Key"},{"not_picked":["Calling Bell","Coffee Dripper"],"picked":"Eternal Feather"}],"items_purged_floors":[20,36,38,53],"is_endless":false,"potions_floor_spawned":[3,7,12,13,18,21,23,25,28,30,35,48,54],"killed_by":"The Heart","ascension_level":12}