{"gold_per_floor":[119,138,153,28,28,28,57,67,67,67,67,94,94,94,94,168,168,181,194,214,489,501,501,520,1,1,14,14,14,31,31,31,104,104,116,131,131,148,168,168,168],"floor_reached":41,"playtime":3075,"items_purged":["Strike_B"],"score":885,"play_id":"774ebf2c-ee83-4d27-8acf-7bd6912ccc64","local_time":"20190305222419","is_ascension_mode":true,"campfire_choices":[{"data":"Hello World","floor":6.0,"key":"SMITH"},{"floor":10.0,"key":"REST"},{"data":"Rainbow","floor":13.0,"key":"SMITH"},{"data":"Glacier","floor":15.0,"key":"SMITH"},{"data":"Skim","floor":23.0,"key":"SMITH"},{"data":"Zap","floor":32.0,"key":"SMITH"},{"data":"Conserve Battery","floor":40,"key":"SMITH"}],"neow_cost":"NONE","seed_source_timestamp":456125162263010,"circlet_count":0,"master_deck":["AscendersBane","Strike_B","Strike_B","Strike_B","Defend_B","Defend_B","Defend_B","Defend_B","Zap+1","Dualcast","Hello World+1","Gash","Cold Snap","Gash","Cold Snap","Rainbow+1","Glacier+1","Doom and Gloom","Reboot","Scrape","Skim+1","Conserve Battery+1","Regret","Hello World","Capacitor","All For One","Stack","Undo","Redo+1","Reinforced Body+1","Core Surge","Machine Learning","Hologram","Double Energy+1","Auto Shields"],"special_seed":0,"relics":["Blue Candle","Symbiotic Virus","Thread and Needle","Pantograph","Coffee Dripper","Cables","Anchor","MutagenicStrength","Nloth\u0027s Gift","Lizard Tail","GremlinMask"],"potions_floor_usage":[],"damage_taken":[{"damage":0.0,"enemies":"Cultist","floor":1.0,"turns":4.0},{"damage":24.0,"enemies":"Jaw Worm","floor":2.0,"turns":4.0},{"damage":3.0,"enemies":"Small Slimes","floor":3.0,"turns":3.0},{"damage":19.0,"enemies":"Gremlin Nob","floor":7.0,"turns":4.0},{"damage":4.0,"enemies":"Looter","floor":8.0,"turns":2.0},{"damage":5.0,"enemies":"Lagavulin","floor":12.0,"turns":8.0},{"damage":58.0,"enemies":"Hexaghost","floor":16.0,"turns":11.0},{"damage":1.0,"enemies":"Shell Parasite","floor":18.0,"turns":6.0},{"damage":3.0,"enemies":"Spheric Guardian","floor":19.0,"turns":4.0},{"damage":19.0,"enemies":"Cultist and Chosen","floor":20.0,"turns":8.0},{"damage":4.0,"enemies":"Snecko","floor":22.0,"turns":5.0},{"damage":1.0,"enemies":"Sentry and Sphere","floor":24.0,"turns":7.0},{"damage":2.0,"enemies":"3 Cultists","floor":27.0,"turns":5.0},{"damage":18.0,"enemies":"Shelled Parasite and Fungi","floor":30.0,"turns":7.0},{"damage":23.0,"enemies":"Automaton","floor":33.0,"turns":8.0},{"damage":0.0,"enemies":"3 Shapes","floor":35.0,"turns":6.0},{"damage":32.0,"enemies":"3 Darklings","floor":36.0,"turns":6.0},{"damage":25,"enemies":"Maw","floor":38,"turns":7},{"damage":32,"enemies":"Writhing Mass","floor":39,"turns":8},{"damage":9,"enemies":"3 Darklings","floor":41,"turns":2}],"seed_played":"-4279621655434478491","potions_obtained":[{"floor":3.0,"key":"Dexterity Potion"},{"floor":12.0,"key":"FocusPotion"},{"floor":20.0,"key":"Weak Potion"},{"floor":24.0,"key":"FocusPotion"},{"floor":35.0,"key":"Swift Potion"}],"is_trial":false,"path_per_floor":["M","M","M","$","$","R","E","M","T","R","?","E","R","T","R","B",null,"M","M","M","?","M","R","M","$","T","M","?","?","M","$","R","B",null,"M","M","?","M","M","R","M"],"character_chosen":"DEFECT","items_purchased":["Cold Snap","All For One","Cables","Stack","Undo"],"campfire_rested":1,"item_purchase_floors":[4,25,25,25,25],"current_hp_per_floor":[64,40,37,37,37,37,18,14,14,35,58,53,53,53,53,13,57,56,53,34,34,30,30,29,29,29,27,27,27,9,9,9,11,56,56,24,24,35,3,3,0],"gold":168,"neow_bonus":"THREE_CARDS","is_prod":false,"is_daily":false,"chose_seed":false,"campfire_upgraded":6,"win_rate":0,"timestamp":1551821059,"path_taken":["M","?","M","?","$","R","E","M","T","R","?","E","R","?","R","BOSS","M","M","?","?","?","R","M","$","T","M","?","?","?","$","R","BOSS","M","?","?","M","?","R","M"],"build_version":"2019-01-23","purchased_purges":1,"victory":false,"max_hp_per_floor":[71,71,71,71,71,71,71,71,71,71,71,71,71,71,71,71,71,71,71,71,71,71,71,71,71,71,71,71,71,71,71,71,71,71,71,71,71,71,71,71,71],"card_choices":[{"not_picked":["Conserve Battery","Rebound"],"picked":"Hello World","floor":0.0},{"not_picked":["Rebound","Conserve Battery"],"picked":"Gash","floor":1.0},{"not_picked":["Recycle","Compile Driver"],"picked":"Cold Snap","floor":2.0},{"not_picked":["Steam","Chaos"],"picked":"Gash","floor":3.0},{"not_picked":["Rebound","Stack"],"picked":"Rainbow","floor":7.0},{"not_picked":["Defragment","Static Discharge"],"picked":"Glacier","floor":8.0},{"not_picked":["Hyperbeam","Reprogram"],"picked":"Doom and Gloom","floor":12.0},{"not_picked":["Amplify","Rainbow"],"picked":"Reboot","floor":16.0},{"not_picked":["Tempest","Turbo"],"picked":"Scrape","floor":18.0},{"not_picked":["Aggregate","Hologram"],"picked":"Skim","floor":19.0},{"not_picked":["Fusion","Cold Snap+1"],"picked":"Conserve Battery","floor":20.0},{"not_picked":["Coolheaded+1","Hyperbeam"],"picked":"Hello World","floor":22.0},{"not_picked":["Hello World","Cold Snap+1"],"picked":"Capacitor","floor":24.0},{"not_picked":["Heatsinks","Sweeping Beam"],"picked":"Redo+1","floor":27.0},{"not_picked":["Redo","Capacitor+1"],"picked":"Reinforced Body+1","floor":30.0},{"not_picked":["Fission","Buffer"],"picked":"Core Surge","floor":33.0},{"not_picked":["Barrage","Steam Power"],"picked":"Machine Learning","floor":35.0},{"not_picked":["Barrage","Stack+1"],"picked":"Hologram","floor":36.0},{"not_picked":["Rebound","Compile Driver"],"picked":"Double Energy+1","floor":38},{"not_picked":["Heatsinks+1","Rebound"],"picked":"Auto Shields","floor":39}],"player_experience":824482,"relics_obtained":[{"floor":7.0,"key":"Blue Candle"},{"floor":9.0,"key":"Symbiotic Virus"},{"floor":12.0,"key":"Thread and Needle"},{"floor":14.0,"key":"Pantograph"},{"floor":26.0,"key":"Anchor"}],"event_choices":[{"damage_healed":23.0,"max_hp_gain":0.0,"max_hp_loss":0.0,"gold_gain":0.0,"event_name":"Big Fish","player_choice":"Banana","floor":11.0,"gold_loss":0.0,"damage_taken":0.0},{"damage_healed":0.0,"max_hp_gain":0.0,"max_hp_loss":0.0,"gold_gain":275.0,"event_name":"Golden Shrine","player_choice":"Desecrate","floor":21.0,"gold_loss":0.0,"damage_taken":0.0,"cards_obtained":["Regret"]},{"damage_healed":0.0,"max_hp_gain":0.0,"max_hp_loss":0.0,"gold_gain":0.0,"event_name":"Drug Dealer","player_choice":"Inject Mutagens","floor":28.0,"gold_loss":0.0,"damage_taken":0.0,"relics_obtained":["MutagenicStrength"]},{"damage_healed":0.0,"max_hp_gain":0.0,"max_hp_loss":0.0,"gold_gain":0.0,"event_name":"N\u0027loth","player_choice":"Traded Relic","floor":29.0,"relics_lost":["Cracked Core"],"gold_loss":0.0,"damage_taken":0.0,"relics_obtained":["Nloth\u0027s Gift"]},{"damage_healed":0.0,"max_hp_gain":0.0,"max_hp_loss":0.0,"gold_gain":0.0,"event_name":"FaceTrader","player_choice":"Trade","floor":37.0,"gold_loss":0.0,"damage_taken":0.0,"relics_obtained":["GremlinMask"]}],"is_beta":false,"boss_relics":[{"not_picked":["Empty Cage","White Beast Statue"],"picked":"Coffee Dripper"},{"not_picked":["Black Star","Velvet Choker"],"picked":"Lizard Tail"}],"items_purged_floors":[4],"is_endless":false,"potions_floor_spawned":[3,12,20,24,35],"killed_by":"3 Darklings","ascension_level":20}