{"gold_per_floor":[19,19,32,42,60,60,71,87,114,114,132,132,149,166,166,261,261,279,279,291,291,302,302,319,319,374,400,417,417,428,48,48,146,146,162,162,173,173,25,25,125,156,179,192,209,209,209,209,209,209],"floor_reached":51,"playtime":1733,"items_purged":[],"score":793,"play_id":"848d139d-5900-4c3f-ae4f-647c8cd23603","local_time":"20190301015021","is_ascension_mode":false,"campfire_choices":[{"data":"1","floor":6.0,"key":"LIFT"},{"data":"2","floor":12,"key":"LIFT"},{"data":"3","floor":15,"key":"LIFT"},{"data":"Zap","floor":23,"key":"SMITH"},{"data":"Fission","floor":25,"key":"SMITH"},{"data":"Dualcast","floor":29,"key":"SMITH"},{"floor":32,"key":"REST"},{"data":"Hologram","floor":40,"key":"SMITH"},{"data":"Tempest","floor":46,"key":"SMITH"},{"floor":49,"key":"REST"}],"neow_cost":"NO_GOLD","seed_source_timestamp":12441996294411,"circlet_count":0,"master_deck":["Zap+1","Dualcast+1","Ball Lightning","Go for the Eyes","Go for the Eyes","Conserve Battery","Leap","Tempest+1","Panacea","Fission+1","Zap+1","Leap","Reinforced Body","Cold Snap","All For One","Aggregate","White Noise","Multi-Cast","Hologram+1","Buffer","All For One","Lockon","FTL","Conserve Battery","Beam Cell","Ball Lightning","Compile Driver","Compile Driver","Skim","Go for the Eyes","Steam Power","Reboot","Coolheaded","Beam Cell+1","Sweeping Beam+1","Compile Driver+1","Compile Driver","FTL"],"special_seed":0,"relics":["Cracked Core","Girya","War Paint","Pandora\u0027s Box","Mummified Hand","Centennial Puzzle","Gremlin Horn","Vajra","Philosopher\u0027s Stone","Juzu Bracelet","Ginger","Strawberry","Omamori"],"potions_floor_usage":[16,22,27,27,27,33,33,42,44,50,50],"damage_taken":[{"damage":0.0,"enemies":"Cultist","floor":1.0,"turns":4.0},{"damage":6.0,"enemies":"Jaw Worm","floor":3.0,"turns":3.0},{"damage":2.0,"enemies":"Small Slimes","floor":4.0,"turns":3.0},{"damage":9.0,"enemies":"3 Louse","floor":5.0,"turns":3.0},{"damage":1.0,"enemies":"2 Fungi Beasts","floor":7.0,"turns":3.0},{"damage":0.0,"enemies":"Exordium Wildlife","floor":8.0,"turns":3.0},{"damage":1,"enemies":"Red Slaver","floor":11,"turns":3},{"damage":2,"enemies":"Looter","floor":13,"turns":3},{"damage":3,"enemies":"Gremlin Gang","floor":14,"turns":5},{"damage":19,"enemies":"The Guardian","floor":16,"turns":9},{"damage":0,"enemies":"Spheric Guardian","floor":18,"turns":3},{"damage":12,"enemies":"3 Byrds","floor":20,"turns":4},{"damage":2,"enemies":"Snake Plant","floor":22,"turns":5},{"damage":7,"enemies":"Centurion and Healer","floor":24,"turns":5},{"damage":6,"enemies":"Gremlin Leader","floor":27,"turns":4},{"damage":10,"enemies":"Cultist and Chosen","floor":28,"turns":3},{"damage":6,"enemies":"Chosen and Byrds","floor":30,"turns":3},{"damage":4,"enemies":"Automaton","floor":33,"turns":4},{"damage":5,"enemies":"3 Darklings","floor":35,"turns":3},{"damage":2,"enemies":"Orb Walker","floor":37,"turns":2},{"damage":3,"enemies":"Mind Bloom Boss Battle","floor":41,"turns":4},{"damage":0,"enemies":"Giant Head","floor":42,"turns":3},{"damage":17,"enemies":"Jaw Worm Horde","floor":44,"turns":2},{"damage":0,"enemies":"Sphere and 2 Shapes","floor":45,"turns":3},{"damage":79,"enemies":"Awakened One","floor":50,"turns":11}],"seed_played":"5547024670495619225","potions_obtained":[{"floor":3.0,"key":"Strength Potion"},{"floor":7.0,"key":"Fire Potion"},{"floor":8.0,"key":"FearPotion"},{"floor":11,"key":"EssenceOfSteel"},{"floor":18,"key":"SpeedPotion"},{"floor":24,"key":"Ancient Potion"},{"floor":28,"key":"FocusPotion"},{"floor":41,"key":"SkillPotion"},{"floor":42,"key":"Fruit Juice"},{"floor":44,"key":"GamblersBrew"},{"floor":45,"key":"LiquidBronze"}],"is_trial":false,"path_per_floor":["M","$","M","M","M","R","M","M","T","?","M","R","M","M","R","B",null,"M","?","M","T","M","R","M","R","T","E","M","R","M","$","R","B",null,"M","?","M","?","$","R","?","E","T","M","M","R","?","?","R","B",null],"character_chosen":"DEFECT","items_purchased":["Vajra","Skim","Go for the Eyes","Steam Power","FocusPotion","Juzu Bracelet"],"campfire_rested":2,"item_purchase_floors":[31,31,31,31,31,39],"current_hp_per_floor":[75,75,69,67,58,58,57,57,57,57,56,56,54,51,51,32,75,75,61,49,49,47,47,40,40,40,34,24,24,18,18,42,38,80,75,75,73,73,73,73,70,82,82,65,65,65,65,65,87,8],"gold":209,"neow_bonus":"ONE_RARE_RELIC","is_prod":false,"is_daily":false,"chose_seed":false,"campfire_upgraded":5,"win_rate":0,"timestamp":1551426621,"path_taken":["M","?","M","M","M","R","M","M","T","?","?","R","M","?","R","BOSS","M","?","M","?","M","R","M","R","T","E","?","R","M","$","R","BOSS","M","?","M","?","$","R","?","E","T","M","M","R","?","?","R","BOSS"],"build_version":"2019-01-23","purchased_purges":0,"victory":true,"max_hp_per_floor":[75,75,75,75,75,75,75,75,75,75,75,75,75,75,75,75,75,75,80,80,80,80,80,80,80,80,80,80,80,80,80,80,80,80,80,80,80,80,80,80,80,92,92,92,92,92,87,87,87,87],"card_choices":[{"not_picked":["Undo","Recycle"],"picked":"Ball Lightning","floor":1.0},{"not_picked":["Reprogram","Redo"],"picked":"Go for the Eyes","floor":3.0},{"not_picked":["Static Discharge","Blizzard"],"picked":"Go for the Eyes","floor":4.0},{"not_picked":["Hologram","Leap"],"picked":"Conserve Battery","floor":5.0},{"not_picked":["Aggregate","Gash"],"picked":"Leap","floor":7.0},{"not_picked":["Conserve Battery","Gash"],"picked":"Tempest","floor":8.0},{"not_picked":["Reprogram","Undo"],"picked":"Leap","floor":11},{"not_picked":["Melter","Stack"],"picked":"Reinforced Body","floor":13},{"not_picked":["Recycle","Buffer"],"picked":"Cold Snap","floor":14},{"not_picked":["Creative AI","Reboot"],"picked":"All For One","floor":16},{"not_picked":["Chaos","Heatsinks"],"picked":"FTL","floor":18},{"not_picked":["Rebound","Blizzard","Barrage"],"picked":"SKIP","floor":20},{"not_picked":["Fusion","Ball Lightning"],"picked":"Conserve Battery","floor":22},{"not_picked":["Conserve Battery","Fusion+1"],"picked":"Beam Cell","floor":24},{"not_picked":["Gash","Loop"],"picked":"Ball Lightning","floor":27},{"not_picked":["Thunder Strike","Turbo"],"picked":"Compile Driver","floor":28},{"not_picked":["Rebound","Recycle"],"picked":"Compile Driver","floor":30},{"not_picked":["Amplify","Rainbow"],"picked":"Reboot","floor":33},{"not_picked":["Stack+1","Compile Driver"],"picked":"Coolheaded","floor":35},{"not_picked":["Consume","Blizzard+1"],"picked":"Beam Cell+1","floor":37},{"not_picked":["Static Discharge+1","Turbo"],"picked":"Sweeping Beam+1","floor":41},{"not_picked":["BootSequence+1","Static Discharge"],"picked":"Compile Driver+1","floor":42},{"not_picked":["Heatsinks","Redo"],"picked":"Compile Driver","floor":44},{"not_picked":["Beam Cell","Scrape"],"picked":"FTL","floor":45}],"player_experience":958924,"relics_obtained":[{"floor":9.0,"key":"War Paint"},{"floor":21,"key":"Mummified Hand"},{"floor":26,"key":"Centennial Puzzle"},{"floor":27,"key":"Gremlin Horn"},{"floor":41,"key":"Ginger"},{"floor":42,"key":"Strawberry"},{"floor":43,"key":"Omamori"}],"event_choices":[{"damage_healed":0,"gold_gain":0,"player_choice":"3 cards matched","damage_taken":0,"max_hp_gain":0,"max_hp_loss":0,"event_name":"Match and Keep!","floor":10,"gold_loss":0,"cards_obtained":["Panacea","Fission","Zap"]},{"damage_healed":0,"gold_gain":0,"player_choice":"Shed Blood","damage_taken":19,"max_hp_gain":5,"max_hp_loss":0,"event_name":"Forgotten Altar","floor":19,"gold_loss":0},{"damage_healed":0,"gold_gain":0,"player_choice":"Ignored","damage_taken":0,"max_hp_gain":0,"max_hp_loss":0,"event_name":"Mysterious Sphere","floor":36,"gold_loss":0},{"damage_healed":0,"gold_gain":0,"player_choice":"Ignored","damage_taken":0,"max_hp_gain":0,"max_hp_loss":0,"event_name":"Tomb of Lord Red Mask","floor":38,"gold_loss":0},{"damage_healed":0,"gold_gain":0,"player_choice":"Fight","damage_taken":0,"max_hp_gain":0,"max_hp_loss":0,"event_name":"MindBloom","floor":41,"gold_loss":0},{"damage_healed":0,"gold_gain":0,"player_choice":"Max HP","damage_taken":0,"max_hp_gain":0,"max_hp_loss":5,"event_name":"Winding Halls","floor":47,"gold_loss":0},{"cards_removed":["Heatsinks"],"damage_healed":0,"gold_gain":0,"player_choice":"Removed Power","damage_taken":0,"max_hp_gain":0,"max_hp_loss":0,"event_name":"Falling","floor":48,"gold_loss":0}],"is_beta":false,"boss_relics":[{"not_picked":["Runic Pyramid","Inserter"],"picked":"Pandora\u0027s Box"},{"not_picked":["Velvet Choker","Nuclear Battery"],"picked":"Philosopher\u0027s Stone"}],"items_purged_floors":[],"is_endless":false,"potions_floor_spawned":[3,7,8,11,13,18,24,28,41,42,44,45],"ascension_level":0}