{"gold_per_floor":[111,111,32,32,32,32,46,46,46,101,126,145,145,155,155,232,232,243,263,277,289,289,289,289,289,313,343,6,6,106,106],"floor_reached":31,"playtime":1148,"items_purged":[],"score":536,"play_id":"5f7e6269-4879-452b-aa2a-4419fd8d5b05","local_time":"20190302144346","is_ascension_mode":true,"campfire_choices":[{"data":"Noxious Fumes","floor":6.0,"key":"SMITH"},{"data":"Noxious Fumes","floor":8.0,"key":"SMITH"},{"data":"Neutralize","floor":13.0,"key":"SMITH"},{"data":"Glass Knife","floor":15.0,"key":"SMITH"},{"floor":23.0,"key":"REST"},{"data":"Burst","floor":25.0,"key":"SMITH"},{"floor":29.0,"key":"REST"}],"neow_cost":"NONE","seed_source_timestamp":206995629966354,"circlet_count":0,"master_deck":["AscendersBane","Defend_G","Defend_G","Defend_G","Defend_G","Survivor","Neutralize+1","Noxious Fumes+1","Noxious Fumes+1","Terror","Well Laid Plans","Glass Knife+1","Burst+1","Catalyst+1","Crippling Poison","Bite","Bite","Bite","Bite","Bite"],"special_seed":0,"relics":["Empty Cage","Smiling Mask","Bottled Tornado","Tiny Chest","Regal Pillow","White Beast Statue","Ancient Tea Set","Potion Belt","Anchor","Strawberry","Juzu Bracelet","Unceasing Top","Molten Egg 2"],"potions_floor_usage":[],"damage_taken":[{"damage":1.0,"enemies":"Cultist","floor":1.0,"turns":5.0},{"damage":6.0,"enemies":"Small Slimes","floor":7.0,"turns":4.0},{"damage":7.0,"enemies":"3 Sentries","floor":10.0,"turns":6.0},{"damage":0.0,"enemies":"2 Louse","floor":12.0,"turns":4.0},{"damage":0.0,"enemies":"Exordium Wildlife","floor":14.0,"turns":3.0},{"damage":16.0,"enemies":"Hexaghost","floor":16.0,"turns":8.0},{"damage":26.0,"enemies":"Chosen","floor":18.0,"turns":5.0},{"damage":15.0,"enemies":"Spheric Guardian","floor":19.0,"turns":5.0},{"damage":18.0,"enemies":"Snake Plant","floor":20.0,"turns":4.0},{"damage":9.0,"enemies":"Snecko","floor":21.0,"turns":5.0},{"damage":28.0,"enemies":"Gremlin Leader","floor":27.0,"turns":5.0},{"damage":16.0,"enemies":"Colosseum Slavers","floor":30.0,"turns":4.0},{"damage":31.0,"enemies":"Colosseum Nobs","floor":30.0,"turns":5.0},{"damage":21,"enemies":"Centurion and Healer","floor":31,"turns":3}],"seed_played":"1197678669308928524","potions_obtained":[{"floor":7.0,"key":"EssenceOfSteel"},{"floor":12.0,"key":"AttackPotion"},{"floor":16.0,"key":"PowerPotion"},{"floor":18.0,"key":"Regen Potion"},{"floor":19.0,"key":"GamblersBrew"},{"floor":20.0,"key":"Energy Potion"},{"floor":21.0,"key":"SteroidPotion"},{"floor":27.0,"key":"Swift Potion"},{"floor":30.0,"key":"SteroidPotion"}],"is_trial":false,"path_per_floor":["M","?","$","?","$","R","M","R","T","E","T","M","R","M","R","B",null,"M","M","M","M","?","R","?","R","T","E","$","R","?","M"],"character_chosen":"THE_SILENT","items_purchased":["Noxious Fumes","Strawberry","Juzu Bracelet"],"campfire_rested":2,"item_purchase_floors":[3,28,28],"current_hp_per_floor":[58,58,58,53,53,53,47,47,47,40,40,40,40,40,40,24,56,30,29,11,2,2,30,30,30,30,10,17,47,16,0],"gold":106,"neow_bonus":"BOSS_RELIC","is_prod":false,"is_daily":false,"chose_seed":false,"campfire_upgraded":5,"win_rate":0,"timestamp":1551566626,"path_taken":["M","?","?","?","$","R","M","R","T","E","?","M","R","?","R","BOSS","M","M","M","?","?","R","?","R","T","E","$","R","?","M"],"build_version":"2019-01-23","purchased_purges":0,"victory":false,"max_hp_per_floor":[66,66,66,66,66,66,66,66,66,66,66,66,66,66,66,66,66,66,66,66,66,46,46,46,46,46,46,53,53,53,53],"card_choices":[{"not_picked":["Prepared","Deflect","Setup"],"picked":"SKIP","floor":1.0},{"not_picked":["Dash","Cloak And Dagger"],"picked":"Noxious Fumes","floor":7.0},{"not_picked":["Flying Knee","Riddle With Holes"],"picked":"Terror","floor":10.0},{"not_picked":["Blade Dance","Choke"],"picked":"Well Laid Plans","floor":12.0},{"not_picked":["Deflect","Poisoned Stab"],"picked":"Glass Knife","floor":14.0},{"not_picked":["Night Terror","Doppelganger"],"picked":"Burst","floor":16.0},{"not_picked":["Underhanded Strike","Blade Dance","Dagger Spray"],"picked":"SKIP","floor":18.0},{"not_picked":["Noxious Fumes","Deflect"],"picked":"Catalyst+1","floor":19.0},{"not_picked":["Dagger Spray","Quick Slash","Deadly Poison"],"picked":"SKIP","floor":20.0},{"not_picked":["Reflex","Riddle With Holes"],"picked":"Crippling Poison","floor":21.0},{"not_picked":["Outmaneuver","Flechettes","Bane"],"picked":"SKIP","floor":27.0}],"player_experience":579430,"relics_obtained":[{"floor":9.0,"key":"Bottled Tornado"},{"floor":10.0,"key":"Tiny Chest"},{"floor":11.0,"key":"Regal Pillow"},{"floor":26.0,"key":"Potion Belt"},{"floor":27.0,"key":"Anchor"},{"floor":30.0,"key":"Unceasing Top"},{"floor":30.0,"key":"Molten Egg 2"}],"event_choices":[{"cards_removed":["Strike_G"],"damage_healed":0.0,"max_hp_gain":0.0,"max_hp_loss":0.0,"gold_gain":0.0,"event_name":"Bonfire Elementals","player_choice":"Offered Basic","floor":2.0,"gold_loss":0.0,"damage_taken":0.0},{"damage_healed":0.0,"max_hp_gain":0.0,"max_hp_loss":0.0,"gold_gain":0.0,"event_name":"Scrap Ooze","player_choice":"Success","floor":4.0,"gold_loss":0.0,"damage_taken":5.0,"relics_obtained":["Smiling Mask"]},{"damage_healed":0.0,"max_hp_gain":0.0,"max_hp_loss":20.0,"gold_gain":0.0,"event_name":"Vampires","player_choice":"Became a vampire","floor":22.0,"gold_loss":0.0,"damage_taken":0.0,"cards_obtained":["Bite","Bite","Bite","Bite","Bite"]},{"damage_healed":0.0,"max_hp_gain":0.0,"max_hp_loss":0.0,"gold_gain":0.0,"event_name":"WeMeetAgain","player_choice":"Gave Potion","floor":24.0,"gold_loss":0.0,"damage_taken":0.0,"relics_obtained":["Ancient Tea Set"]},{"damage_healed":0.0,"max_hp_gain":0.0,"max_hp_loss":0.0,"gold_gain":0.0,"event_name":"Colosseum","player_choice":"Fight","floor":30.0,"gold_loss":0.0,"damage_taken":0.0},{"damage_healed":0.0,"max_hp_gain":0.0,"max_hp_loss":0.0,"gold_gain":0.0,"event_name":"Colosseum","player_choice":"Fought Nobs","floor":30.0,"gold_loss":0.0,"damage_taken":0.0}],"is_beta":false,"boss_relics":[{"not_picked":["Runic Dome","Pandora\u0027s Box"],"picked":"White Beast Statue"}],"items_purged_floors":[],"is_endless":false,"potions_floor_spawned":[7,12,16,18,19,20,21,27,30,30],"killed_by":"Centurion and Healer","ascension_level":17}