{"gold_per_floor":[114,114,114,114,114,114,141,151,151,151,179,179,205,280,280,358,358,373,14,25,25,41,68,68,68,68,79,79],"floor_reached":28,"playtime":1850,"items_purged":[],"score":441,"play_id":"a43164ed-2656-4439-b34a-8e4345a1da91","local_time":"20190127161859","is_ascension_mode":true,"campfire_choices":[{"floor":6.0,"key":"REST"},{"floor":10.0,"key":"REST"},{"data":"Coolheaded","floor":12.0,"key":"SMITH"},{"floor":15.0,"key":"REST"}],"neow_cost":"PERCENT_DAMAGE","seed_source_timestamp":283779507686882,"circlet_count":0,"master_deck":["AscendersBane","Zap","Dualcast","Rainbow+1","Reprogram","Coolheaded+1","Cold Snap","Reboot","Compile Driver","Machine Learning","FTL","Sunder","FTL","Electrodynamics","Hyperbeam","Doom and Gloom","Force Field","All For One","Defragment","Sunder","Melter","Secret Weapon","Chaos+1","RitualDagger","Lockon","Loop","Gash"],"special_seed":0,"relics":["Cracked Core","Blood Vial","Strawberry","Art of War","Omamori","StoneCalendar","Pandora\u0027s Box","Membership Card","Singing Bowl","Peace Pipe"],"potions_floor_usage":[27],"damage_taken":[{"damage":0.0,"enemies":"2 Louse","floor":1.0,"turns":1.0},{"damage":23.0,"enemies":"Lagavulin","floor":7.0,"turns":8.0},{"damage":12.0,"enemies":"Small Slimes","floor":8.0,"turns":3.0},{"damage":12.0,"enemies":"3 Sentries","floor":11.0,"turns":7.0},{"damage":17.0,"enemies":"Gremlin Nob","floor":13.0,"turns":4.0},{"damage":19.0,"enemies":"The Guardian","floor":16.0,"turns":12.0},{"damage":11.0,"enemies":"3 Byrds","floor":18.0,"turns":3.0},{"damage":10.0,"enemies":"Chosen","floor":20.0,"turns":4.0},{"damage":14.0,"enemies":"Centurion and Healer","floor":22.0,"turns":5.0},{"damage":27.0,"enemies":"Gremlin Leader","floor":23.0,"turns":6.0},{"damage":0,"enemies":"3 Cultists","floor":27,"turns":2},{"damage":7,"enemies":"Book of Stabbing","floor":28,"turns":1}],"seed_played":"-5558478680591945204","potions_obtained":[{"floor":8.0,"key":"AttackPotion"},{"floor":11.0,"key":"Weak Potion"},{"floor":20.0,"key":"Ancient Potion"},{"floor":22.0,"key":"FearPotion"},{"floor":23.0,"key":"PowerPotion"},{"floor":27,"key":"Weak Potion"}],"is_trial":false,"path_per_floor":["M","?","?","?","?","R","E","M","T","R","E","R","E","?","R","B",null,"M","$","M","?","M","E","?","?","T","M","E"],"character_chosen":"DEFECT","items_purchased":["Membership Card","Sunder","Melter","Secret Weapon"],"campfire_rested":3,"item_purchase_floors":[19,19,19,19],"current_hp_per_floor":[46,46,25,25,18,39,25,15,15,38,28,28,13,2,25,8,61,52,52,44,38,26,1,1,1,1,3,0],"gold":79,"neow_bonus":"THREE_RARE_CARDS","is_prod":false,"is_daily":false,"chose_seed":false,"campfire_upgraded":1,"win_rate":0,"timestamp":1548602339,"path_taken":["M","?","?","?","?","R","E","?","T","R","E","R","E","?","R","BOSS","M","$","M","?","M","E","?","?","T","M","E"],"build_version":"2019-01-23","purchased_purges":0,"victory":false,"max_hp_per_floor":[71,71,71,71,71,71,78,78,78,78,78,78,78,78,78,78,78,78,78,78,78,78,78,78,78,78,78,78],"card_choices":[{"not_picked":["Biased Cognition","Core Surge"],"picked":"Rainbow","floor":0.0},{"not_picked":["Coolheaded","Gash"],"picked":"Reprogram","floor":1.0},{"not_picked":["Hologram","Darkness"],"picked":"Coolheaded","floor":7.0},{"not_picked":["Self Repair","Stack"],"picked":"Cold Snap","floor":8.0},{"not_picked":["Rebound","Redo"],"picked":"Reboot","floor":11.0},{"not_picked":["BootSequence","Stack"],"picked":"Compile Driver","floor":13.0},{"not_picked":["Fission","Meteor Strike"],"picked":"Machine Learning","floor":16.0},{"not_picked":["Undo","Hello World+1"],"picked":"Defragment","floor":18.0},{"not_picked":["Auto Shields","Redo"],"picked":"Chaos+1","floor":20.0},{"not_picked":["Go for the Eyes","Aggregate"],"picked":"Lockon","floor":22.0},{"not_picked":["Turbo","Lockon+1"],"picked":"Loop","floor":23.0},{"not_picked":["Defragment","Stack"],"picked":"Gash","floor":27}],"player_experience":603215,"relics_obtained":[{"floor":7.0,"key":"Strawberry"},{"floor":9.0,"key":"Art of War"},{"floor":11.0,"key":"Omamori"},{"floor":13.0,"key":"StoneCalendar"},{"floor":23.0,"key":"Singing Bowl"},{"floor":26,"key":"Peace Pipe"}],"event_choices":[{"damage_healed":0.0,"max_hp_gain":0.0,"max_hp_loss":0.0,"gold_gain":0.0,"event_name":"Living Wall","player_choice":"Grow","floor":2.0,"gold_loss":0.0,"damage_taken":0.0,"cards_upgraded":["Rainbow"]},{"damage_healed":0.0,"max_hp_gain":0.0,"max_hp_loss":0.0,"gold_gain":0.0,"event_name":"Shining Light","player_choice":"Entered Light","floor":3.0,"gold_loss":0.0,"damage_taken":21.0,"cards_upgraded":["Strike_B","Strike_B"]},{"damage_healed":0.0,"max_hp_gain":0.0,"max_hp_loss":0.0,"gold_gain":0.0,"event_name":"Big Fish","player_choice":"Box","floor":4.0,"gold_loss":0.0,"damage_taken":0.0,"relics_obtained":["Blood Vial"],"cards_obtained":["Regret"]},{"cards_removed":["Regret"],"damage_healed":0.0,"max_hp_gain":0.0,"max_hp_loss":0.0,"gold_gain":0.0,"event_name":"Golden Wing","player_choice":"Card Removal","floor":5.0,"gold_loss":0.0,"damage_taken":7.0},{"damage_healed":0.0,"max_hp_gain":0.0,"max_hp_loss":0.0,"gold_gain":75.0,"event_name":"World of Goop","player_choice":"Gather Gold","floor":14.0,"gold_loss":0.0,"damage_taken":11.0},{"damage_healed":0.0,"max_hp_gain":0.0,"max_hp_loss":0.0,"gold_gain":0.0,"event_name":"Nest","player_choice":"Joined the Cult","floor":21.0,"gold_loss":0.0,"damage_taken":6.0,"cards_obtained":["RitualDagger"]},{"damage_healed":0,"gold_gain":0,"player_choice":"Ignored","damage_taken":0,"max_hp_gain":0,"max_hp_loss":0,"event_name":"Cursed Tome","floor":24,"gold_loss":0},{"damage_healed":0,"gold_gain":0,"player_choice":"Ignored","damage_taken":0,"max_hp_gain":0,"max_hp_loss":0,"event_name":"Beggar","floor":25,"gold_loss":0}],"is_beta":false,"boss_relics":[{"not_picked":["Nuclear Battery","Lizard Tail"],"picked":"Pandora\u0027s Box"}],"items_purged_floors":[],"is_endless":false,"potions_floor_spawned":[8,11,20,22,23,27],"killed_by":"Book of Stabbing","ascension_level":15}