{"gold_per_floor":[119,139,30,40,60,60,95,95,118,138,138,138,138,13,13,109,109,123,136,136,149,99,99,99,99,99,99,99,125,125,143,143,245,245,259,271,67,67,80,80,96,96,120,120],"floor_reached":44,"playtime":1917,"items_purged":["Strike_B","Defend_B","Gash"],"score":685,"play_id":"696bf341-35c5-4462-abb1-308119978a53","local_time":"20190209211635","is_ascension_mode":true,"campfire_choices":[{"data":"Defragment","floor":6.0,"key":"SMITH"},{"floor":8.0,"key":"REST"},{"data":"White Noise","floor":11.0,"key":"SMITH"},{"data":"Static Discharge","floor":13.0,"key":"SMITH"},{"data":"Conserve Battery","floor":15.0,"key":"SMITH"},{"floor":23.0,"key":"REST"},{"data":"Darkness","floor":25.0,"key":"SMITH"},{"floor":30.0,"key":"REST"},{"data":"Electrodynamics","floor":32.0,"key":"SMITH"},{"floor":40.0,"key":"REST"}],"neow_cost":"NONE","seed_source_timestamp":35844349732494,"circlet_count":0,"master_deck":["AscendersBane","Strike_B","Strike_B","Strike_B","Defend_B","Defend_B","Defend_B","Zap+1","Dualcast","Reinforced Body","Defragment+1","Ball Lightning","White Noise+1","Glacier","Static Discharge+1","Conserve Battery+1","Electrodynamics+1","Darkness+1","Force Field+1","Skim","Hologram","Leap","Core Surge","Darkness","Leap","Force Field","Seek","Double Energy+1","Tempest+1","Defragment","Writhe","Cold Snap+1"],"special_seed":0,"relics":["Cracked Core","Happy Flower","Regal Pillow","Lizard Tail","MutagenicStrength","Shuriken","Potion Belt","Orrery","Smiling Mask"],"potions_floor_usage":[41,41],"damage_taken":[{"damage":1.0,"enemies":"Cultist","floor":1.0,"turns":3.0},{"damage":6.0,"enemies":"Jaw Worm","floor":2.0,"turns":4.0},{"damage":1.0,"enemies":"2 Louse","floor":4.0,"turns":2.0},{"damage":0.0,"enemies":"Red Slaver","floor":5.0,"turns":5.0},{"damage":31.0,"enemies":"Gremlin Nob","floor":7.0,"turns":5.0},{"damage":0.0,"enemies":"Looter","floor":10.0,"turns":3.0},{"damage":12.0,"enemies":"Slime Boss","floor":16.0,"turns":9.0},{"damage":6.0,"enemies":"Spheric Guardian","floor":18.0,"turns":3.0},{"damage":27.0,"enemies":"2 Thieves","floor":19.0,"turns":3.0},{"damage":18.0,"enemies":"Shelled Parasite and Fungi","floor":21.0,"turns":4.0},{"damage":0.0,"enemies":"Cultist and Chosen","floor":24.0,"turns":1.0},{"damage":12.0,"enemies":"Gremlin Leader","floor":29.0,"turns":6.0},{"damage":5.0,"enemies":"3 Cultists","floor":31.0,"turns":5.0},{"damage":43.0,"enemies":"Automaton","floor":33.0,"turns":9.0},{"damage":17.0,"enemies":"Orb Walker","floor":35.0,"turns":4.0},{"damage":0.0,"enemies":"3 Shapes","floor":36.0,"turns":3.0},{"damage":43.0,"enemies":"Sphere and 2 Shapes","floor":39.0,"turns":6.0},{"damage":103,"enemies":"Writhing Mass","floor":41,"turns":6},{"damage":72,"enemies":"Transient","floor":44,"turns":4}],"seed_played":"8183691742836373355","potions_obtained":[{"floor":1.0,"key":"EssenceOfSteel"},{"floor":2.0,"key":"SpeedPotion"},{"floor":19.0,"key":"SmokeBomb"},{"floor":21.0,"key":"PowerPotion"},{"floor":33.0,"key":"PowerPotion"},{"floor":35.0,"key":"Block Potion"},{"floor":36.0,"key":"Poison Potion"},{"floor":41,"key":"Dexterity Potion"}],"is_trial":false,"path_per_floor":["M","M","$","M","M","R","E","R","T","M","R","?","R","$","R","B",null,"M","M","?","M","?","R","M","R","T","?","$","E","R","M","R","B",null,"M","M","$","?","M","R","M","?","T","M"],"character_chosen":"DEFECT","items_purchased":["Defragment","Conserve Battery","Defragment"],"campfire_rested":4,"item_purchase_floors":[3,14,37],"current_hp_per_floor":[67,61,61,60,60,60,29,51,51,51,51,51,51,51,51,39,66,60,33,33,15,15,52,52,52,52,52,52,40,75,70,70,27,63,46,46,46,65,22,59,37,66,66,0],"gold":120,"neow_bonus":"UPGRADE_CARD","is_prod":false,"is_daily":false,"chose_seed":false,"campfire_upgraded":6,"win_rate":0,"timestamp":1549714595,"path_taken":["M","M","$","M","?","R","E","R","T","M","R","?","R","$","R","BOSS","M","M","?","M","?","R","?","R","T","?","?","E","R","M","R","BOSS","M","?","?","?","M","R","M","?","T","?"],"build_version":"2019-01-23","purchased_purges":3,"victory":false,"max_hp_per_floor":[75,75,75,75,75,75,75,75,75,75,75,75,75,75,75,75,75,75,75,75,75,75,75,75,75,75,75,75,75,75,75,75,75,75,75,75,75,75,75,75,75,66,66,66],"card_choices":[{"not_picked":["Undo","Chill"],"picked":"Reinforced Body","floor":1.0},{"not_picked":["Hello World","Compile Driver"],"picked":"Gash","floor":2.0},{"not_picked":["Go for the Eyes","Streamline"],"picked":"Ball Lightning","floor":4.0},{"not_picked":["FTL","Auto Shields"],"picked":"White Noise","floor":5.0},{"not_picked":["Streamline","Gash"],"picked":"Glacier","floor":7.0},{"not_picked":["BootSequence","Sunder"],"picked":"Static Discharge","floor":10.0},{"not_picked":["Machine Learning","Amplify"],"picked":"Electrodynamics","floor":16.0},{"not_picked":["Reprogram","Auto Shields"],"picked":"Darkness","floor":18.0},{"not_picked":["Gash","Redo"],"picked":"Force Field+1","floor":19.0},{"not_picked":["Melter","Hello World"],"picked":"Skim","floor":21.0},{"not_picked":["Rebound","Barrage+1"],"picked":"Hologram","floor":29.0},{"not_picked":["Compile Driver+1","Redo"],"picked":"Leap","floor":31.0},{"not_picked":["Seek","Multi-Cast"],"picked":"Core Surge","floor":33.0},{"not_picked":["Compile Driver","Steam"],"picked":"Darkness","floor":34.0},{"not_picked":["Chaos","Storm+1"],"picked":"Leap","floor":34.0},{"not_picked":["Streamline","Conserve Battery"],"picked":"Force Field","floor":34.0},{"not_picked":["Turbo","Gash"],"picked":"Seek","floor":34.0},{"not_picked":["Sweeping Beam+1","FTL+1"],"picked":"Double Energy+1","floor":35.0},{"not_picked":["Heatsinks","Redo"],"picked":"Tempest+1","floor":36.0},{"not_picked":["Doom and Gloom","Hello World","Leap+1"],"picked":"SKIP","floor":39.0},{"not_picked":["Go for the Eyes","Redo"],"picked":"Cold Snap+1","floor":41}],"player_experience":314828,"relics_obtained":[{"floor":7.0,"key":"Happy Flower"},{"floor":9.0,"key":"Regal Pillow"},{"floor":26.0,"key":"Shuriken"},{"floor":29.0,"key":"Potion Belt"},{"floor":43,"key":"Smiling Mask"}],"event_choices":[{"damage_healed":0.0,"max_hp_gain":0.0,"max_hp_loss":0.0,"gold_gain":0.0,"event_name":"Shining Light","player_choice":"Ignored","floor":12.0,"gold_loss":0.0,"damage_taken":0.0},{"damage_healed":0.0,"max_hp_gain":0.0,"max_hp_loss":0.0,"gold_gain":0.0,"event_name":"Drug Dealer","player_choice":"Inject Mutagens","floor":20.0,"gold_loss":0.0,"damage_taken":0.0,"relics_obtained":["MutagenicStrength"]},{"damage_healed":0.0,"max_hp_gain":0.0,"max_hp_loss":0.0,"gold_gain":0.0,"event_name":"The Joust","player_choice":"Bet on Murderer","floor":22.0,"gold_loss":50.0,"damage_taken":0.0},{"damage_healed":0.0,"max_hp_gain":0.0,"max_hp_loss":0.0,"gold_gain":0.0,"event_name":"Vampires","player_choice":"Ignored","floor":27.0,"gold_loss":0.0,"damage_taken":0.0},{"damage_healed":19.0,"max_hp_gain":0.0,"max_hp_loss":0.0,"gold_gain":0.0,"event_name":"Winding Halls","player_choice":"Writhe","floor":38.0,"gold_loss":0.0,"damage_taken":0.0,"cards_obtained":["Writhe"]},{"damage_healed":66,"gold_gain":0,"player_choice":"Heal","damage_taken":0,"max_hp_gain":0,"max_hp_loss":9,"event_name":"The Moai Head","floor":42,"gold_loss":0}],"is_beta":false,"boss_relics":[{"not_picked":["Philosopher\u0027s Stone","Runic Dome"],"picked":"Lizard Tail"},{"not_picked":["Velvet Choker","Snecko Eye"],"picked":"Orrery"}],"items_purged_floors":[3,14,37],"is_endless":false,"potions_floor_spawned":[1,2,5,10,19,21,33,35,36,41],"killed_by":"Transient","ascension_level":12}