{"gold_per_floor":[117,267,14,89,106,134,134,166,166,184,246,246,246,265,265,340,340,340,320,320,339,355,355,82,82,153,153,153,153,28,40,40,115,115,128,142,61,161,180,180,230,249,330,341,341,369,369,369,369,369],"floor_reached":51,"playtime":1911,"items_purged":["Doubt","Strike_R","Iron Wave"],"score":1256,"play_id":"ba63285e-bac9-4bc7-bc22-f6b62b315027","local_time":"20190126114057","is_ascension_mode":true,"campfire_choices":[{"data":"The Bomb","floor":7,"key":"SMITH"},{"data":"Clothesline","floor":13,"key":"SMITH"},{"floor":15,"key":"REST"},{"floor":23,"key":"REST"},{"data":"Demon Form","floor":25,"key":"SMITH"},{"data":"Ghostly Armor","floor":27,"key":"SMITH"},{"data":"Ghostly Armor","floor":29,"key":"SMITH"},{"floor":32,"key":"REST"},{"floor":40,"key":"REST"},{"data":"Brutality","floor":45,"key":"SMITH"},{"floor":47,"key":"REST"},{"data":"Intimidate","floor":49,"key":"SMITH"}],"neow_cost":"NONE","seed_source_timestamp":730403541205725,"circlet_count":0,"master_deck":["AscendersBane","Strike_R+1","Strike_R+1","Strike_R+1","Defend_R+1","Defend_R+1","Defend_R+1","Defend_R+1","The Bomb+1","Clothesline+1","Ghostly Armor+1","Ghostly Armor+1","Demon Form+1","The Bomb+1","Pummel","Brutality+1","Impervious","True Grit+1","Warcry+1","Parasite","Intimidate+1"],"relics":["Burning Blood","NeowsBlessing","Self Forming Clay","Blood Vial","Mummified Hand","Juzu Bracelet","Philosopher\u0027s Stone","Art of War","Kunai","Runic Pyramid","Mango","Blue Candle","Thread and Needle"],"potions_floor_usage":[11,18,33,46,50,50],"damage_taken":[{"damage":0,"enemies":"Small Slimes","floor":1,"turns":2},{"damage":0,"enemies":"2 Louse","floor":5,"turns":1},{"damage":0,"enemies":"Lagavulin","floor":6,"turns":1},{"damage":20,"enemies":"3 Sentries","floor":8,"turns":5},{"damage":2,"enemies":"Jaw Worm","floor":10,"turns":4},{"damage":46,"enemies":"Lagavulin Event","floor":11,"turns":7},{"damage":13,"enemies":"Lots of Slimes","floor":14,"turns":3},{"damage":46,"enemies":"Hexaghost","floor":16,"turns":12},{"damage":0,"enemies":"3 Byrds","floor":18,"turns":1},{"damage":19,"enemies":"Spheric Guardian","floor":21,"turns":5},{"damage":39,"enemies":"Snake Plant","floor":22,"turns":5},{"damage":21,"enemies":"Centurion and Healer","floor":31,"turns":4},{"damage":27,"enemies":"Collector","floor":33,"turns":10},{"damage":14,"enemies":"Orb Walker","floor":35,"turns":3},{"damage":33,"enemies":"3 Darklings","floor":36,"turns":3},{"damage":5,"enemies":"Mind Bloom Boss Battle","floor":38,"turns":7},{"damage":20,"enemies":"Spire Growth","floor":39,"turns":7},{"damage":5,"enemies":"Writhing Mass","floor":42,"turns":7},{"damage":5,"enemies":"3 Darklings","floor":44,"turns":4},{"damage":59,"enemies":"Giant Head","floor":46,"turns":9},{"damage":21,"enemies":"Time Eater","floor":50,"turns":16}],"seed_played":"7910141892447947432","potions_obtained":[{"floor":6,"key":"SmokeBomb"},{"floor":10,"key":"FearPotion"},{"floor":16,"key":"PowerPotion"},{"floor":19,"key":"SneckoOil"},{"floor":21,"key":"AttackPotion"},{"floor":33,"key":"Energy Potion"},{"floor":39,"key":"Dexterity Potion"},{"floor":46,"key":"Strength Potion"}],"is_trial":false,"path_per_floor":["M","?","$","?","M","E","R","E","T","M","?","?","R","M","R","B",null,"M","?","?","M","M","R","$","R","T","R","?","R","$","M","R","B",null,"M","M","$","?","M","R","?","M","T","M","R","E","R","?","R","B",null],"character_chosen":"IRONCLAD","items_purchased":["The Bomb","Art of War","Impervious"],"campfire_rested":5,"item_purchase_floors":[3,24,37],"current_hp_per_floor":[74,74,74,63,69,75,75,61,61,67,29,29,29,24,46,8,58,66,66,66,55,24,46,46,46,46,46,46,46,46,33,55,36,65,59,34,34,51,39,65,65,68,68,71,71,20,46,46,46,33],"gold":369,"neow_bonus":"THREE_ENEMY_KILL","is_prod":false,"is_daily":false,"chose_seed":false,"campfire_upgraded":7,"win_rate":0,"timestamp":1548520857,"path_taken":["M","?","$","?","M","E","R","E","T","M","?","?","R","M","R","BOSS","M","?","?","M","M","R","$","R","T","R","?","R","$","M","R","BOSS","M","M","$","?","M","R","?","M","T","M","R","E","R","?","R","BOSS"],"build_version":"2019-01-23","purchased_purges":3,"victory":true,"max_hp_per_floor":[75,75,75,75,75,75,75,75,75,75,75,75,75,75,75,75,75,75,75,75,75,75,75,75,75,75,75,75,75,75,75,75,75,75,75,75,75,89,89,89,89,89,89,89,89,89,89,89,89,89],"card_choices":[{"not_picked":["Body Slam","Twin Strike"],"picked":"Iron Wave","floor":1},{"not_picked":["Clash","Dropkick"],"picked":"Clothesline","floor":5},{"not_picked":["Armaments","Clash"],"picked":"Ghostly Armor","floor":6},{"not_picked":["Berserk","Perfected Strike","Double Tap"],"picked":"SKIP","floor":8},{"not_picked":["Dual Wield","Sword Boomerang"],"picked":"Ghostly Armor","floor":10},{"not_picked":["Heavy Blade","Pommel Strike","Fire Breathing"],"picked":"SKIP","floor":14},{"not_picked":["Fiend Fire","Immolate"],"picked":"Demon Form","floor":16},{"not_picked":["Heavy Blade","Pommel Strike"],"picked":"Pummel","floor":21},{"not_picked":["Warcry","Perfected Strike+1","Wild Strike+1"],"picked":"SKIP","floor":22},{"not_picked":["Heavy Blade","Berserk","Infernal Blade"],"picked":"SKIP","floor":31},{"not_picked":["Dark Embrace","Limit Break"],"picked":"Brutality","floor":33},{"not_picked":["Clash","Battle Trance+1","Sword Boomerang+1"],"picked":"SKIP","floor":35},{"not_picked":["Perfected Strike+1","Fire Breathing","Warcry"],"picked":"SKIP","floor":36},{"not_picked":["Perfected Strike","Battle Trance"],"picked":"True Grit+1","floor":38},{"not_picked":["Body Slam","Disarm"],"picked":"Warcry+1","floor":39},{"not_picked":["Twin Strike","Havoc","Warcry"],"picked":"SKIP","floor":42},{"not_picked":["Armaments","Limit Break"],"picked":"Intimidate","floor":44},{"not_picked":["Warcry","Uppercut+1","Sword Boomerang"],"picked":"SKIP","floor":46}],"player_experience":468297,"relics_obtained":[{"floor":6,"key":"Self Forming Clay"},{"floor":8,"key":"Blood Vial"},{"floor":9,"key":"Mummified Hand"},{"floor":11,"key":"Juzu Bracelet"},{"floor":26,"key":"Kunai"},{"floor":38,"key":"Mango"},{"floor":43,"key":"Blue Candle"},{"floor":46,"key":"Thread and Needle"}],"event_choices":[{"damage_healed":0,"gold_gain":150,"player_choice":"AGREE","damage_taken":0,"max_hp_gain":0,"max_hp_loss":0,"event_name":"Liars Game","floor":2,"gold_loss":0,"cards_obtained":["Doubt"]},{"damage_healed":0,"gold_gain":75,"player_choice":"Gather Gold","damage_taken":11,"max_hp_gain":0,"max_hp_loss":0,"event_name":"World of Goop","floor":4,"gold_loss":0},{"damage_healed":0,"gold_gain":0,"player_choice":"Searched \u00271\u0027 times","damage_taken":0,"max_hp_gain":0,"max_hp_loss":0,"event_name":"Dead Adventurer","floor":11,"gold_loss":0},{"cards_removed":["Bash"],"damage_healed":0,"gold_gain":0,"player_choice":"Forget","damage_taken":0,"max_hp_gain":0,"max_hp_loss":0,"event_name":"Living Wall","floor":12,"gold_loss":0},{"damage_healed":0,"gold_gain":0,"player_choice":"Bought 1 Potion","damage_taken":0,"max_hp_gain":0,"max_hp_loss":0,"event_name":"The Woman in Blue","floor":19,"gold_loss":0},{"damage_healed":0,"gold_gain":0,"player_choice":"Copied","damage_taken":0,"max_hp_gain":0,"max_hp_loss":0,"event_name":"Duplicator","floor":20,"gold_loss":0,"cards_obtained":["The Bomb"]},{"damage_healed":0,"gold_gain":0,"player_choice":"Simplicity","damage_taken":0,"max_hp_gain":0,"max_hp_loss":0,"event_name":"Back to Basics","floor":28,"gold_loss":0,"cards_upgraded":["Strike_R","Strike_R","Strike_R","Strike_R","Defend_R","Defend_R","Defend_R","Defend_R"]},{"damage_healed":0,"gold_gain":0,"player_choice":"Fight","damage_taken":0,"max_hp_gain":0,"max_hp_loss":0,"event_name":"MindBloom","floor":38,"gold_loss":0},{"damage_healed":0,"gold_gain":50,"player_choice":"Pray","damage_taken":0,"max_hp_gain":0,"max_hp_loss":0,"event_name":"Golden Shrine","floor":41,"gold_loss":0},{"cards_removed":["Strike_R"],"damage_healed":0,"gold_gain":0,"player_choice":"Purged","damage_taken":0,"max_hp_gain":0,"max_hp_loss":0,"event_name":"Purifier","floor":48,"gold_loss":0}],"is_beta":false,"boss_relics":[{"not_picked":["Coffee Dripper","Runic Dome"],"picked":"Philosopher\u0027s Stone"},{"not_picked":["Tiny House","Busted Crown"],"picked":"Runic Pyramid"}],"items_purged_floors":[3,24,30],"is_endless":false,"potions_floor_spawned":[6,10,16,21,33,39,42,46],"ascension_level":16}