{"gold_per_floor":[166,184,8,8,26,26,50,70,94,114,114],"floor_reached":11,"playtime":383,"items_purged":[],"score":67,"play_id":"f907394a-5517-47de-95f3-02fe86a565e6","local_time":"20181024135437","is_ascension_mode":false,"campfire_choices":[{"data":"Apotheosis","floor":6,"key":"SMITH"}],"neow_cost":"NONE","seed_source_timestamp":763885140450907,"circlet_count":0,"master_deck":["Defend_G","Defend_G","Defend_G","Defend_G","Defend_G","Strike_G+1","Strike_G","Strike_G","Strike_G","Strike_G","Survivor","Neutralize","Flying Knee","Eviscerate","Doppelganger","Apotheosis+1","Expertise","Sucker Punch","Flying Knee","Tactician"],"relics":["Tiny House","Golden Idol","Boot"],"potions_floor_usage":[11,11],"damage_taken":[{"damage":1,"enemies":"Cultist","floor":1,"turns":4},{"damage":15,"enemies":"Small Slimes","floor":2,"turns":3},{"damage":8,"enemies":"Jaw Worm","floor":5,"turns":3},{"damage":7,"enemies":"Looter","floor":7,"turns":4},{"damage":16,"enemies":"3 Louse","floor":8,"turns":3},{"damage":2,"enemies":"Blue Slaver","floor":10,"turns":4},{"damage":15,"enemies":"The Mushroom Lair","floor":11,"turns":2}],"seed_played":"-3262627723851109951","potions_obtained":[{"floor":0,"key":"EssenceOfSteel"},{"floor":2,"key":"Ancient Potion"},{"floor":7,"key":"LiquidBronze"},{"floor":8,"key":"Fire Potion"}],"is_trial":false,"path_per_floor":["M","M","$","?","M","R","M","M","T","M"],"character_chosen":"THE_SILENT","items_purchased":["Apotheosis"],"campfire_rested":0,"item_purchase_floors":[3],"current_hp_per_floor":[74,59,59,41,33,33,26,10,10,8,0],"gold":114,"neow_bonus":"BOSS_RELIC","is_prod":false,"is_daily":false,"chose_seed":false,"campfire_upgraded":1,"win_rate":0,"timestamp":1540403677,"path_taken":["M","M","$","?","M","R","M","M","T","M","?"],"build_version":"2018-10-18","purchased_purges":0,"victory":false,"max_hp_per_floor":[75,75,75,75,75,75,75,75,75,75,75],"card_choices":[{"not_picked":["Backflip","Deflect"],"picked":"Flying Knee","floor":0},{"not_picked":["Caltrops","Bane"],"picked":"Eviscerate","floor":1},{"not_picked":["Dagger Spray","Dodge and Roll"],"picked":"Doppelganger","floor":2},{"not_picked":["Crippling Poison","Dodge and Roll"],"picked":"Expertise","floor":5},{"not_picked":["Slice","Dodge and Roll"],"picked":"Sucker Punch","floor":7},{"not_picked":["Well Laid Plans","Riddle With Holes"],"picked":"Flying Knee","floor":8},{"not_picked":["Backflip","Cloak And Dagger"],"picked":"Tactician","floor":10}],"player_experience":228643,"relics_obtained":[{"floor":9,"key":"Boot"}],"event_choices":[{"damage_healed":0,"gold_gain":0,"player_choice":"Take Damage","damage_taken":18,"relics_obtained":["Golden Idol"],"max_hp_gain":0,"max_hp_loss":0,"event_name":"Golden Idol","floor":4,"gold_loss":0},{"damage_healed":0,"gold_gain":0,"player_choice":"Fought Mushrooms","damage_taken":0,"max_hp_gain":0,"max_hp_loss":0,"event_name":"Mushrooms","floor":11,"gold_loss":0}],"is_beta":false,"boss_relics":[],"items_purged_floors":[],"is_endless":false,"potions_floor_spawned":[2,7,8],"killed_by":"The Mushroom Lair","ascension_level":0}