{"gold_per_floor":[12,30,48,48,58,58,90,103,103,103],"floor_reached":10,"playtime":328,"items_purged":[],"score":91,"play_id":"efb2c651-0216-4457-9b7d-cd38d5a10275","local_time":"20190113101244","is_ascension_mode":true,"campfire_choices":[{"data":"Chill","floor":6,"key":"SMITH"},{"floor":10,"key":"DIG"}],"neow_cost":"NO_GOLD","seed_source_timestamp":318028142052527,"circlet_count":0,"master_deck":["Strike_B","Strike_B","Strike_B","Strike_B","Defend_B","Defend_B","Defend_B","Defend_B","Zap","Dualcast","Chill+1","Undo","Amplify"],"relics":["Cracked Core","Torii","Ancient Tea Set","Shovel","Blue Candle"],"potions_floor_usage":[7,7],"damage_taken":[{"damage":0,"enemies":"2 Louse","floor":1,"turns":2},{"damage":10,"enemies":"Small Slimes","floor":2,"turns":3},{"damage":1,"enemies":"Jaw Worm","floor":3,"turns":2},{"damage":11,"enemies":"Looter","floor":5,"turns":3},{"damage":34,"enemies":"Gremlin Nob","floor":7,"turns":5},{"damage":19,"enemies":"Large Slime","floor":8,"turns":7}],"seed_played":"-1572952554311842769","potions_obtained":[{"floor":1,"key":"Block Potion"},{"floor":5,"key":"GamblersBrew"},{"floor":7,"key":"FairyPotion"}],"is_trial":false,"path_per_floor":["M","M","M","?","M","R","E","M","T","R"],"character_chosen":"DEFECT","items_purchased":[],"campfire_rested":0,"item_purchase_floors":[],"current_hp_per_floor":[68,58,57,62,51,51,17,7,7,7],"gold":103,"neow_bonus":"ONE_RARE_RELIC","is_prod":false,"is_daily":false,"chose_seed":false,"campfire_upgraded":1,"win_rate":0,"timestamp":1547392364,"path_taken":["M","M","M","?","M","R","E","M","T","R"],"build_version":"2019-01-10","purchased_purges":0,"victory":false,"max_hp_per_floor":[75,75,75,80,80,80,80,80,80,80],"card_choices":[{"not_picked":["Rebound","Ball Lightning"],"picked":"Chill","floor":1},{"not_picked":["Melter","Storm","Turbo"],"picked":"SKIP","floor":2},{"not_picked":["Sunder","Steam"],"picked":"Undo","floor":3},{"not_picked":["Turbo","Force Field","Melter"],"picked":"SKIP","floor":5},{"not_picked":["Beam Cell","Rip and Tear"],"picked":"Amplify","floor":7},{"not_picked":["Redo","Beam Cell","Melter"],"picked":"SKIP","floor":8}],"player_experience":371072,"relics_obtained":[{"floor":7,"key":"Ancient Tea Set"},{"floor":9,"key":"Shovel"},{"floor":10,"key":"Blue Candle"}],"event_choices":[{"damage_healed":0,"gold_gain":0,"player_choice":"Donut","damage_taken":0,"max_hp_gain":5,"max_hp_loss":0,"event_name":"Big Fish","floor":4,"gold_loss":0}],"is_beta":false,"boss_relics":[],"items_purged_floors":[],"is_endless":false,"potions_floor_spawned":[1,5,7],"ascension_level":6}