{"gold_per_floor":[112,127,138,11,29,29,61,11,11,11],"floor_reached":10,"playtime":275,"items_purged":["Strike_R"],"score":102,"play_id":"24a22621-ba5f-4338-98fd-444117ccdc21","local_time":"20190109123920","is_ascension_mode":true,"campfire_choices":[{"data":"Bash","floor":6,"key":"SMITH"}],"neow_cost":"NONE","seed_source_timestamp":1678866844698618,"circlet_count":0,"master_deck":["AscendersBane","Strike_R","Strike_R","Strike_R","Defend_R","Defend_R","Defend_R","Defend_R","Bash+1","Heavy Blade","True Grit"],"relics":["Burning Blood","NeowsBlessing","Regal Pillow","Potion Belt"],"potions_floor_usage":[7,10],"damage_taken":[{"damage":0,"enemies":"2 Louse","floor":1,"turns":1},{"damage":0,"enemies":"Jaw Worm","floor":2,"turns":1},{"damage":0,"enemies":"Cultist","floor":3,"turns":1},{"damage":35,"enemies":"3 Louse","floor":5,"turns":4},{"damage":40,"enemies":"Lagavulin","floor":7,"turns":4},{"damage":18,"enemies":"Blue Slaver","floor":10,"turns":4}],"seed_played":"2238709208194363411","potions_obtained":[{"floor":1,"key":"FearPotion"}],"is_trial":false,"path_per_floor":["M","M","M","$","M","R","E","?","T","M"],"character_chosen":"IRONCLAD","items_purchased":["Strength Potion"],"campfire_rested":0,"item_purchase_floors":[4],"current_hp_per_floor":[78,80,80,80,51,51,17,17,17,0],"gold":11,"neow_bonus":"THREE_ENEMY_KILL","is_prod":false,"is_daily":false,"chose_seed":false,"campfire_upgraded":1,"win_rate":0,"timestamp":1547055560,"path_taken":["M","M","M","$","M","R","E","?","T","M"],"build_version":"2019-01-03v4","purchased_purges":1,"victory":false,"max_hp_per_floor":[80,80,80,80,80,80,80,80,80,80],"card_choices":[{"not_picked":["Infernal Blade","True Grit"],"picked":"Heavy Blade","floor":1},{"not_picked":["Wild Strike","Fire Breathing","Heavy Blade"],"picked":"SKIP","floor":2},{"not_picked":["Pommel Strike","Warcry","Pummel"],"picked":"SKIP","floor":3},{"not_picked":["Warcry","Shrug It Off","Armaments"],"picked":"SKIP","floor":5},{"not_picked":["Sword Boomerang","Hemokinesis"],"picked":"True Grit","floor":7}],"player_experience":361562,"relics_obtained":[{"floor":7,"key":"Regal Pillow"},{"floor":9,"key":"Potion Belt"}],"event_choices":[{"cards_removed":["Strike_R"],"damage_healed":0,"gold_gain":0,"player_choice":"Card Removal","damage_taken":0,"max_hp_gain":0,"max_hp_loss":0,"event_name":"The Cleric","floor":8,"gold_loss":50}],"is_beta":false,"boss_relics":[],"items_purged_floors":[4],"is_endless":false,"potions_floor_spawned":[1],"killed_by":"Blue Slaver","ascension_level":10}