{"gold_per_floor":[118,130,130,146,158,158,138,138,207,239,252,252],"floor_reached":12,"playtime":1012,"items_purged":[],"score":104,"play_id":"63ac4c55-5164-4191-aaf4-02e05155f86d","local_time":"20190209083500","is_ascension_mode":true,"campfire_choices":[{"data":"Armaments","floor":6,"key":"SMITH"},{"data":"Heavy Blade","floor":8,"key":"SMITH"}],"neow_cost":"NONE","seed_source_timestamp":12237758257735,"circlet_count":0,"master_deck":["Strike_R","Strike_R","Strike_R","Strike_R","Defend_R","Defend_R","Defend_R","Defend_R","Bash","Heavy Blade+1","Armaments+1","Shockwave","Flex","Heavy Blade"],"relics":["Burning Blood","Bag of Marbles","Toxic Egg 2","Omamori"],"potions_floor_usage":[10,10],"damage_taken":[{"damage":7,"enemies":"2 Louse","floor":1,"turns":3},{"damage":1,"enemies":"Cultist","floor":2,"turns":3},{"damage":7,"enemies":"Jaw Worm","floor":4,"turns":3},{"damage":28,"enemies":"Large Slime","floor":5,"turns":7},{"damage":18,"enemies":"3 Sentries","floor":10,"turns":13},{"damage":31,"enemies":"Exordium Wildlife","floor":11,"turns":4},{"damage":17,"enemies":"Lots of Slimes","floor":12,"turns":5}],"seed_played":"-1522810945425086869","potions_obtained":[{"floor":2,"key":"Swift Potion"},{"floor":5,"key":"GamblersBrew"},{"floor":7,"key":"Weak Potion"}],"is_trial":false,"path_per_floor":["M","M","?","M","M","R","?","R","T","E","M","M"],"character_chosen":"IRONCLAD","items_purchased":[],"campfire_rested":0,"item_purchase_floors":[],"current_hp_per_floor":[71,76,76,75,53,53,53,53,53,41,16,0],"gold":252,"neow_bonus":"RANDOM_COMMON_RELIC","is_prod":false,"is_daily":false,"chose_seed":false,"campfire_upgraded":2,"win_rate":0,"timestamp":1549730100,"path_taken":["M","M","?","M","M","R","?","R","T","E","M","?"],"build_version":"2019-01-23","purchased_purges":0,"victory":false,"max_hp_per_floor":[80,80,80,80,80,80,80,80,80,80,80,80],"card_choices":[{"not_picked":["Wild Strike","Burning Pact","Anger"],"picked":"SKIP","floor":1},{"not_picked":["Clothesline","Flex"],"picked":"Heavy Blade","floor":2},{"not_picked":["Combust","Infernal Blade"],"picked":"Shockwave","floor":4},{"not_picked":["Warcry","Ghostly Armor"],"picked":"Flex","floor":5},{"not_picked":["Dual Wield+1","Entrench+1"],"picked":"Heavy Blade","floor":10},{"not_picked":["Warcry+1","Sword Boomerang","Armaments+1"],"picked":"SKIP","floor":11}],"player_experience":304300,"relics_obtained":[{"floor":9,"key":"Toxic Egg 2"},{"floor":10,"key":"Omamori"}],"event_choices":[{"damage_healed":0,"gold_gain":0,"cards_transformed":["Strike_R"],"player_choice":"Change","damage_taken":0,"max_hp_gain":0,"max_hp_loss":0,"event_name":"Living Wall","floor":3,"gold_loss":0,"cards_obtained":["Armaments"]},{"damage_healed":0,"gold_gain":0,"player_choice":"Bought 1 Potion","damage_taken":0,"max_hp_gain":0,"max_hp_loss":0,"event_name":"The Woman in Blue","floor":7,"gold_loss":0}],"is_beta":false,"boss_relics":[],"items_purged_floors":[],"is_endless":false,"potions_floor_spawned":[2,5],"killed_by":"Lots of Slimes","ascension_level":6}