{"gold_per_floor":[115,125,200,21,21,21,55,55,110,110,127,142,317,336,336,431,431,442,27,27,27,39,39,64,64,64,79,79,178,178,192,192,192],"floor_reached":33,"playtime":1707,"items_purged":["Strike_G","Doubt"],"score":381,"play_id":"1a890afb-0289-48e3-b2e8-520bd92e87e9","local_time":"20190214213411","is_ascension_mode":true,"campfire_choices":[{"data":"Cloak And Dagger","floor":6.0,"key":"SMITH"},{"floor":8.0,"key":"REST"},{"data":"Neutralize","floor":15.0,"key":"SMITH"},{"data":"Cloak And Dagger","floor":23.0,"key":"SMITH"},{"floor":28.0,"key":"REST"},{"data":"Malaise","floor":32.0,"key":"SMITH"}],"neow_cost":"NONE","seed_source_timestamp":0,"circlet_count":0,"master_deck":["Defend_G","Defend_G","Defend_G","Defend_G","Defend_G","Strike_G","Strike_G","Strike_G","Survivor","Neutralize+1","Cloak And Dagger+1","Terror","Infinite Blades","Backflip","Tools of the Trade","Malaise+1","Cloak And Dagger+1","Catalyst"],"special_seed":0,"relics":["WristBlade","Art of War","Blood Vial","Boot","Busted Crown","Oddly Smooth Stone","FaceOfCleric","Omamori","Molten Egg 2"],"potions_floor_usage":[33,33],"damage_taken":[{"damage":2.0,"enemies":"2 Louse","floor":1.0,"turns":4.0},{"damage":2.0,"enemies":"Small Slimes","floor":2.0,"turns":5.0},{"damage":13.0,"enemies":"Lagavulin","floor":7.0,"turns":7.0},{"damage":0.0,"enemies":"Cultist","floor":11.0,"turns":3.0},{"damage":5.0,"enemies":"Looter","floor":12.0,"turns":3.0},{"damage":1.0,"enemies":"2 Fungi Beasts","floor":14.0,"turns":2.0},{"damage":32.0,"enemies":"The Guardian","floor":16.0,"turns":14.0},{"damage":5.0,"enemies":"Shell Parasite","floor":18.0,"turns":6.0},{"damage":15.0,"enemies":"2 Thieves","floor":22.0,"turns":5.0},{"damage":2.0,"enemies":"Book of Stabbing","floor":24.0,"turns":6.0},{"damage":20.0,"enemies":"Sentry and Sphere","floor":27.0,"turns":8.0},{"damage":0.0,"enemies":"Centurion and Healer","floor":31.0,"turns":8.0},{"damage":103,"enemies":"Champ","floor":33,"turns":13}],"seed_played":"-6337954068119813918","potions_obtained":[{"floor":2.0,"key":"GamblersBrew"},{"floor":7.0,"key":"Dexterity Potion"},{"floor":10.0,"key":"Fruit Juice"},{"floor":10.0,"key":"FairyPotion"},{"floor":12.0,"key":"Explosive Potion"},{"floor":16.0,"key":"Weak Potion"},{"floor":27.0,"key":"Swift Potion"}],"is_trial":false,"path_per_floor":["M","M","?","$","?","R","E","R","T","?","M","M","?","M","R","B",null,"M","$","?","$","M","R","E","$","T","M","R","?","?","M","R","B"],"character_chosen":"THE_SILENT","items_purchased":["Cloak And Dagger","Terror","Oddly Smooth Stone","Malaise","Cloak And Dagger"],"campfire_rested":2,"item_purchase_floors":[4,4,19,19,19],"current_hp_per_floor":[61,59,48,48,30,30,17,38,38,38,45,42,42,43,43,13,60,57,57,57,57,45,45,46,46,46,29,52,52,52,55,55,0],"gold":192,"neow_bonus":"BOSS_RELIC","is_prod":false,"is_daily":false,"chose_seed":false,"campfire_upgraded":4,"win_rate":0,"timestamp":1550208851,"path_taken":["M","M","?","$","?","R","E","R","T","?","M","?","?","M","R","BOSS","M","$","?","?","M","R","E","$","T","?","R","?","?","M","R","BOSS"],"build_version":"2019-01-23","purchased_purges":2,"victory":false,"max_hp_per_floor":[70,70,70,70,70,70,70,70,70,70,75,75,75,75,75,75,75,75,75,75,75,76,76,77,77,77,78,78,78,78,79,79,79],"card_choices":[{"not_picked":["Flying Knee","Quick Slash","Riddle With Holes"],"picked":"SKIP","floor":1.0},{"not_picked":["Bane","Underhanded Strike","Flying Knee"],"picked":"SKIP","floor":2.0},{"not_picked":["Burst","Storm of Steel"],"picked":"Infinite Blades","floor":7.0},{"not_picked":["Bane","Terror"],"picked":"Backflip","floor":11.0},{"not_picked":["Deadly Poison","Outmaneuver","Distraction"],"picked":"SKIP","floor":12.0},{"not_picked":["Infinite Blades","Flying Knee","Dodge and Roll"],"picked":"SKIP","floor":14.0},{"not_picked":["Corpse Explosion","Grand Finale"],"picked":"Tools of the Trade","floor":16.0},{"not_picked":["Quick Slash"],"picked":"SKIP","floor":18.0},{"not_picked":["PiercingWail"],"picked":"SKIP","floor":22.0},{"not_picked":["Deflect"],"picked":"SKIP","floor":24.0},{"not_picked":["Crippling Poison"],"picked":"SKIP","floor":27.0},{"not_picked":["Setup"],"picked":"SKIP","floor":31.0}],"player_experience":369306,"relics_obtained":[{"floor":7.0,"key":"Blood Vial"},{"floor":9.0,"key":"Boot"},{"floor":24.0,"key":"Omamori"},{"floor":26.0,"key":"Molten Egg 2"}],"event_choices":[{"damage_healed":0.0,"max_hp_gain":0.0,"max_hp_loss":0.0,"gold_gain":75.0,"event_name":"World of Goop","player_choice":"Gather Gold","floor":3.0,"gold_loss":0.0,"damage_taken":11.0},{"damage_healed":0.0,"max_hp_gain":0.0,"max_hp_loss":0.0,"gold_gain":0.0,"event_name":"Scrap Ooze","player_choice":"Success","floor":5.0,"gold_loss":0.0,"damage_taken":18.0,"relics_obtained":["Art of War"]},{"damage_healed":0.0,"max_hp_gain":0.0,"max_hp_loss":0.0,"gold_gain":0.0,"event_name":"Lab","player_choice":"Got Potions","floor":10.0,"gold_loss":0.0,"damage_taken":0.0},{"damage_healed":0.0,"max_hp_gain":0.0,"max_hp_loss":0.0,"gold_gain":175.0,"event_name":"Liars Game","player_choice":"AGREE","floor":13.0,"gold_loss":0.0,"damage_taken":0.0,"cards_obtained":["Doubt"]},{"damage_healed":0.0,"max_hp_gain":0.0,"max_hp_loss":0.0,"gold_gain":0.0,"event_name":"FaceTrader","player_choice":"Trade","floor":20.0,"gold_loss":0.0,"damage_taken":0.0,"relics_obtained":["FaceOfCleric"]},{"damage_healed":0.0,"max_hp_gain":0.0,"max_hp_loss":0.0,"gold_gain":99.0,"event_name":"Nest","player_choice":"Stole From Cult","floor":29.0,"gold_loss":0.0,"damage_taken":0.0},{"damage_healed":0.0,"max_hp_gain":0.0,"max_hp_loss":0.0,"gold_gain":0.0,"cards_transformed":["Strike_G"],"event_name":"Transmorgrifier","player_choice":"Transformed","floor":30.0,"gold_loss":0.0,"damage_taken":0.0,"cards_obtained":["Catalyst"]}],"is_beta":false,"boss_relics":[{"not_picked":["Empty Cage","Lizard Tail"],"picked":"Busted Crown"}],"items_purged_floors":[4,19],"is_endless":false,"potions_floor_spawned":[2,7,12,16,18,27],"killed_by":"Champ","ascension_level":9}