{"path_per_floor":["M","M","?","M","?","R","E","R","T","R","E","?","M","E","R","B",null,"M","T","?","T","M","R","?","$","T","R","?","R","M","?","R","B",null,"M","?","?","?","?"],"character_chosen":"IRONCLAD","items_purchased":["Oddly Smooth Stone"],"gold_per_floor":[118,131,131,143,143,143,171,171,171,171,198,198,214,248,248,343,343,354,380,380,380,390,390,390,172,172,172,172,172,184,184,184,289,289,308,308,308,308,362,362],"floor_reached":40,"campfire_rested":2,"playtime":1778,"current_hp_per_floor":[80,80,64,70,63,63,42,42,42,66,42,49,45,40,67,90,90,74,74,74,81,83,83,83,83,83,83,83,83,81,67,67,52,67,25,25,25,59,35,0],"items_purged":["Strike_R"],"gold":362,"score":509,"play_id":"3a93fb8d-42d5-49ca-92ae-f2f6d089e3e9","local_time":"20180425003501","is_prod":false,"is_daily":false,"chose_seed":false,"is_ascension_mode":true,"campfire_upgraded":6,"timestamp":1524641701,"path_taken":["M","?","?","M","?","R","E","R","T","R","E","?","M","E","R","BOSS","M","?","?","?","M","R","?","$","T","R","?","R","M","?","R","BOSS","M","?","?","?","?","E"],"build_version":"2018-04-19","seed_source_timestamp":0,"purchased_purges":1,"victory":false,"master_deck":["Defend_R","Defend_R","Defend_R","Defend_R","Bash+1","Rampage+1","Shrug It Off+1","Seeing Red","Demon Form+1","Whirlwind+1","Heavy Blade+1","Offering","Pommel Strike+1","Headbutt+1","Writhe","Bite+1","Bite+1","Bite+1","Bite+1","Bite+1","Heavy Blade+1"],"max_hp_per_floor":[80,80,80,80,80,80,80,80,80,80,80,90,90,90,90,90,90,90,90,90,97,97,97,97,97,97,97,97,97,97,67,67,67,67,67,67,67,59,59,59],"relics":["Burning Blood","Dream Catcher","Pantograph","Ornamental Fan","Orichalcum","Pear","Juzu Bracelet","Runic Cube","Whetstone","Strawberry","Oddly Smooth Stone","Matryoshka","Molten Egg 2","Cursed Key","Thread and Needle"],"card_choices":[{"not_picked":["Armaments","Shrug It Off"],"picked":"Rampage","floor":1.0},{"not_picked":["Armaments","Disarm"],"picked":"Shrug It Off","floor":2.0},{"not_picked":["Warcry","Cleave"],"picked":"Seeing Red","floor":4.0},{"not_picked":["True Grit","Iron Wave"],"picked":"Demon Form","floor":7.0},{"not_picked":["Iron Wave","Searing Blow"],"picked":"Whirlwind","floor":11},{"not_picked":["Perfected Strike","Body Slam"],"picked":"Heavy Blade","floor":15},{"not_picked":["Fiend Fire","Juggernaut"],"picked":"Offering","floor":16},{"not_picked":["Shrug It Off","True Grit"],"picked":"Pommel Strike","floor":18},{"not_picked":["Cleave","Intimidate"],"picked":"Heavy Blade","floor":35}],"player_experience":133694,"potions_floor_usage":[16,30,30,33,33],"damage_taken":[{"damage":1.0,"enemies":"Cultist","floor":1.0,"turns":3.0},{"damage":3.0,"enemies":"2 Louse","floor":2.0,"turns":3.0},{"damage":0.0,"enemies":"Small Slimes","floor":4.0,"turns":3.0},{"damage":27.0,"enemies":"Lagavulin","floor":7.0,"turns":5.0},{"damage":30.0,"enemies":"3 Sentries","floor":11.0,"turns":6.0},{"damage":10,"enemies":"Exordium Thugs","floor":13,"turns":6},{"damage":11,"enemies":"3 Sentries","floor":14,"turns":6},{"damage":6,"enemies":"Slime Boss","floor":16,"turns":8},{"damage":22,"enemies":"Shell Parasite","floor":18,"turns":4},{"damage":4,"enemies":"3 Byrds","floor":22,"turns":5},{"damage":8,"enemies":"Cultist and Chosen","floor":30,"turns":5},{"damage":28,"enemies":"Automaton","floor":33,"turns":6},{"damage":63,"enemies":"3 Darklings","floor":35,"turns":4},{"damage":51,"enemies":"Mysterious Sphere","floor":39,"turns":7},{"damage":55,"enemies":"2 Orb Walkers","floor":40,"turns":4}],"event_choices":[{"event_name":"Shining Light","player_choice":"Entered Light","floor":3.0,"damage_taken":0.0},{"event_name":"Golden Wing","player_choice":"Card Removal","floor":5.0,"damage_taken":0.0},{"event_name":"Scrap Ooze","player_choice":"success","floor":12,"damage_taken":3},{"event_name":"The Lab","player_choice":"Got Potions","floor":20,"damage_taken":0},{"event_name":"The Library","player_choice":"Read","floor":24,"damage_taken":0},{"event_name":"The Mausoleum","player_choice":"Yes","floor":28,"damage_taken":0},{"event_name":"Vampires","player_choice":"Became a vampire","floor":31,"damage_taken":0},{"event_name":"Tomb of Lord Red Mask","player_choice":"Ignored","floor":36,"damage_taken":0},{"event_name":"SensoryStone","player_choice":"Memory 1","floor":37,"damage_taken":0},{"event_name":"The Moai Head","player_choice":"Heal","floor":38,"damage_taken":0},{"event_name":"Mysterious Sphere","player_choice":"Fight","floor":39,"damage_taken":0}],"boss_relics":[{"not_picked":["Philosopher\u0027s Stone","Ectoplasm"],"picked":"Runic Cube"},{"not_picked":["Eternal Feather","Tiny House"],"picked":"Cursed Key"}],"potions_floor_spawned":[1,14,16,18,22,30],"seed_played":"7075093221216320555","killed_by":"2 Orb Walkers","ascension_level":3,"is_trial":false}