{"gold_per_floor":[111,123,139,155,171,197,197,216,266,266,293,253,253,266,266,366,366,376,391,408,408],"floor_reached":21,"playtime":1503,"items_purged":[],"score":263,"play_id":"497ca3a6-3e2f-4c87-920c-f1db0acdc8ca","local_time":"20190304181850","is_ascension_mode":true,"campfire_choices":[{"data":"Burst","floor":7,"key":"SMITH"},{"floor":10,"key":"REST"},{"floor":13,"key":"REST"},{"data":"Neutralize","floor":15,"key":"SMITH"}],"neow_cost":"NONE","seed_source_timestamp":25019253381095,"circlet_count":0,"master_deck":["Defend_G","Defend_G","Defend_G","Defend_G","Defend_G","Strike_G","Strike_G","Strike_G","Survivor","Neutralize+1","Dagger Spray","Poisoned Stab","Bane","Backflip","Tactician","Burst+1","Dodge and Roll","Blur","Cloak And Dagger","Glass Knife","PiercingWail","Backstab","Caltrops"],"relics":["Ring of the Snake","Oddly Smooth Stone","Bag of Preparation","Anchor","Art of War","Empty Cage"],"potions_floor_usage":[5,6,11,16,16,16,16,16,16,21],"damage_taken":[{"damage":0,"enemies":"Cultist","floor":1,"turns":4},{"damage":2,"enemies":"2 Louse","floor":2,"turns":3},{"damage":0,"enemies":"Small Slimes","floor":3,"turns":3},{"damage":1,"enemies":"Blue Slaver","floor":4,"turns":5},{"damage":13,"enemies":"Lots of Slimes","floor":5,"turns":4},{"damage":30,"enemies":"3 Sentries","floor":6,"turns":11},{"damage":2,"enemies":"Red Slaver","floor":8,"turns":5},{"damage":25,"enemies":"Gremlin Nob","floor":11,"turns":5},{"damage":0,"enemies":"Blue Slaver","floor":14,"turns":5},{"damage":41,"enemies":"Slime Boss","floor":16,"turns":19},{"damage":39,"enemies":"Spheric Guardian","floor":18,"turns":12},{"damage":1,"enemies":"Shell Parasite","floor":19,"turns":15},{"damage":5,"enemies":"Centurion and Healer","floor":20,"turns":17},{"damage":14,"enemies":"Cultist and Chosen","floor":21,"turns":8}],"seed_played":"-6094997832915798173","potions_obtained":[{"floor":3,"key":"Weak Potion"},{"floor":4,"key":"Strength Potion"},{"floor":5,"key":"Regen Potion"},{"floor":11,"key":"Weak Potion"},{"floor":12,"key":"Block Potion"},{"floor":12,"key":"EntropicBrew"},{"floor":16,"key":"Energy Potion"}],"is_trial":false,"path_per_floor":["M","M","M","M","M","E","R","M","T","R","E","?","R","M","R","B",null,"M","M","M","M"],"character_chosen":"THE_SILENT","items_purchased":[],"campfire_rested":2,"item_purchase_floors":[],"current_hp_per_floor":[63,61,61,60,47,32,32,30,30,51,26,26,47,47,47,21,58,19,18,13,0],"gold":408,"neow_bonus":"RANDOM_COMMON_RELIC","is_prod":false,"is_daily":false,"chose_seed":false,"campfire_upgraded":2,"win_rate":0,"timestamp":1551691130,"path_taken":["M","M","M","?","M","E","R","M","T","R","E","?","R","M","R","BOSS","M","M","M","?"],"build_version":"2019-01-23","purchased_purges":0,"victory":false,"max_hp_per_floor":[70,70,70,70,70,70,70,70,70,70,70,70,70,70,70,70,70,70,70,70,70],"card_choices":[{"not_picked":["Heel Hook","Calculated Gamble"],"picked":"Dagger Spray","floor":1},{"not_picked":["Slice","Skewer"],"picked":"Poisoned Stab","floor":2},{"not_picked":["Underhanded Strike","Endless Agony"],"picked":"Bane","floor":3},{"not_picked":["Finisher","Slice"],"picked":"Backflip","floor":4},{"not_picked":["Bane","Flying Knee"],"picked":"Tactician","floor":5},{"not_picked":["Prepared","All Out Attack"],"picked":"Burst","floor":6},{"not_picked":["Backstab","Acrobatics"],"picked":"Dodge and Roll","floor":8},{"not_picked":["Flying Knee","Slice"],"picked":"Blur","floor":11},{"not_picked":["Expertise","Terror"],"picked":"Cloak And Dagger","floor":14},{"not_picked":["Venomology","Storm of Steel"],"picked":"Glass Knife","floor":16},{"not_picked":["Outmaneuver","Eviscerate"],"picked":"PiercingWail","floor":18},{"not_picked":["Choke","Blade Dance+1"],"picked":"Backstab","floor":19},{"not_picked":["Poisoned Stab","Quick Slash"],"picked":"Caltrops","floor":20}],"player_experience":387633,"relics_obtained":[{"floor":6,"key":"Bag of Preparation"},{"floor":9,"key":"Anchor"},{"floor":11,"key":"Art of War"}],"event_choices":[{"damage_healed":0,"gold_gain":0,"player_choice":"Bought 3 Potions","damage_taken":0,"max_hp_gain":0,"max_hp_loss":0,"event_name":"The Woman in Blue","floor":12,"gold_loss":0}],"is_beta":false,"boss_relics":[{"not_picked":["Sozu","HoveringKite"],"picked":"Empty Cage"}],"items_purged_floors":[],"is_endless":false,"potions_floor_spawned":[3,4,5,11,16],"killed_by":"Cultist and Chosen","ascension_level":7}