{"gold_per_floor":[11,11,86,100,100,100,119,44,112,131,31,75,75,95,95,188,188,213,213],"floor_reached":19,"playtime":748,"items_purged":["Strike_R","Strike_R"],"score":292,"play_id":"3b8314b9-9515-48e4-ae2a-424f755ac4c8","local_time":"20190124155844","is_ascension_mode":true,"campfire_choices":[{"floor":6,"key":"DIG"},{"data":"Body Slam","floor":13,"key":"SMITH"},{"data":"Ghostly Armor","floor":15,"key":"SMITH"}],"neow_cost":"NO_GOLD","seed_source_timestamp":574237177630343,"circlet_count":0,"master_deck":["AscendersBane","Strike_R","Strike_R","Strike_R","Defend_R","Defend_R+1","Defend_R","Defend_R+1","Bash","Body Slam+1","Ghostly Armor+1","Double Tap","Body Slam"],"relics":["Burning Blood","Shovel","Golden Idol","War Paint","Question Card","Dream Catcher","Runic Pyramid"],"potions_floor_usage":[12,16,16],"damage_taken":[{"damage":11,"enemies":"2 Louse","floor":1,"turns":3},{"damage":7,"enemies":"Jaw Worm","floor":4,"turns":4},{"damage":0,"enemies":"Small Slimes","floor":7,"turns":3},{"damage":6,"enemies":"Blue Slaver","floor":10,"turns":6},{"damage":8,"enemies":"Gremlin Nob","floor":12,"turns":4},{"damage":4,"enemies":"3 Louse","floor":14,"turns":5},{"damage":48,"enemies":"The Guardian","floor":16,"turns":18},{"damage":6,"enemies":"Shell Parasite","floor":18,"turns":8},{"damage":37,"enemies":"3 Byrds","floor":19,"turns":4}],"seed_played":"8892230602534614358","potions_obtained":[{"floor":7,"key":"GamblersBrew"},{"floor":10,"key":"SpeedPotion"},{"floor":12,"key":"AttackPotion"}],"is_trial":false,"path_per_floor":["M","?","?","M","?","R","M","$","T","M","$","E","R","M","R","B",null,"M","M"],"character_chosen":"IRONCLAD","items_purchased":[],"campfire_rested":0,"item_purchase_floors":[],"current_hp_per_floor":[63,63,52,51,51,51,57,57,57,57,57,55,55,57,57,15,55,55,18],"gold":213,"neow_bonus":"ONE_RARE_RELIC","is_prod":false,"is_daily":false,"chose_seed":false,"campfire_upgraded":2,"win_rate":0,"timestamp":1548363524,"path_taken":["M","?","?","M","?","R","M","$","T","M","?","E","R","M","R","BOSS","M","M"],"build_version":"2019-01-23","purchased_purges":2,"victory":false,"max_hp_per_floor":[75,75,75,75,68,68,68,68,68,68,68,68,68,68,68,68,68,68,68],"card_choices":[{"not_picked":["Shrug It Off","Flame Barrier"],"picked":"Body Slam","floor":1},{"not_picked":["Havoc","Second Wind","Armaments"],"picked":"SKIP","floor":4},{"not_picked":["Anger","Blood for Blood","Combust"],"picked":"SKIP","floor":7},{"not_picked":["Rupture","Flex","Dual Wield"],"picked":"Ghostly Armor","floor":10},{"not_picked":["Bloodletting","Sentinel","Feel No Pain","Bludgeon"],"picked":"SKIP","floor":12},{"not_picked":["Sever Soul","Thunderclap","Clothesline","Rupture"],"picked":"SKIP","floor":14},{"not_picked":["Dark Embrace","Berserk","Feed"],"picked":"Double Tap","floor":16},{"not_picked":["Combust","Burning Pact+1","Headbutt"],"picked":"Body Slam","floor":18}],"player_experience":421074,"relics_obtained":[{"floor":6,"key":"War Paint"},{"floor":9,"key":"Question Card"},{"floor":12,"key":"Dream Catcher"}],"event_choices":[{"damage_healed":0,"gold_gain":0,"player_choice":"Leave","damage_taken":0,"max_hp_gain":0,"max_hp_loss":0,"event_name":"The Cleric","floor":2,"gold_loss":0},{"damage_healed":0,"gold_gain":75,"player_choice":"Gather Gold","damage_taken":11,"max_hp_gain":0,"max_hp_loss":0,"event_name":"World of Goop","floor":3,"gold_loss":0},{"damage_healed":0,"gold_gain":0,"player_choice":"Lose Max HP","damage_taken":0,"relics_obtained":["Golden Idol"],"max_hp_gain":0,"max_hp_loss":7,"event_name":"Golden Idol","floor":5,"gold_loss":0}],"is_beta":false,"boss_relics":[{"not_picked":["Snecko Eye","Sozu"],"picked":"Runic Pyramid"}],"items_purged_floors":[8,11],"is_endless":false,"potions_floor_spawned":[7,10,12],"killed_by":"3 Byrds","ascension_level":15}