{"gold_per_floor":[117,132,149,159,169,197,177,177,200,200,228,34,0,12,12,113,113,125,144,144,158,173,173,189,217,217,142,142,142,157,169,169,269,269,289,289,289,307,321,321,356,368,380,426,438,450,475,180,180,180],"floor_reached":50,"playtime":3552,"items_purged":["Strike_G","Strike_G+1"],"score":639,"play_id":"4e8781b5-df13-4887-9e54-d9865d418fec","local_time":"20190109205051","is_ascension_mode":true,"campfire_choices":[{"floor":8.0,"key":"REST"},{"floor":10.0,"key":"REST"},{"data":"Apotheosis","floor":15.0,"key":"SMITH"},{"floor":23.0,"key":"REST"},{"floor":32.0,"key":"REST"},{"floor":40.0,"key":"REST"},{"floor":42.0,"key":"REST"},{"floor":45.0,"key":"REST"},{"floor":49.0,"key":"RECALL"}],"neow_cost":"NONE","seed_source_timestamp":34275642691273,"circlet_count":0,"master_deck":["Defend_G","Defend_G","Defend_G","Defend_G","Defend_G","Survivor","Neutralize","Deadly Poison","Choke","Cloak And Dagger","Blur","Well Laid Plans","Dodge and Roll","Apotheosis+1","Flechettes","After Image","Footwork","Deadly Poison+1","PiercingWail","Terror","Concentrate","Backflip+1","After Image","After Image","Terror","Infinite Blades+1","Outmaneuver+1","Blur+1","PiercingWail+1","Deadly Poison+1"],"special_seed":0,"relics":["Ring of the Snake","Whetstone","Pen Nib","Sozu","Bag of Marbles","Ninja Scroll","MawBank","Ornamental Fan","Bag of Preparation","DollysMirror"],"potions_floor_usage":[],"damage_taken":[{"damage":1.0,"enemies":"Jaw Worm","floor":1.0,"turns":5.0},{"damage":1.0,"enemies":"Cultist","floor":2.0,"turns":3.0},{"damage":0.0,"enemies":"Small Slimes","floor":3.0,"turns":4.0},{"damage":23.0,"enemies":"Gremlin Gang","floor":4.0,"turns":7.0},{"damage":2.0,"enemies":"Blue Slaver","floor":5.0,"turns":4.0},{"damage":26.0,"enemies":"3 Sentries","floor":6.0,"turns":13.0},{"damage":24.0,"enemies":"Gremlin Nob","floor":11.0,"turns":4.0},{"damage":2.0,"enemies":"2 Fungi Beasts","floor":14.0,"turns":3.0},{"damage":20.0,"enemies":"The Guardian","floor":16.0,"turns":13.0},{"damage":2.0,"enemies":"3 Byrds","floor":18.0,"turns":6.0},{"damage":0.0,"enemies":"Shell Parasite","floor":19.0,"turns":6.0},{"damage":10.0,"enemies":"Centurion and Healer","floor":21.0,"turns":9.0},{"damage":10.0,"enemies":"Sentry and Sphere","floor":22.0,"turns":6.0},{"damage":6.0,"enemies":"Shelled Parasite and Fungi","floor":24.0,"turns":6.0},{"damage":48.0,"enemies":"Gremlin Leader","floor":25.0,"turns":12.0},{"damage":8.0,"enemies":"Centurion and Healer","floor":30.0,"turns":7.0},{"damage":0.0,"enemies":"Snake Plant","floor":31.0,"turns":5.0},{"damage":0.0,"enemies":"Collector","floor":33.0,"turns":13.0},{"damage":12.0,"enemies":"3 Shapes","floor":35.0,"turns":4.0},{"damage":13.0,"enemies":"Orb Walker","floor":38.0,"turns":7.0},{"damage":1.0,"enemies":"Maw","floor":39.0,"turns":8.0},{"damage":51.0,"enemies":"Nemesis","floor":41.0,"turns":11.0},{"damage":0.0,"enemies":"Giant Head","floor":44.0,"turns":11.0},{"damage":4.0,"enemies":"Transient","floor":47.0,"turns":5.0},{"damage":55,"enemies":"Time Eater","floor":50,"turns":17}],"seed_played":"1413406886312009892","potions_obtained":[{"floor":2.0,"key":"SteroidPotion"},{"floor":4.0,"key":"Poison Potion"},{"floor":7.0,"key":"Ancient Potion"},{"floor":11.0,"key":"Strength Potion"},{"floor":16.0,"key":"Regen Potion"}],"is_trial":false,"path_per_floor":["M","M","M","M","M","E","?","R","T","R","E","$","$","M","R","B",null,"M","M","?","M","M","R","M","E","T","$","?","?","M","M","R","B",null,"M","?","?","M","M","R","E","R","T","E","R","?","M","$","R","B"],"character_chosen":"THE_SILENT","items_purchased":["Apotheosis","Flechettes","DollysMirror"],"campfire_rested":7,"item_purchase_floors":[12,13,48],"current_hp_per_floor":[69,68,68,45,43,17,17,38,38,59,35,35,35,33,33,13,70,68,68,68,58,48,69,63,30,30,30,30,30,22,22,43,43,70,58,58,58,45,44,65,14,35,35,35,56,56,52,52,52,0],"gold":180,"neow_bonus":"REMOVE_CARD","is_prod":false,"is_daily":false,"chose_seed":false,"campfire_upgraded":1,"win_rate":0,"timestamp":1547034651,"path_taken":["M","M","M","M","M","E","?","R","T","R","E","?","$","M","R","BOSS","M","M","?","M","?","R","M","E","T","$","?","?","M","M","R","BOSS","M","?","?","?","M","R","E","R","T","E","R","?","M","$","R","BOSS"],"build_version":"2019-01-03v4","purchased_purges":2,"victory":false,"max_hp_per_floor":[70,70,70,70,70,70,70,70,70,70,70,70,70,70,70,70,70,70,70,70,70,70,70,70,70,70,70,70,70,70,70,70,70,70,70,70,70,70,70,70,70,70,70,70,70,70,70,70,70,70],"card_choices":[{"not_picked":["Dash","Tactician"],"picked":"Deadly Poison","floor":1.0},{"not_picked":["Poisoned Stab","Reflex"],"picked":"Choke","floor":2.0},{"not_picked":["Blade Dance","Eviscerate"],"picked":"Underhanded Strike","floor":3.0},{"not_picked":["Slice","PiercingWail"],"picked":"Cloak And Dagger","floor":4.0},{"not_picked":["Underhanded Strike","Dagger Spray"],"picked":"Blur","floor":5.0},{"not_picked":["Night Terror","Sucker Punch"],"picked":"Well Laid Plans","floor":6.0},{"not_picked":["Bane","Masterful Stab"],"picked":"Dodge and Roll","floor":11.0},{"not_picked":["Backflip","Well Laid Plans","Bane"],"picked":"SKIP","floor":14.0},{"not_picked":["Tools of the Trade","Wraith Form v2"],"picked":"After Image","floor":16.0},{"not_picked":["Dodge and Roll","Backflip"],"picked":"Footwork","floor":18.0},{"not_picked":["Reflex","Poisoned Stab"],"picked":"Deadly Poison+1","floor":19.0},{"not_picked":["Underhanded Strike+1","Slice","Dodge and Roll"],"picked":"SKIP","floor":21.0},{"not_picked":["Reflex","Bouncing Flask","Dagger Throw"],"picked":"SKIP","floor":22.0},{"not_picked":["Slice+1","Bouncing Flask+1"],"picked":"Terror","floor":24.0},{"not_picked":["Infinite Blades+1","Backstab+1"],"picked":"Concentrate","floor":25.0},{"not_picked":["Choke","Tactician"],"picked":"Backflip+1","floor":30.0},{"not_picked":["Setup","Outmaneuver+1"],"picked":"After Image","floor":31.0},{"not_picked":["Phantasmal Killer","Wraith Form v2"],"picked":"After Image","floor":33.0},{"not_picked":["Dodge and Roll+1","Sucker Punch","Poisoned Stab"],"picked":"SKIP","floor":35.0},{"not_picked":["Leg Sweep","Sucker Punch+1"],"picked":"Infinite Blades+1","floor":38.0},{"not_picked":["Quick Slash+1","Dodge and Roll+1"],"picked":"Outmaneuver+1","floor":39.0},{"not_picked":["Terror+1","Envenom","Underhanded Strike"],"picked":"SKIP","floor":41.0},{"not_picked":["Flying Knee","Dagger Spray+1"],"picked":"Blur+1","floor":44.0},{"not_picked":["Dash+1","Flechettes+1"],"picked":"PiercingWail+1","floor":47.0}],"player_experience":178239,"relics_obtained":[{"floor":6.0,"key":"Whetstone"},{"floor":11.0,"key":"Pen Nib"},{"floor":25.0,"key":"Bag of Marbles"},{"floor":26.0,"key":"Ninja Scroll"},{"floor":41.0,"key":"MawBank"},{"floor":43.0,"key":"Ornamental Fan"},{"floor":44.0,"key":"Bag of Preparation"}],"event_choices":[{"damage_healed":0.0,"max_hp_gain":0.0,"max_hp_loss":0.0,"gold_gain":0.0,"event_name":"The Woman in Blue","player_choice":"Bought 1 Potion","floor":7.0,"gold_loss":0.0,"damage_taken":0.0},{"damage_healed":0.0,"max_hp_gain":0.0,"max_hp_loss":0.0,"gold_gain":0.0,"event_name":"Match and Keep!","player_choice":"1 cards matched","floor":20.0,"gold_loss":0.0,"damage_taken":0.0,"cards_obtained":["PiercingWail"]},{"cards_removed":["Strike_G"],"damage_healed":0.0,"max_hp_gain":0.0,"max_hp_loss":0.0,"gold_gain":0.0,"event_name":"Back to Basics","player_choice":"Elegance","floor":28.0,"gold_loss":0.0,"damage_taken":0.0},{"damage_healed":0.0,"max_hp_gain":0.0,"max_hp_loss":0.0,"gold_gain":0.0,"event_name":"Vampires","player_choice":"Ignored","floor":29.0,"gold_loss":0.0,"damage_taken":0.0},{"cards_removed":["Underhanded Strike"],"damage_healed":0.0,"max_hp_gain":0.0,"max_hp_loss":0.0,"gold_gain":0.0,"event_name":"Falling","player_choice":"Removed Attack","floor":36.0,"gold_loss":0.0,"damage_taken":0.0},{"damage_healed":0.0,"max_hp_gain":0.0,"max_hp_loss":0.0,"gold_gain":0.0,"cards_transformed":["Strike_G"],"event_name":"Transmorgrifier","player_choice":"Transformed","floor":37.0,"gold_loss":0.0,"damage_taken":0.0,"cards_obtained":["Terror"]},{"damage_healed":0.0,"max_hp_gain":0.0,"max_hp_loss":0.0,"gold_gain":0.0,"event_name":"SensoryStone","player_choice":"Memory 1","floor":46.0,"gold_loss":0.0,"damage_taken":0.0}],"is_beta":false,"boss_relics":[{"not_picked":["Velvet Choker","Eternal Feather"],"picked":"Sozu"},{"not_picked":["Astrolabe","Runic Pyramid","Philosopher\u0027s Stone"]}],"items_purged_floors":[27,48],"is_endless":false,"potions_floor_spawned":[2,4,11,14,16,18,22,24,31,33,38,44,47],"killed_by":"Time Eater","ascension_level":1}