{"gold_per_floor":[116,136,16,16,29,29,58,68,68,68,68,68,68,31,31,135,135,153,53,53,69,69,69,86,86,134,134,9,9,21,32,32,130,130,145,1144,258,272,285,285,313,333,381,401,401,93,109,109,109,109],"floor_reached":51,"playtime":2371,"items_purged":["Strike_R","Strike_R","Strike_R","Normality","Normality"],"score":1299,"play_id":"a236f951-3a9e-42e6-8e5d-de17059002bf","local_time":"20190115140807","is_ascension_mode":true,"campfire_choices":[{"data":"Body Slam","floor":6,"key":"SMITH"},{"data":"Body Slam","floor":10,"key":"SMITH"},{"data":"Ghostly Armor","floor":15,"key":"SMITH"},{"data":"Ghostly Armor","floor":25,"key":"SMITH"},{"floor":27,"key":"REST"},{"data":"Power Through","floor":29,"key":"SMITH"},{"floor":32,"key":"REST"},{"data":"True Grit","floor":40,"key":"SMITH"},{"data":"Barricade","floor":45,"key":"SMITH"},{"data":"Impervious","floor":49,"key":"SMITH"}],"neow_cost":"PERCENT_DAMAGE","seed_source_timestamp":502863884244581,"circlet_count":0,"master_deck":["AscendersBane","Defend_R","Defend_R","Defend_R","Defend_R","Bash","Inflame","Body Slam+1","Body Slam+1","Ghostly Armor+1","Shrug It Off","Ghostly Armor+1","Decay","Power Through+1","Evolve","True Grit+1","Barricade+1","Bandage Up","Iron Wave+1","Parasite","Burning Pact","Regret","Metallicize+1","Impervious+1","Fiend Fire","Writhe"],"relics":["Burning Blood","Ice Cream","Torii","Incense Burner","Mark of Pain","Dream Catcher","PreservedInsect","Cursed Key","Lee\u0027s Waffle","Ancient Tea Set","Sundial","Self Forming Clay","Anchor"],"potions_floor_usage":[16,33,39,50,50],"damage_taken":[{"damage":8,"enemies":"Small Slimes","floor":1,"turns":5},{"damage":6,"enemies":"Cultist","floor":2,"turns":4},{"damage":13,"enemies":"Jaw Worm","floor":5,"turns":4},{"damage":30,"enemies":"Lagavulin","floor":7,"turns":7},{"damage":8,"enemies":"3 Louse","floor":8,"turns":4},{"damage":3,"enemies":"The Guardian","floor":16,"turns":13},{"damage":19,"enemies":"Chosen","floor":18,"turns":6},{"damage":19,"enemies":"Spheric Guardian","floor":21,"turns":4},{"damage":26,"enemies":"Snake Plant","floor":24,"turns":7},{"damage":22,"enemies":"Sentry and Sphere","floor":30,"turns":8},{"damage":27,"enemies":"Snecko","floor":31,"turns":7},{"damage":0,"enemies":"Champ","floor":33,"turns":10},{"damage":17,"enemies":"3 Darklings","floor":35,"turns":6},{"damage":26,"enemies":"Orb Walker","floor":38,"turns":6},{"damage":33,"enemies":"Writhing Mass","floor":39,"turns":8},{"damage":0,"enemies":"Nemesis","floor":41,"turns":9},{"damage":30,"enemies":"3 Darklings","floor":42,"turns":7},{"damage":4,"enemies":"Jaw Worm Horde","floor":44,"turns":7},{"damage":1,"enemies":"Spire Growth","floor":47,"turns":5},{"damage":36,"enemies":"Donu and Deca","floor":50,"turns":14}],"seed_played":"755814816677007399","potions_obtained":[{"floor":2,"key":"SpeedPotion"},{"floor":7,"key":"GamblersBrew"},{"floor":13,"key":"FearPotion"},{"floor":31,"key":"PowerPotion"},{"floor":42,"key":"EssenceOfSteel"}],"is_trial":false,"path_per_floor":["M","M","$","?","M","R","E","M","T","R","?","?","?","$","R","B",null,"M","$","T","M","$","?","M","R","T","R","$","R","M","M","R","B",null,"M","?","$","M","M","R","E","M","T","M","R","$","M","?","R","B",null],"character_chosen":"IRONCLAD","items_purchased":["Body Slam","Ghostly Armor","Lee\u0027s Waffle","Ancient Tea Set","Sundial","Bandage Up","Fire Potion","Impervious","Strength Potion"],"campfire_rested":2,"item_purchase_floors":[3,14,37,37,37,37,37,46,46],"current_hp_per_floor":[49,49,49,49,42,42,18,16,16,16,42,42,42,42,42,45,71,58,58,58,45,45,45,25,25,25,49,49,49,33,12,36,42,71,60,60,87,71,48,48,58,38,38,44,44,44,53,75,75,49],"gold":109,"neow_bonus":"ONE_RARE_RELIC","is_prod":false,"is_daily":false,"chose_seed":false,"campfire_upgraded":8,"win_rate":0,"timestamp":1547579287,"path_taken":["M","M","$","?","?","R","E","M","T","R","?","?","?","$","R","BOSS","M","$","?","M","$","?","M","R","T","R","?","R","M","M","R","BOSS","M","?","$","M","M","R","E","M","T","M","R","$","M","?","R","BOSS"],"build_version":"2019-01-10","purchased_purges":5,"victory":true,"max_hp_per_floor":[80,80,80,80,80,80,80,80,80,80,80,80,80,80,80,80,80,80,80,80,80,80,80,80,80,80,80,80,80,80,80,80,80,80,80,80,87,87,87,87,87,87,87,87,87,87,87,87,87,87],"card_choices":[{"not_picked":["Clothesline","Wild Strike"],"picked":"Inflame","floor":1},{"not_picked":["Armaments","Sever Soul"],"picked":"Body Slam","floor":2},{"not_picked":["Wild Strike","Metallicize"],"picked":"Ghostly Armor","floor":5},{"not_picked":["Twin Strike","Sentinel","Double Tap"],"picked":"SKIP","floor":7},{"not_picked":["Rupture","Iron Wave"],"picked":"Shrug It Off","floor":8},{"not_picked":["Twin Strike+1","Havoc","Warcry"],"picked":"SKIP","floor":18},{"not_picked":["Brutality","Pummel","Headbutt"],"picked":"SKIP","floor":21},{"not_picked":["Pommel Strike","True Grit"],"picked":"Power Through","floor":24},{"not_picked":["Wild Strike","Carnage"],"picked":"Evolve","floor":27},{"not_picked":["Blood for Blood+1","Flex"],"picked":"True Grit","floor":30},{"not_picked":["Thunderclap","Headbutt","Clothesline"],"picked":"SKIP","floor":31},{"not_picked":["Exhume","Limit Break"],"picked":"Barricade","floor":33},{"not_picked":["Sever Soul+1","Clash","Flex"],"picked":"SKIP","floor":35},{"not_picked":["Havoc+1","Blood for Blood+1"],"picked":"Iron Wave+1","floor":38},{"not_picked":["Havoc","Warcry"],"picked":"Burning Pact","floor":39},{"not_picked":["Thunderclap","Clash+1","Warcry"],"picked":"SKIP","floor":41},{"not_picked":["Flame Barrier","Warcry+1","Thunderclap"],"picked":"SKIP","floor":42},{"not_picked":["Burning Pact","Cleave+1"],"picked":"Metallicize+1","floor":44},{"not_picked":["Heavy Blade","Dual Wield"],"picked":"Fiend Fire","floor":47}],"player_experience":379191,"relics_obtained":[{"floor":7,"key":"Torii"},{"floor":9,"key":"Incense Burner"},{"floor":20,"key":"Dream Catcher"},{"floor":26,"key":"PreservedInsect"},{"floor":41,"key":"Self Forming Clay"},{"floor":43,"key":"Anchor"}],"event_choices":[{"cards_removed":["Strike_R"],"damage_healed":0,"gold_gain":0,"player_choice":"Purged","damage_taken":0,"max_hp_gain":0,"max_hp_loss":0,"event_name":"Purifier","floor":4,"gold_loss":0},{"damage_healed":26,"gold_gain":0,"player_choice":"Banana","damage_taken":0,"max_hp_gain":0,"max_hp_loss":0,"event_name":"Big Fish","floor":11,"gold_loss":0},{"cards_removed":["Strike_R"],"damage_healed":0,"gold_gain":0,"player_choice":"Forget","damage_taken":0,"max_hp_gain":0,"max_hp_loss":0,"event_name":"Living Wall","floor":12,"gold_loss":0},{"damage_healed":0,"gold_gain":0,"player_choice":"Got Potions","damage_taken":0,"max_hp_gain":0,"max_hp_loss":0,"event_name":"Lab","floor":13,"gold_loss":0},{"damage_healed":0,"gold_gain":0,"player_choice":"Smashed Altar","damage_taken":0,"max_hp_gain":0,"max_hp_loss":0,"event_name":"Forgotten Altar","floor":23,"gold_loss":0,"cards_obtained":["Decay"]},{"damage_healed":0,"gold_gain":999,"player_choice":"Gold","damage_taken":0,"max_hp_gain":0,"max_hp_loss":0,"event_name":"MindBloom","floor":36,"gold_loss":0,"cards_obtained":["Normality","Normality"]},{"damage_healed":22,"gold_gain":0,"player_choice":"Writhe","damage_taken":0,"max_hp_gain":0,"max_hp_loss":0,"event_name":"Winding Halls","floor":48,"gold_loss":0,"cards_obtained":["Writhe"]}],"is_beta":false,"boss_relics":[{"not_picked":["Orrery","Coffee Dripper"],"picked":"Mark of Pain"},{"not_picked":["Runic Dome","Fusion Hammer"],"picked":"Cursed Key"}],"items_purged_floors":[3,19,28,37,46],"is_endless":false,"potions_floor_spawned":[2,7,31,38,42],"ascension_level":11}