{"gold_per_floor":[119,294,294,356,367,367,381,381,381,407,407,420,470,540,540,635,635,652,702,802,882,946,946,996,996],"floor_reached":25,"playtime":1073,"items_purged":[],"score":251,"play_id":"b47983fe-7ded-420a-960d-4b0a1ba2445c","local_time":"20190210155857","is_ascension_mode":true,"campfire_choices":[{"data":"Zap","floor":6,"key":"SMITH"},{"data":"Dualcast","floor":8,"key":"SMITH"},{"data":"Self Repair","floor":11,"key":"SMITH"},{"data":"Machine Learning","floor":15,"key":"SMITH"},{"floor":23,"key":"REST"}],"neow_cost":"NONE","seed_source_timestamp":67106992445641,"circlet_count":0,"master_deck":["Strike_B","Strike_B","Strike_B","Strike_B","Defend_B","Defend_B","Defend_B","Defend_B","Zap+1","Dualcast+1","Self Repair+1","Doubt","Cold Snap","Machine Learning+1","Enlightenment","Conserve Battery","Creative AI","Writhe","Consume"],"relics":["Cracked Core","NeowsBlessing","SsserpentHead","Blood Vial","Cables","Busted Crown","Enchiridion","Tiny Chest"],"potions_floor_usage":[10,16,22],"damage_taken":[{"damage":0,"enemies":"2 Louse","floor":1,"turns":1},{"damage":0,"enemies":"Jaw Worm","floor":4,"turns":1},{"damage":0,"enemies":"Cultist","floor":5,"turns":1},{"damage":2,"enemies":"Large Slime","floor":7,"turns":5},{"damage":33,"enemies":"3 Sentries","floor":10,"turns":9},{"damage":21,"enemies":"Lots of Slimes","floor":12,"turns":5},{"damage":6,"enemies":"Looter","floor":14,"turns":3},{"damage":39,"enemies":"Hexaghost","floor":16,"turns":12},{"damage":25,"enemies":"Spheric Guardian","floor":18,"turns":5},{"damage":22,"enemies":"Shell Parasite","floor":22,"turns":7},{"damage":64,"enemies":"Gremlin Leader","floor":25,"turns":4}],"seed_played":"-2189670433528656507","potions_obtained":[{"floor":5,"key":"AttackPotion"},{"floor":10,"key":"Energy Potion"},{"floor":12,"key":"Regen Potion"},{"floor":14,"key":"Strength Potion"},{"floor":16,"key":"Ancient Potion"}],"is_trial":false,"path_per_floor":["M","?","?","M","M","R","M","R","T","E","R","M","?","M","R","B",null,"M","?","T","?","M","R","?","E"],"character_chosen":"DEFECT","items_purchased":[],"campfire_rested":1,"item_purchase_floors":[],"current_hp_per_floor":[75,75,75,75,75,75,73,73,73,49,49,40,40,46,46,19,61,48,32,32,32,37,59,59,0],"gold":996,"neow_bonus":"THREE_ENEMY_KILL","is_prod":false,"is_daily":false,"chose_seed":false,"campfire_upgraded":4,"win_rate":0,"timestamp":1549843137,"path_taken":["M","?","?","?","M","R","M","R","T","E","R","M","?","?","R","BOSS","M","?","?","?","?","R","?","E"],"build_version":"2019-01-23","purchased_purges":0,"victory":false,"max_hp_per_floor":[75,75,75,75,75,75,75,75,75,75,75,75,75,75,75,75,75,75,75,75,75,75,75,75,75],"card_choices":[{"not_picked":["Compile Driver","Undo"],"picked":"Self Repair","floor":1},{"not_picked":["Rip and Tear","Reinforced Body"],"picked":"Cold Snap","floor":4},{"not_picked":["Barrage","Turbo","Undo"],"picked":"SKIP","floor":5},{"not_picked":["Stack","Darkness","Beam Cell"],"picked":"SKIP","floor":7},{"not_picked":["Lockon","Darkness","Stack"],"picked":"SKIP","floor":10},{"not_picked":["Self Repair","Lockon"],"picked":"Machine Learning","floor":12},{"not_picked":["Barrage","Hologram","Ball Lightning"],"picked":"SKIP","floor":14},{"not_picked":["Conserve Battery"],"picked":"SKIP","floor":18},{"not_picked":["White Noise"],"picked":"SKIP","floor":22}],"player_experience":329468,"relics_obtained":[{"floor":9,"key":"Blood Vial"},{"floor":10,"key":"Cables"},{"floor":19,"key":"Enchiridion"}],"event_choices":[{"damage_healed":0,"gold_gain":175,"player_choice":"AGREE","damage_taken":0,"max_hp_gain":0,"max_hp_loss":0,"event_name":"Liars Game","floor":2,"gold_loss":0,"cards_obtained":["Doubt"]},{"damage_healed":0,"gold_gain":0,"player_choice":"Trade","damage_taken":0,"relics_obtained":["SsserpentHead"],"max_hp_gain":0,"max_hp_loss":0,"event_name":"FaceTrader","floor":3,"gold_loss":0},{"damage_healed":0,"gold_gain":0,"player_choice":"3 cards matched","damage_taken":0,"max_hp_gain":0,"max_hp_loss":0,"event_name":"Match and Keep!","floor":13,"gold_loss":0,"cards_obtained":["Enlightenment","Conserve Battery","Creative AI"]},{"damage_healed":0,"gold_gain":0,"player_choice":"Obtained Book","damage_taken":16,"max_hp_gain":0,"max_hp_loss":0,"event_name":"Cursed Tome","floor":19,"gold_loss":0},{"damage_healed":0,"gold_gain":0,"player_choice":"Opened","damage_taken":0,"relics_obtained":["Tiny Chest"],"max_hp_gain":0,"max_hp_loss":0,"event_name":"The Mausoleum","floor":21,"gold_loss":0,"cards_obtained":["Writhe"]},{"damage_healed":0,"gold_gain":0,"player_choice":"Read","damage_taken":0,"max_hp_gain":0,"max_hp_loss":0,"event_name":"The Library","floor":24,"gold_loss":0,"cards_obtained":["Consume"]}],"is_beta":false,"boss_relics":[{"not_picked":["Inserter","Calling Bell"],"picked":"Busted Crown"}],"items_purged_floors":[],"is_endless":false,"potions_floor_spawned":[5,10,12,14,16],"killed_by":"Gremlin Leader","ascension_level":5}