{"gold_per_floor":[112,112,122,122,47,79,79,79,79,95,95,113,124,143,143,247,247,264,20,20,38,38,38,48,67,143,18,30,63,63,76,76,177,177,189,244,244,244],"floor_reached":38,"playtime":1584,"items_purged":["Strike_G","Strike_G","Defend_G"],"score":421,"play_id":"f8c56ab3-3bd3-4f67-87d0-b920e04adfc2","local_time":"20190103211103","is_ascension_mode":false,"campfire_choices":[{"data":"Crippling Poison","floor":7,"key":"SMITH"},{"data":"Neutralize","floor":11,"key":"SMITH"},{"data":"Bouncing Flask","floor":15,"key":"SMITH"},{"data":"Noxious Fumes","floor":23,"key":"SMITH"},{"floor":30,"key":"REST"},{"data":"Dodge and Roll","floor":32,"key":"SMITH"}],"neow_cost":"NONE","seed_source_timestamp":39874008845905,"circlet_count":0,"master_deck":["Defend_G","Defend_G","Defend_G+1","Strike_G+1","Survivor","Neutralize+1","Crippling Poison+1","All Out Attack","Backflip","Quick Slash","Bane","Bouncing Flask+1","Deadly Poison","After Image","Dodge and Roll+1","Burst","Noxious Fumes+1","Deflect","Noxious Fumes+1","Blur","Calculated Gamble+1","Malaise","Backflip+1","Poisoned Stab+1","Die Die Die"],"relics":["Ring of the Snake","NeowsBlessing","Lantern","Blood Vial","Nunchaku","Sozu","Pear","Kunai","StoneCalendar"],"potions_floor_usage":[33],"damage_taken":[{"damage":0,"enemies":"Cultist","floor":1,"turns":1},{"damage":0,"enemies":"2 Louse","floor":3,"turns":1},{"damage":0,"enemies":"Gremlin Nob","floor":6,"turns":1},{"damage":0,"enemies":"Small Slimes","floor":10,"turns":2},{"damage":0,"enemies":"Red Slaver","floor":12,"turns":3},{"damage":0,"enemies":"Large Slime","floor":13,"turns":4},{"damage":0,"enemies":"Exordium Thugs","floor":14,"turns":3},{"damage":8,"enemies":"The Guardian","floor":16,"turns":8},{"damage":0,"enemies":"3 Byrds","floor":18,"turns":2},{"damage":5,"enemies":"2 Thieves","floor":21,"turns":4},{"damage":4,"enemies":"Snake Plant","floor":24,"turns":5},{"damage":2,"enemies":"Centurion and Healer","floor":25,"turns":4},{"damage":2,"enemies":"Cultist and Chosen","floor":28,"turns":5},{"damage":44,"enemies":"Slavers","floor":29,"turns":5},{"damage":8,"enemies":"Snecko","floor":31,"turns":4},{"damage":20,"enemies":"Champ","floor":33,"turns":11},{"damage":8,"enemies":"3 Shapes","floor":35,"turns":3},{"damage":63,"enemies":"2 Orb Walkers","floor":36,"turns":5},{"damage":13,"enemies":"3 Darklings","floor":38,"turns":2}],"seed_played":"4237692417957621309","potions_obtained":[{"floor":3,"key":"Energy Potion"},{"floor":13,"key":"GhostInAJar"}],"is_trial":false,"path_per_floor":["M","?","M","?","$","E","R","?","T","M","R","M","M","M","R","B",null,"M","$","?","M","?","R","M","M","T","$","M","E","R","M","R","B",null,"M","?","?","M"],"character_chosen":"THE_SILENT","items_purchased":["Burst"],"campfire_rested":1,"item_purchase_floors":[19],"current_hp_per_floor":[70,56,56,49,49,49,49,49,49,51,51,53,55,57,57,51,70,70,70,70,65,65,65,63,63,73,73,73,31,55,49,49,31,80,72,11,11,0],"gold":244,"neow_bonus":"THREE_ENEMY_KILL","is_prod":false,"is_daily":false,"chose_seed":false,"campfire_upgraded":5,"win_rate":0.0,"timestamp":1546517463,"path_taken":["M","?","M","?","$","E","R","?","T","M","R","M","M","M","R","BOSS","M","$","?","M","?","R","M","?","T","?","M","E","R","M","R","BOSS","M","?","?","?"],"build_version":"2018-12-20","purchased_purges":3,"victory":false,"max_hp_per_floor":[70,70,70,70,70,70,70,70,70,70,70,70,70,70,70,70,70,70,70,70,70,70,70,70,70,80,80,80,80,80,80,80,80,80,80,80,80,80],"card_choices":[{"not_picked":["Cloak And Dagger","Prepared"],"picked":"Crippling Poison","floor":1},{"not_picked":["Slice","Underhanded Strike"],"picked":"All Out Attack","floor":3},{"not_picked":["Tactician","Sucker Punch"],"picked":"Backflip","floor":6},{"not_picked":["Leg Sweep","Reflex"],"picked":"Quick Slash","floor":10},{"not_picked":["Tactician","Setup"],"picked":"Bane","floor":12},{"not_picked":["Terror","Deflect"],"picked":"Bouncing Flask","floor":13},{"not_picked":["Acrobatics","Footwork"],"picked":"Deadly Poison","floor":14},{"not_picked":["Phantasmal Killer","Die Die Die"],"picked":"After Image","floor":16},{"not_picked":["Bouncing Flask","Poisoned Stab"],"picked":"Dodge and Roll","floor":18},{"not_picked":["Distraction+1","Poisoned Stab"],"picked":"Deflect","floor":21},{"not_picked":["Concentrate+1","PiercingWail"],"picked":"Noxious Fumes+1","floor":24},{"not_picked":["Backstab","PiercingWail"],"picked":"Blur","floor":25},{"not_picked":["Quick Slash","Cloak And Dagger","Blade Dance"],"picked":"SKIP","floor":28},{"not_picked":["Dagger Throw+1","Acrobatics","Bouncing Flask"],"picked":"SKIP","floor":29},{"not_picked":["Tactician","Poisoned Stab"],"picked":"Calculated Gamble+1","floor":31},{"not_picked":["Unload","Phantasmal Killer"],"picked":"Malaise","floor":33},{"not_picked":["Cloak And Dagger+1","Blade Dance+1"],"picked":"Backflip+1","floor":35},{"not_picked":["Deadly Poison","Prepared+1"],"picked":"Poisoned Stab+1","floor":36}],"player_experience":75148,"relics_obtained":[{"floor":6,"key":"Lantern"},{"floor":9,"key":"Nunchaku"},{"floor":26,"key":"Pear"},{"floor":29,"key":"Kunai"},{"floor":36,"key":"StoneCalendar"}],"event_choices":[{"damage_healed":0,"gold_gain":0,"player_choice":"Entered Light","damage_taken":14,"max_hp_gain":0,"max_hp_loss":0,"event_name":"Shining Light","floor":2,"gold_loss":0,"cards_upgraded":["Strike_G","Defend_G"]},{"cards_removed":["Strike_G"],"damage_healed":0,"gold_gain":0,"player_choice":"Card Removal","damage_taken":7,"max_hp_gain":0,"max_hp_loss":0,"event_name":"Golden Wing","floor":4,"gold_loss":0},{"damage_healed":0,"gold_gain":0,"player_choice":"Gave Potion","damage_taken":0,"relics_obtained":["Blood Vial"],"max_hp_gain":0,"max_hp_loss":0,"event_name":"WeMeetAgain","floor":8,"gold_loss":0},{"damage_healed":0,"gold_gain":0,"player_choice":"Read","damage_taken":0,"max_hp_gain":0,"max_hp_loss":0,"event_name":"The Library","floor":20,"gold_loss":0,"cards_obtained":["Noxious Fumes"]},{"cards_removed":["Defend_G"],"damage_healed":0,"gold_gain":0,"player_choice":"Offered Basic","damage_taken":0,"max_hp_gain":0,"max_hp_loss":0,"event_name":"Bonfire Elementals","floor":22,"gold_loss":0},{"damage_healed":0,"gold_gain":0,"player_choice":"Fight","damage_taken":0,"max_hp_gain":0,"max_hp_loss":0,"event_name":"Mysterious Sphere","floor":36,"gold_loss":0},{"damage_healed":0,"gold_gain":0,"cards_transformed":["Strike_G"],"player_choice":"Transformed","damage_taken":0,"max_hp_gain":0,"max_hp_loss":0,"event_name":"Transmorgrifier","floor":37,"gold_loss":0,"cards_obtained":["Die Die Die"]}],"is_beta":false,"boss_relics":[{"not_picked":["Cursed Key","Runic Pyramid"],"picked":"Sozu"},{"not_picked":["Tiny House","Busted Crown","White Beast Statue"]}],"items_purged_floors":[5,19,27],"is_endless":false,"potions_floor_spawned":[3,13,25,28,31,33,36],"killed_by":"3 Darklings","ascension_level":0}