{"gold_per_floor":[10,10,27,27,27,27,59,77,77,91,91,91,117,117,117,117],"floor_reached":16,"playtime":485,"items_purged":[],"score":216,"play_id":"b8dc3b3b-d416-43f8-b325-e4fd32a16a22","local_time":"20190221222316","is_ascension_mode":true,"campfire_choices":[{"data":"Disarm","floor":6,"key":"SMITH"},{"data":"Spot Weakness","floor":12,"key":"SMITH"},{"floor":15,"key":"REST"}],"neow_cost":"NO_GOLD","seed_source_timestamp":214853134896101,"circlet_count":0,"master_deck":["AscendersBane","Strike_R","Strike_R","Strike_R","Strike_R","Defend_R","Defend_R","Defend_R","Defend_R","Bash","Pommel Strike","Disarm+1","Spot Weakness+1","Ghostly Armor","Headbutt","Combust"],"relics":["Burning Blood","The Courier","Sundial","PreservedInsect"],"potions_floor_usage":[13],"damage_taken":[{"damage":12,"enemies":"Small Slimes","floor":1,"turns":4},{"damage":2,"enemies":"Jaw Worm","floor":3,"turns":7},{"damage":48,"enemies":"Gremlin Nob","floor":7,"turns":6},{"damage":3,"enemies":"2 Louse","floor":8,"turns":4},{"damage":7,"enemies":"Large Slime","floor":10,"turns":5},{"damage":24,"enemies":"Lagavulin","floor":13,"turns":7},{"damage":62,"enemies":"Slime Boss","floor":16,"turns":7}],"seed_played":"-8646740341107435522","potions_obtained":[{"floor":3,"key":"Regen Potion"},{"floor":10,"key":"SpeedPotion"}],"is_trial":false,"path_per_floor":["M","?","M","$","?","R","E","M","T","M","?","R","E","?","R","B"],"character_chosen":"IRONCLAD","items_purchased":[],"campfire_rested":1,"item_purchase_floors":[],"current_hp_per_floor":[76,69,73,73,73,73,31,34,34,33,33,33,30,30,56,0],"gold":117,"neow_bonus":"TWENTY_PERCENT_HP_BONUS","is_prod":false,"is_daily":false,"chose_seed":false,"campfire_upgraded":2,"win_rate":0,"timestamp":1550805796,"path_taken":["M","?","M","$","?","R","E","M","T","M","?","R","E","?","R","BOSS"],"build_version":"2019-01-23","purchased_purges":0,"victory":false,"max_hp_per_floor":[89,89,89,89,89,89,89,89,89,89,89,89,89,89,89,89],"card_choices":[{"not_picked":["Heavy Blade","Twin Strike"],"picked":"Pommel Strike","floor":1},{"not_picked":["Pommel Strike","Feel No Pain"],"picked":"Disarm","floor":3},{"not_picked":["Dropkick","Corruption"],"picked":"Spot Weakness","floor":7},{"not_picked":["Carnage","Hemokinesis"],"picked":"Ghostly Armor","floor":8},{"not_picked":["Second Wind","Corruption"],"picked":"Headbutt","floor":10},{"not_picked":["Clothesline","Rage"],"picked":"Combust","floor":13}],"player_experience":818877,"relics_obtained":[{"floor":7,"key":"The Courier"},{"floor":9,"key":"Sundial"},{"floor":13,"key":"PreservedInsect"}],"event_choices":[{"cards_removed":["Strike_R"],"damage_healed":0,"gold_gain":0,"player_choice":"Card Removal","damage_taken":7,"max_hp_gain":0,"max_hp_loss":0,"event_name":"Golden Wing","floor":2,"gold_loss":0},{"damage_healed":0,"gold_gain":0,"player_choice":"Leave","damage_taken":0,"max_hp_gain":0,"max_hp_loss":0,"event_name":"The Cleric","floor":5,"gold_loss":0},{"damage_healed":0,"gold_gain":0,"player_choice":"Ignored","damage_taken":0,"max_hp_gain":0,"max_hp_loss":0,"event_name":"Shining Light","floor":11,"gold_loss":0},{"damage_healed":0,"gold_gain":0,"player_choice":"Fled","damage_taken":0,"max_hp_gain":0,"max_hp_loss":0,"event_name":"Scrap Ooze","floor":14,"gold_loss":0}],"is_beta":false,"boss_relics":[],"items_purged_floors":[],"is_endless":false,"potions_floor_spawned":[3,10],"killed_by":"Slime Boss","ascension_level":20}