{"gold_per_floor":[111,186,186,203,72,72,98,116,139,139,172,172,184,209,209,280,280,299,299,315,27,41,41,73,73,73,73,89,89,101,118,118,189,189,200,1199,148,158,158,158,158,158,184,202,202,220,243,253,253,253,253],"floor_reached":51,"playtime":2920,"items_purged":["Strike_R","Decay","Normality"],"score":1370,"play_id":"d6f6ffb1-d29e-49a4-8eb1-96321afdbcb5","local_time":"20190209171052","is_ascension_mode":true,"campfire_choices":[{"data":"Uppercut","floor":6,"key":"SMITH"},{"data":"Inflame","floor":12,"key":"SMITH"},{"data":"Offering","floor":15,"key":"SMITH"},{"data":"Cleave","floor":23,"key":"SMITH"},{"data":"Panacea","floor":25,"key":"SMITH"},{"floor":29,"key":"REST"},{"data":"Fiend Fire","floor":32,"key":"SMITH"},{"data":"Bandage Up","floor":40,"key":"SMITH"},{"data":"Double Tap","floor":42,"key":"SMITH"},{"floor":49,"key":"REST"}],"neow_cost":"NONE","seed_source_timestamp":1958936948906368,"circlet_count":0,"master_deck":["AscendersBane","Strike_R+1","Strike_R+1","Strike_R+1","Defend_R+1","Defend_R+1","Defend_R+1","Defend_R+1","Inflame+1","Fiend Fire+1","Uppercut+1","Pummel","Ghostly Armor","Offering+1","Cleave+1","Reaper+1","Ghostly Armor","Feel No Pain+1","Panacea+1","Headbutt+1","Demon Form+1","Power Through+1","Feed+1","Feed+1","Double Tap+1","Normality","Bandage Up+1","Dropkick+1","Panacea","Dark Shackles","Deep Breath","Reaper+1"],"relics":["Burning Blood","Omamori","PreservedInsect","Frozen Egg 2","Orichalcum","Calling Bell","Potion Belt","Molten Egg 2","Charon\u0027s Ashes","Bronze Scales","Darkstone Periapt","Nloth\u0027s Gift","Philosopher\u0027s Stone","Toy Ornithopter","Paper Frog","Whetstone","Regal Pillow","Ancient Tea Set"],"potions_floor_usage":[13,22,24,24,31,33,38,46,50,50,50,50,50,50,50,51],"damage_taken":[{"damage":0,"enemies":"Jaw Worm","floor":1,"turns":1},{"damage":0,"enemies":"2 Louse","floor":4,"turns":2},{"damage":0,"enemies":"3 Sentries","floor":7,"turns":2},{"damage":0,"enemies":"Cultist","floor":8,"turns":2},{"damage":6,"enemies":"Gremlin Nob","floor":11,"turns":3},{"damage":9,"enemies":"Large Slime","floor":13,"turns":5},{"damage":16,"enemies":"3 Sentries","floor":14,"turns":4},{"damage":28,"enemies":"The Guardian","floor":16,"turns":8},{"damage":7,"enemies":"Spheric Guardian","floor":18,"turns":3},{"damage":10,"enemies":"3 Byrds","floor":20,"turns":4},{"damage":13,"enemies":"Cultist and Chosen","floor":22,"turns":7},{"damage":24,"enemies":"Gremlin Leader","floor":24,"turns":4},{"damage":29,"enemies":"Shelled Parasite and Fungi","floor":28,"turns":4},{"damage":6,"enemies":"Snake Plant","floor":30,"turns":1},{"damage":12,"enemies":"Snecko","floor":31,"turns":5},{"damage":24,"enemies":"Champ","floor":33,"turns":10},{"damage":47,"enemies":"3 Darklings","floor":35,"turns":4},{"damage":8,"enemies":"Orb Walker","floor":38,"turns":3},{"damage":20,"enemies":"3 Darklings","floor":44,"turns":5},{"damage":9,"enemies":"Spire Growth","floor":46,"turns":4},{"damage":15,"enemies":"Jaw Worm Horde","floor":48,"turns":4},{"damage":153,"enemies":"Time Eater","floor":50,"turns":13},{"damage":39,"enemies":"Donu and Deca","floor":51,"turns":2}],"seed_played":"7929079272678471712","potions_obtained":[{"floor":4,"key":"FearPotion"},{"floor":16,"key":"SkillPotion"},{"floor":18,"key":"LiquidBronze"},{"floor":22,"key":"Energy Potion"},{"floor":24,"key":"SteroidPotion"},{"floor":28,"key":"Ancient Potion"},{"floor":33,"key":"Weak Potion"},{"floor":35,"key":"Explosive Potion"},{"floor":38,"key":"Strength Potion"},{"floor":46,"key":"EntropicBrew"}],"is_trial":false,"path_per_floor":["M","?","?","M","$","R","E","M","T","?","E","R","M","E","R","B",null,"M","?","M","$","M","R","E","R","T","?","M","R","M","M","R","B",null,"M","?","$","M","?","R","?","R","T","M","?","M","T","M","R","B","B"],"character_chosen":"IRONCLAD","items_purchased":["Block Potion","Feel No Pain+1","Panacea","Toy Ornithopter","Paper Frog","Bandage Up","Whetstone","Dropkick+1","Explosive Potion"],"campfire_rested":2,"item_purchase_floors":[5,21,21,37,37,37,37,37,37],"current_hp_per_floor":[74,63,63,69,69,69,75,75,75,52,52,52,49,39,39,17,61,60,60,62,62,60,60,56,56,56,56,47,69,73,74,74,73,78,48,60,60,79,79,79,79,79,79,79,69,71,71,74,107,12,0],"gold":253,"neow_bonus":"THREE_ENEMY_KILL","is_prod":false,"is_daily":false,"chose_seed":false,"campfire_upgraded":8,"win_rate":0,"timestamp":1549750252,"path_taken":["M","?","?","?","$","R","E","M","T","?","E","R","M","E","R","BOSS","M","?","M","$","M","R","E","R","T","?","M","R","M","M","R","BOSS","M","?","$","M","?","R","?","R","T","M","?","M","?","M","R","BOSS","BOSS"],"build_version":"2019-01-23","purchased_purges":3,"victory":false,"max_hp_per_floor":[75,75,75,75,75,75,75,75,75,75,75,75,75,75,75,75,75,75,75,75,75,75,75,75,75,75,75,75,75,75,75,75,79,79,83,95,95,99,99,99,99,99,99,103,103,103,103,107,107,107,107],"card_choices":[{"not_picked":["Flex","Warcry"],"picked":"Inflame","floor":1},{"not_picked":["Intimidate","Thunderclap"],"picked":"Uppercut","floor":4},{"not_picked":["Sentinel","Heavy Blade"],"picked":"Pummel","floor":7},{"not_picked":["Armaments","Rage","Bloodletting"],"picked":"SKIP","floor":8},{"not_picked":["Iron Wave","Havoc"],"picked":"Ghostly Armor","floor":11},{"not_picked":["Seeing Red","Clash"],"picked":"Offering","floor":13},{"not_picked":["Wild Strike","Infernal Blade"],"picked":"Cleave","floor":14},{"not_picked":["Bludgeon","Impervious"],"picked":"Reaper","floor":16},{"not_picked":["Twin Strike+1","Body Slam+1","Rage"],"picked":"SKIP","floor":18},{"not_picked":["Headbutt+1","Havoc"],"picked":"Ghostly Armor","floor":20},{"not_picked":["True Grit","Searing Blow+1"],"picked":"Headbutt+1","floor":22},{"not_picked":["Bloodletting","Sword Boomerang+1"],"picked":"Demon Form+1","floor":24},{"not_picked":["Anger+1","Havoc","Heavy Blade+1"],"picked":"SKIP","floor":28},{"not_picked":["Havoc","True Grit"],"picked":"Power Through+1","floor":30},{"not_picked":["Clothesline+1","Inflame+1"],"picked":"Feed+1","floor":31},{"not_picked":["Brutality+1","Barricade+1"],"picked":"Feed+1","floor":33},{"not_picked":["Havoc","Pommel Strike+1"],"picked":"Double Tap","floor":35},{"not_picked":["Infernal Blade","Warcry","Fire Breathing+1"],"picked":"SKIP","floor":38},{"not_picked":["Flex+1","Rampage+1","Headbutt+1"],"picked":"SKIP","floor":44},{"not_picked":["Discovery","Madness"],"picked":"Panacea","floor":45},{"not_picked":["Bandage Up","Panache+1"],"picked":"Dark Shackles","floor":45},{"not_picked":["Blind","Purity"],"picked":"Deep Breath","floor":45},{"not_picked":["Barricade+1","Clash+1"],"picked":"Reaper+1","floor":46},{"not_picked":["Heavy Blade+1","Pommel Strike+1","Corruption+1"],"picked":"SKIP","floor":48}],"player_experience":711275,"relics_obtained":[{"floor":7,"key":"Omamori"},{"floor":9,"key":"PreservedInsect"},{"floor":11,"key":"Frozen Egg 2"},{"floor":14,"key":"Orichalcum"},{"floor":17,"key":"Potion Belt"},{"floor":17,"key":"Molten Egg 2"},{"floor":17,"key":"Charon\u0027s Ashes"},{"floor":24,"key":"Bronze Scales"},{"floor":26,"key":"Darkstone Periapt"},{"floor":43,"key":"Regal Pillow"},{"floor":47,"key":"Ancient Tea Set"}],"event_choices":[{"damage_healed":0,"gold_gain":75,"player_choice":"Gather Gold","damage_taken":11,"max_hp_gain":0,"max_hp_loss":0,"event_name":"World of Goop","floor":2,"gold_loss":0},{"damage_healed":0,"gold_gain":0,"cards_transformed":["Strike_R"],"player_choice":"Transformed","damage_taken":0,"max_hp_gain":0,"max_hp_loss":0,"event_name":"Transmorgrifier","floor":3,"gold_loss":0,"cards_obtained":["Fiend Fire"]},{"damage_healed":0,"gold_gain":0,"player_choice":"Entered Light","damage_taken":23,"max_hp_gain":0,"max_hp_loss":0,"event_name":"Shining Light","floor":10,"gold_loss":0,"cards_upgraded":["Strike_R","Strike_R"]},{"damage_healed":0,"gold_gain":0,"player_choice":"Simplicity","damage_taken":0,"max_hp_gain":0,"max_hp_loss":0,"event_name":"Back to Basics","floor":19,"gold_loss":0,"cards_upgraded":["Strike_R","Defend_R","Defend_R","Defend_R","Defend_R"]},{"damage_healed":0,"gold_gain":0,"player_choice":"Traded Relic","damage_taken":0,"relics_obtained":["Nloth\u0027s Gift"],"max_hp_gain":0,"max_hp_loss":0,"event_name":"N\u0027loth","floor":27,"relics_lost":["NeowsBlessing"],"gold_loss":0},{"damage_healed":0,"gold_gain":999,"player_choice":"Gold","damage_taken":0,"max_hp_gain":0,"max_hp_loss":0,"event_name":"MindBloom","floor":36,"gold_loss":0,"cards_obtained":["Normality","Normality"]},{"cards_removed":["Bash"],"damage_healed":0,"gold_gain":0,"player_choice":"Removed Attack","damage_taken":0,"max_hp_gain":0,"max_hp_loss":0,"event_name":"Falling","floor":39,"gold_loss":0},{"damage_healed":0,"gold_gain":0,"player_choice":"Ignored","damage_taken":0,"max_hp_gain":0,"max_hp_loss":0,"event_name":"Tomb of Lord Red Mask","floor":41,"gold_loss":0},{"damage_healed":0,"gold_gain":0,"player_choice":"Memory 3","damage_taken":10,"max_hp_gain":0,"max_hp_loss":0,"event_name":"SensoryStone","floor":45,"gold_loss":0}],"is_beta":false,"boss_relics":[{"not_picked":["Ectoplasm","Runic Dome"],"picked":"Calling Bell"},{"not_picked":["Black Blood","Black Star"],"picked":"Philosopher\u0027s Stone"}],"items_purged_floors":[5,21,37],"is_endless":false,"potions_floor_spawned":[4,8,16,18,22,24,28,33,35,38,46],"killed_by":"Donu and Deca","ascension_level":20}