{"gold_per_floor":[116,129,149,71,91,91,91,10,10,25,25,25,25,25,25,120,120,134,59,77,77,90,90,360,360,360,280,296,296,321,341,341,440,440,456,337,356,89,89,89,99,118,118,135,135,152,152,165,165,165],"floor_reached":50,"playtime":1927,"items_purged":["Strike_R"],"score":434,"play_id":"3294b535-edd6-4994-8dc9-de01897ca6b2","local_time":"20190216223624","is_ascension_mode":false,"campfire_choices":[{"data":"Bash","floor":7.0,"key":"SMITH"},{"data":"Carnage","floor":11.0,"key":"SMITH"},{"data":"Double Tap","floor":15.0,"key":"SMITH"},{"floor":23.0,"key":"REST"},{"floor":25.0,"key":"REST"},{"floor":32.0,"key":"REST"},{"floor":40.0,"key":"REST"},{"floor":47.0,"key":"REST"},{"floor":49.0,"key":"REST"}],"neow_cost":"NONE","seed_source_timestamp":337505683446695,"circlet_count":0,"master_deck":["Strike_R","Strike_R","Strike_R","Defend_R","Defend_R","Defend_R","Bash+1","Metallicize","Double Tap+1","Armaments","Carnage+1","Shrug It Off","Barricade","Headbutt+1","Blood for Blood","Perfected Strike","Corruption","Fiend Fire","Thunderclap","Shrug It Off","Immolate","Blood for Blood","Inflame","Magnetism","Flame Barrier+1","Pommel Strike+1","Clothesline"],"special_seed":0,"relics":["Snecko Eye"],"potions_floor_usage":[50,50],"damage_taken":[{"damage":2.0,"enemies":"2 Louse","floor":1.0,"turns":3.0},{"damage":5.0,"enemies":"Small Slimes","floor":2.0,"turns":4.0},{"damage":0.0,"enemies":"Cultist","floor":3.0,"turns":3.0},{"damage":18.0,"enemies":"3 Louse","floor":5.0,"turns":5.0},{"damage":2.0,"enemies":"Blue Slaver","floor":10.0,"turns":2.0},{"damage":0.0,"enemies":"The Mushroom Lair","floor":13.0,"turns":1.0},{"damage":38.0,"enemies":"Hexaghost","floor":16.0,"turns":8.0},{"damage":17.0,"enemies":"Spheric Guardian","floor":18.0,"turns":4.0},{"damage":2.0,"enemies":"2 Thieves","floor":20.0,"turns":4.0},{"damage":20.0,"enemies":"Shelled Parasite and Fungi","floor":22.0,"turns":4.0},{"damage":0.0,"enemies":"Snake Plant","floor":28.0,"turns":2.0},{"damage":12.0,"enemies":"Masked Bandits","floor":30.0,"turns":4.0},{"damage":7.0,"enemies":"3 Cultists","floor":31.0,"turns":4.0},{"damage":24.0,"enemies":"Champ","floor":33.0,"turns":6.0},{"damage":2.0,"enemies":"Orb Walker","floor":35.0,"turns":3.0},{"damage":24.0,"enemies":"3 Darklings","floor":37.0,"turns":2.0},{"damage":0.0,"enemies":"Transient","floor":41.0,"turns":5.0},{"damage":29.0,"enemies":"4 Shapes","floor":42.0,"turns":5.0},{"damage":23.0,"enemies":"Writhing Mass","floor":44.0,"turns":4.0},{"damage":2.0,"enemies":"Sphere and 2 Shapes","floor":46.0,"turns":2.0},{"damage":16.0,"enemies":"Maw","floor":48.0,"turns":6.0},{"damage":86,"enemies":"Awakened One","floor":50,"turns":8}],"seed_played":"6693842952894578758","potions_obtained":[{"floor":1.0,"key":"SmokeBomb"},{"floor":16.0,"key":"GamblersBrew"},{"floor":22.0,"key":"SteroidPotion"},{"floor":28.0,"key":"SteroidPotion"},{"floor":30.0,"key":"LiquidBronze"},{"floor":33.0,"key":"Explosive Potion"},{"floor":35.0,"key":"SkillPotion"},{"floor":46.0,"key":"GamblersBrew"}],"is_trial":false,"path_per_floor":["M","M","M","$","M","?","R","$","T","M","R","$","?","?","R","B",null,"M","$","M","$","M","R","?","R","T","$","M","?","?","M","R","B",null,"M","$","M","$","?","R","M","M","T","M","?","M","R","M","R","B"],"character_chosen":"IRONCLAD","items_purchased":["Double Tap","Carnage","Blood for Blood","Perfected Strike","Blood for Blood","Strength Potion","Inflame","Magnetism"],"campfire_rested":6,"item_purchase_floors":[4,8,27,27,36,36,38,38],"current_hp_per_floor":[78,73,73,73,55,60,60,60,60,58,58,58,58,58,58,20,85,68,68,66,66,46,71,39,64,64,64,64,64,52,45,70,46,85,83,83,59,59,59,84,84,55,55,32,32,30,55,39,64,0],"gold":165,"neow_bonus":"BOSS_RELIC","is_prod":false,"is_daily":false,"chose_seed":false,"campfire_upgraded":3,"win_rate":0,"timestamp":1550374584,"path_taken":["M","M","M","$","M","?","R","$","T","M","R","$","?","?","R","BOSS","M","$","M","$","M","R","?","R","T","$","?","?","?","M","R","BOSS","M","$","M","$","?","R","M","M","T","M","?","M","R","M","R","BOSS"],"build_version":"2019-01-23","purchased_purges":1,"victory":false,"max_hp_per_floor":[80,80,80,80,80,85,85,85,85,85,85,85,85,85,85,85,85,85,85,85,85,85,85,85,85,85,85,85,85,85,85,85,85,85,85,85,85,85,85,85,85,85,85,85,85,85,85,85,85,85],"card_choices":[{"not_picked":["Battle Trance","Shrug It Off"],"picked":"Metallicize","floor":1.0},{"not_picked":["Rampage","Sword Boomerang","Flex"],"picked":"SKIP","floor":2.0},{"not_picked":["Reckless Charge","Warcry","Cleave"],"picked":"SKIP","floor":3.0},{"not_picked":["True Grit","Exhume"],"picked":"Armaments","floor":5.0},{"not_picked":["Second Wind","Cleave"],"picked":"Shrug It Off","floor":10.0},{"not_picked":["Impervious","Reaper"],"picked":"Barricade","floor":16.0},{"not_picked":["Armaments","Sword Boomerang","Rage"],"picked":"SKIP","floor":18.0},{"not_picked":["Cleave+1","Sword Boomerang"],"picked":"Headbutt+1","floor":20.0},{"not_picked":["Body Slam","Dropkick","Flex"],"picked":"SKIP","floor":22.0},{"not_picked":["Rage","Warcry"],"picked":"Corruption","floor":28.0},{"not_picked":["Pommel Strike","Thunderclap"],"picked":"Shrug It Off","floor":30.0},{"not_picked":["Iron Wave","Evolve","Twin Strike"],"picked":"SKIP","floor":31.0},{"not_picked":["Dark Embrace","Offering"],"picked":"Immolate","floor":33.0},{"not_picked":["Pommel Strike","Twin Strike+1","Thunderclap"],"picked":"SKIP","floor":35.0},{"not_picked":["Hemokinesis","Wild Strike+1","Headbutt+1"],"picked":"SKIP","floor":37.0},{"not_picked":["Rampage+1","Power Through"],"picked":"Flame Barrier+1","floor":41.0},{"not_picked":["Twin Strike","Feel No Pain+1","True Grit+1"],"picked":"SKIP","floor":42.0},{"not_picked":["Wild Strike","Fire Breathing+1","Feel No Pain"],"picked":"SKIP","floor":44.0},{"not_picked":["Flex","Heavy Blade"],"picked":"Pommel Strike+1","floor":46.0},{"not_picked":["Intimidate","Burning Pact+1"],"picked":"Clothesline","floor":48.0}],"player_experience":464668,"relics_obtained":[],"event_choices":[{"damage_healed":0.0,"max_hp_gain":5.0,"max_hp_loss":0.0,"gold_gain":0.0,"event_name":"Big Fish","player_choice":"Donut","floor":6.0,"gold_loss":0.0,"damage_taken":0.0},{"damage_healed":0.0,"max_hp_gain":0.0,"max_hp_loss":0.0,"gold_gain":0.0,"event_name":"Mushrooms","player_choice":"Fought Mushrooms","floor":13.0,"gold_loss":0.0,"damage_taken":0.0},{"damage_healed":0.0,"max_hp_gain":0.0,"max_hp_loss":0.0,"gold_gain":0.0,"event_name":"The Cleric","player_choice":"Leave","floor":14.0,"gold_loss":0.0,"damage_taken":0.0},{"damage_healed":0.0,"max_hp_gain":0.0,"max_hp_loss":0.0,"gold_gain":270.0,"event_name":"Knowing Skull","player_choice":"GOLD GOLD GOLD ","floor":24.0,"potions_obtained":[],"gold_loss":0.0,"damage_taken":32.0,"cards_obtained":[]},{"damage_healed":0.0,"max_hp_gain":0.0,"max_hp_loss":0.0,"gold_gain":0.0,"cards_transformed":["Strike_R","Defend_R"],"event_name":"Drug Dealer","player_choice":"Became Test Subject","floor":29.0,"gold_loss":0.0,"damage_taken":0.0,"cards_obtained":["Fiend Fire","Thunderclap"]},{"damage_healed":0.0,"max_hp_gain":0.0,"max_hp_loss":0.0,"gold_gain":0.0,"event_name":"Masked Bandits","player_choice":"Fought Bandits","floor":30.0,"gold_loss":0.0,"damage_taken":0.0},{"damage_healed":0.0,"max_hp_gain":0.0,"max_hp_loss":0.0,"gold_gain":0.0,"event_name":"Tomb of Lord Red Mask","player_choice":"Ignored","floor":39.0,"gold_loss":0.0,"damage_taken":0.0},{"damage_healed":0.0,"max_hp_gain":0.0,"max_hp_loss":0.0,"gold_gain":0.0,"event_name":"FaceTrader","player_choice":"Leave","floor":45.0,"gold_loss":0.0,"damage_taken":0.0}],"is_beta":false,"boss_relics":[{"not_picked":[]},{"not_picked":[]}],"items_purged_floors":[19],"is_endless":false,"potions_floor_spawned":[1,16,22,28,30,33,35,46],"killed_by":"Awakened One","ascension_level":0}