{"gold_per_floor":[109,284,303,378,395,395,395,395,395,86,99,131,31,49,49,144,144,158,172,182,182,200,200,232,232,257,257,268,280,306,24,24,125,125,142,152,102,377,23,23,49,49,49,67,67,93,93,108,108,108,108,108,20,51,51],"floor_reached":55,"playtime":2419,"items_purged":["Doubt","Strike_B","Normality","Strike_B","Zap"],"score":1248,"play_id":"4b2ec68c-262f-4306-83d5-2499ca81632b","local_time":"20190126232618","is_ascension_mode":true,"campfire_choices":[{"data":"Loop","floor":6,"key":"SMITH"},{"data":"Storm","floor":8,"key":"SMITH"},{"data":"Darkness","floor":15,"key":"SMITH"},{"data":"Storm","floor":23,"key":"SMITH"},{"data":"Buffer","floor":25,"key":"SMITH"},{"floor":27,"key":"REST"},{"floor":32,"key":"REST"},{"floor":40,"key":"RECALL"},{"data":"Fission","floor":42,"key":"SMITH"},{"data":"Echo Form","floor":45,"key":"SMITH"},{"data":"Dualcast","floor":49,"key":"SMITH"},{"data":"Hologram","floor":52,"key":"SMITH"}],"neow_cost":"NONE","seed_source_timestamp":772216607616359,"circlet_count":0,"master_deck":["AscendersBane","Defend_B","Defend_B","Defend_B","Defend_B","Dualcast+1","Conserve Battery","Loop+1","Darkness+1","Storm+1","Melter","Loop","Auto Shields","Hologram+1","Buffer+1","Storm+1","Defragment+1","Storm+1","Doom and Gloom","White Noise","Cold Snap","Storm+1","Capacitor","Self Repair","Fission+1","Glacier","Chill+1","Echo Form+1","Undo+1","Loop","Loop"],"relics":["Cracked Core","NeowsBlessing","Symbiotic Virus","Lantern","Pear","Cursed Key","Ginger","Smiling Mask","Omamori","Regal Pillow","Eternal Feather","DataDisk","Lee\u0027s Waffle","Darkstone Periapt","PreservedInsect","Gremlin Horn"],"potions_floor_usage":[12,18,24,24,50,50,55],"damage_taken":[{"damage":0,"enemies":"Cultist","floor":1,"turns":1},{"damage":0,"enemies":"Jaw Worm","floor":3,"turns":1},{"damage":0,"enemies":"2 Louse","floor":5,"turns":1},{"damage":5,"enemies":"Gremlin Gang","floor":11,"turns":5},{"damage":25,"enemies":"3 Sentries","floor":12,"turns":4},{"damage":10,"enemies":"Exordium Thugs","floor":14,"turns":5},{"damage":10,"enemies":"Hexaghost","floor":16,"turns":8},{"damage":6,"enemies":"3 Byrds","floor":18,"turns":3},{"damage":17,"enemies":"2 Thieves","floor":19,"turns":4},{"damage":1,"enemies":"Snecko","floor":20,"turns":3},{"damage":8,"enemies":"Snake Plant","floor":22,"turns":3},{"damage":0,"enemies":"Gremlin Leader","floor":24,"turns":4},{"damage":23,"enemies":"Centurion and Healer","floor":28,"turns":2},{"damage":0,"enemies":"3 Cultists","floor":29,"turns":4},{"damage":34,"enemies":"Slavers","floor":30,"turns":3},{"damage":23,"enemies":"Collector","floor":33,"turns":5},{"damage":6,"enemies":"Orb Walker","floor":35,"turns":2},{"damage":29,"enemies":"3 Darklings","floor":36,"turns":4},{"damage":15,"enemies":"Nemesis","floor":41,"turns":5},{"damage":21,"enemies":"Maw","floor":44,"turns":4},{"damage":32,"enemies":"Reptomancer","floor":46,"turns":5},{"damage":9,"enemies":"Jaw Worm Horde","floor":48,"turns":3},{"damage":36,"enemies":"Time Eater","floor":50,"turns":5},{"damage":31,"enemies":"Shield and Spear","floor":54,"turns":4},{"damage":69,"enemies":"The Heart","floor":55,"turns":5}],"seed_played":"-6147746466242947797","potions_obtained":[{"floor":1,"key":"PowerPotion"},{"floor":11,"key":"Swift Potion"},{"floor":19,"key":"Explosive Potion"},{"floor":22,"key":"Ancient Potion"},{"floor":33,"key":"SneckoOil"},{"floor":35,"key":"SteroidPotion"},{"floor":36,"key":"Swift Potion"},{"floor":46,"key":"Energy Potion"}],"is_trial":false,"path_per_floor":["M","?","M","?","M","R","?","R","T","$","M","E","$","M","R","B",null,"M","M","M","?","M","R","E","R","T","R","M","M","E","$","R","B",null,"M","M","$","?","$","R","E","R","T","M","R","E","?","M","R","B",null,"R","$","E","B"],"character_chosen":"DEFECT","items_purchased":["Melter","Fire Potion","Lantern","Self Repair","Regal Pillow","DataDisk","Lee\u0027s Waffle","Loop"],"campfire_rested":2,"item_purchase_floors":[10,10,10,31,31,39,39,53],"current_hp_per_floor":[68,68,68,57,57,57,57,57,57,57,52,37,37,27,27,17,68,62,45,44,44,36,36,36,36,36,61,38,38,4,4,44,28,71,65,43,43,43,92,92,84,92,92,78,92,67,67,58,76,47,81,92,92,68,0],"gold":51,"neow_bonus":"THREE_ENEMY_KILL","is_prod":false,"is_daily":false,"chose_seed":false,"campfire_upgraded":9,"win_rate":0,"timestamp":1548563178,"path_taken":["M","?","M","?","M","R","?","R","T","$","?","E","?","M","R","BOSS","M","?","M","?","M","R","E","R","T","R","M","M","E","$","R","BOSS","M","M","$","?","$","R","E","R","T","?","R","E","?","?","R","BOSS","R","$","E","BOSS"],"build_version":"2019-01-23","purchased_purges":5,"victory":false,"max_hp_per_floor":[75,75,75,75,75,75,75,75,75,75,75,85,85,85,85,85,85,85,85,85,85,85,85,85,85,85,85,85,85,85,85,85,85,85,85,85,85,85,92,92,92,92,92,92,92,92,92,92,92,92,92,92,92,92,92],"card_choices":[{"not_picked":["Hello World","Compile Driver"],"picked":"Conserve Battery","floor":1},{"not_picked":["Genetic Algorithm","Aggregate"],"picked":"Loop","floor":3},{"not_picked":["Redo","Cold Snap"],"picked":"Darkness","floor":5},{"not_picked":["Go for the Eyes","Creative AI"],"picked":"Loop","floor":11},{"not_picked":["Sweeping Beam","Consume"],"picked":"Auto Shields","floor":12},{"not_picked":["Compile Driver","Go for the Eyes"],"picked":"Hologram","floor":14},{"not_picked":["Thunder Strike","All For One"],"picked":"Buffer","floor":16},{"not_picked":["Undo","Streamline"],"picked":"Storm+1","floor":18},{"not_picked":["Rebound","Cold Snap"],"picked":"Defragment+1","floor":19},{"not_picked":["Reinforced Body","Coolheaded"],"picked":"Storm","floor":20},{"not_picked":["Aggregate","Gash"],"picked":"Cold Snap","floor":22},{"not_picked":["Redo","Streamline"],"picked":"Storm+1","floor":24},{"not_picked":["Gash","Sunder","Stack"],"picked":"SKIP","floor":28},{"not_picked":["Auto Shields","Streamline"],"picked":"Capacitor","floor":29},{"not_picked":["Compile Driver+1","Aggregate","Gash+1"],"picked":"SKIP","floor":30},{"not_picked":["Seek","Multi-Cast"],"picked":"Fission","floor":33},{"not_picked":["Skim","Hologram+1"],"picked":"Glacier","floor":35},{"not_picked":["Gash+1","Capacitor"],"picked":"Chill+1","floor":36},{"not_picked":["Barrage","Rebound+1"],"picked":"Echo Form","floor":41},{"not_picked":["Ball Lightning+1","Compile Driver"],"picked":"Undo+1","floor":44},{"not_picked":["Compile Driver","Gash+1"],"picked":"Loop","floor":46},{"not_picked":["Rebound","Undo","FTL"],"picked":"SKIP","floor":48},{"not_picked":["Beam Cell+1","Stack+1","Blizzard"],"picked":"SKIP","floor":54}],"player_experience":493148,"relics_obtained":[{"floor":9,"key":"Symbiotic Virus"},{"floor":12,"key":"Pear"},{"floor":24,"key":"Ginger"},{"floor":26,"key":"Smiling Mask"},{"floor":30,"key":"Omamori"},{"floor":41,"key":"Darkstone Periapt"},{"floor":46,"key":"PreservedInsect"},{"floor":54,"key":"Gremlin Horn"}],"event_choices":[{"damage_healed":0,"gold_gain":175,"player_choice":"AGREE","damage_taken":0,"max_hp_gain":0,"max_hp_loss":0,"event_name":"Liars Game","floor":2,"gold_loss":0,"cards_obtained":["Doubt"]},{"damage_healed":0,"gold_gain":75,"player_choice":"Gather Gold","damage_taken":11,"max_hp_gain":0,"max_hp_loss":0,"event_name":"World of Goop","floor":4,"gold_loss":0},{"damage_healed":0,"gold_gain":0,"player_choice":"1 cards matched","damage_taken":0,"max_hp_gain":0,"max_hp_loss":0,"event_name":"Match and Keep!","floor":7,"gold_loss":0,"cards_obtained":["Storm"]},{"damage_healed":0,"gold_gain":0,"cards_transformed":["Strike_B","Strike_B"],"player_choice":"Became Test Subject","damage_taken":0,"max_hp_gain":0,"max_hp_loss":0,"event_name":"Drug Dealer","floor":21,"gold_loss":0,"cards_obtained":["Doom and Gloom","White Noise"]},{"damage_healed":0,"gold_gain":275,"player_choice":"Desecrate","damage_taken":0,"max_hp_gain":0,"max_hp_loss":0,"event_name":"Golden Shrine","floor":38,"gold_loss":0,"cards_obtained":["Regret"]},{"damage_healed":0,"gold_gain":0,"player_choice":"0 cards matched","damage_taken":0,"max_hp_gain":0,"max_hp_loss":0,"event_name":"Match and Keep!","floor":47,"gold_loss":0,"cards_obtained":[]}],"is_beta":false,"boss_relics":[{"not_picked":["Tiny House","Velvet Choker"],"picked":"Cursed Key"},{"not_picked":["Astrolabe","Runic Dome"],"picked":"Eternal Feather"}],"items_purged_floors":[10,13,31,37,53],"is_endless":false,"potions_floor_spawned":[1,11,19,22,33,35,36,46],"killed_by":"The Heart","ascension_level":10}