{"gold_per_floor":[111,129,146,162,180,180,180,206,279,291,261,261,275,301,301,402,402,418,418,45,0,14,14,14,14,40,55,55,55,68,88,88,186,186,200,77,77,177,223,258,273,291,365,365,365],"floor_reached":45,"playtime":2268,"items_purged":["Strike_B","Strike_B"],"score":687,"play_id":"2b784674-63de-45b3-a27f-644fbb86ebcd","local_time":"20190207173913","is_ascension_mode":true,"campfire_choices":[{"data":"Go for the Eyes","floor":6.0,"key":"SMITH"},{"floor":12.0,"key":"REST"},{"floor":15.0,"key":"REST"},{"floor":23.0,"key":"REST"},{"data":"Blizzard","floor":25.0,"key":"SMITH"},{"floor":28.0,"key":"REST"},{"floor":32.0,"key":"REST"}],"neow_cost":"NONE","seed_source_timestamp":26848252320893,"circlet_count":0,"master_deck":["Strike_B","Defend_B","Defend_B","Defend_B","Defend_B","Zap","Dualcast","Cold Snap","Go for the Eyes+1","Blizzard+1","Glacier","Hologram","Defragment","Leap","Turbo","Gash","Gash","Beam Cell","Multi-Cast","Capacitor","Reprogram","Coolheaded","Madness","Leap","Blizzard","Gash","Chaos+1","Consume","Conserve Battery+1","Leap","All For One","Defragment","Gash","Cold Snap+1","Reboot","Gash"],"special_seed":0,"relics":["Cracked Core","Anchor","Dream Catcher","Sundial","Ice Cream","Orrery","Question Card","DataDisk","MutagenicStrength","Sozu","Bird Faced Urn","Pen Nib","Smiling Mask","Cables","Symbiotic Virus"],"potions_floor_usage":[42],"damage_taken":[{"damage":0.0,"enemies":"Small Slimes","floor":1.0,"turns":3.0},{"damage":0.0,"enemies":"Cultist","floor":2.0,"turns":3.0},{"damage":0.0,"enemies":"2 Louse","floor":3.0,"turns":2.0},{"damage":0.0,"enemies":"Looter","floor":4.0,"turns":3.0},{"damage":4.0,"enemies":"Blue Slaver","floor":5.0,"turns":4.0},{"damage":38.0,"enemies":"Gremlin Nob","floor":8.0,"turns":8.0},{"damage":9.0,"enemies":"Exordium Thugs","floor":10.0,"turns":6.0},{"damage":0.0,"enemies":"Looter","floor":11.0,"turns":4.0},{"damage":5.0,"enemies":"2 Fungi Beasts","floor":13.0,"turns":5.0},{"damage":2.0,"enemies":"3 Sentries","floor":14.0,"turns":7.0},{"damage":1.0,"enemies":"The Guardian","floor":16.0,"turns":14.0},{"damage":8.0,"enemies":"Chosen","floor":18.0,"turns":6.0},{"damage":10.0,"enemies":"2 Thieves","floor":21.0,"turns":5.0},{"damage":45.0,"enemies":"Cultist and Chosen","floor":22.0,"turns":11.0},{"damage":11.0,"enemies":"Snecko","floor":27.0,"turns":9.0},{"damage":27.0,"enemies":"Centurion and Healer","floor":30.0,"turns":8.0},{"damage":22.0,"enemies":"Chosen and Byrds","floor":31.0,"turns":9.0},{"damage":14.0,"enemies":"Champ","floor":33.0,"turns":11.0},{"damage":6.0,"enemies":"Orb Walker","floor":35.0,"turns":4.0},{"damage":20.0,"enemies":"Mind Bloom Boss Battle","floor":38.0,"turns":5.0},{"damage":35.0,"enemies":"Nemesis","floor":40.0,"turns":13.0},{"damage":17.0,"enemies":"3 Darklings","floor":41.0,"turns":6.0},{"damage":2,"enemies":"Spire Growth","floor":42,"turns":4},{"damage":21,"enemies":"Sphere and 2 Shapes","floor":45,"turns":2}],"seed_played":"6229025002498777613","potions_obtained":[{"floor":2.0,"key":"EssenceOfSteel"},{"floor":5.0,"key":"Ancient Potion"},{"floor":10.0,"key":"PowerPotion"},{"floor":16.0,"key":"Block Potion"},{"floor":18.0,"key":"Poison Potion"},{"floor":31.0,"key":"Fruit Juice"},{"floor":33.0,"key":"AttackPotion"}],"is_trial":false,"path_per_floor":["M","M","M","M","M","R","?","E","T","M","M","R","M","E","R","B",null,"M","?","$","M","M","R","?","R","T","M","R","?","M","M","R","B",null,"M","$","?","?","T","E","M","M","T","T","M"],"character_chosen":"DEFECT","items_purchased":["Blizzard","Question Card","Gash"],"campfire_rested":5,"item_purchase_floors":[20,20,36],"current_hp_per_floor":[68,68,68,68,64,64,64,26,26,17,17,39,34,32,54,53,70,62,62,62,52,7,29,29,29,29,25,47,47,27,12,34,32,68,69,69,69,49,49,20,9,9,9,9,0],"gold":365,"neow_bonus":"RANDOM_COMMON_RELIC","is_prod":false,"is_daily":false,"chose_seed":false,"campfire_upgraded":2,"win_rate":0,"timestamp":1549528753,"path_taken":["M","M","M","M","M","R","?","E","T","M","M","R","M","E","R","BOSS","M","?","$","M","?","R","?","R","T","M","R","?","M","M","R","BOSS","M","$","?","?","?","E","?","M","T","?","M"],"build_version":"2019-01-23","purchased_purges":2,"victory":false,"max_hp_per_floor":[75,75,75,75,75,75,75,75,75,75,75,75,75,75,75,75,75,75,75,75,75,75,75,75,75,75,75,75,75,75,75,75,80,80,80,80,80,80,80,80,80,80,80,80,80],"card_choices":[{"not_picked":["Barrage","Heatsinks"],"picked":"Cold Snap","floor":1.0},{"not_picked":["Coolheaded","Redo"],"picked":"Go for the Eyes","floor":2.0},{"not_picked":["Chill","Stack"],"picked":"Blizzard","floor":3.0},{"not_picked":["Barrage","Steam"],"picked":"Glacier","floor":4.0},{"not_picked":["Storm","Aggregate"],"picked":"Hologram","floor":5.0},{"not_picked":["BootSequence","Electrodynamics"],"picked":"Defragment","floor":8.0},{"not_picked":["Storm","Static Discharge"],"picked":"Leap","floor":10.0},{"not_picked":["Turbo","Compile Driver","Reinforced Body"],"picked":"SKIP","floor":11.0},{"not_picked":["Hologram","Blizzard"],"picked":"Turbo","floor":12.0},{"not_picked":["Reinforced Body","Stack"],"picked":"Gash","floor":13.0},{"not_picked":["Rainbow","Consume"],"picked":"Gash","floor":14.0},{"not_picked":["Fusion","Hologram"],"picked":"Beam Cell","floor":15.0},{"not_picked":["Hyperbeam","Machine Learning"],"picked":"Multi-Cast","floor":16.0},{"not_picked":["Barrage","Sweeping Beam"],"picked":"Capacitor","floor":17.0},{"not_picked":["Conserve Battery","Hologram"],"picked":"Reprogram","floor":17.0},{"not_picked":["Stack","Barrage"],"picked":"Coolheaded","floor":18.0},{"not_picked":["Streamline","Conserve Battery","Sweeping Beam","Undo"],"picked":"SKIP","floor":21.0},{"not_picked":["Reprogram","Conserve Battery","Redo","Scrape+1"],"picked":"SKIP","floor":22.0},{"not_picked":["Stack+1","Lockon","Heatsinks"],"picked":"Self Repair","floor":23.0},{"not_picked":["Beam Cell","FTL","Compile Driver+1"],"picked":"Gash","floor":27.0},{"not_picked":["Conserve Battery","Sweeping Beam","Aggregate+1"],"picked":"Chaos+1","floor":28.0},{"not_picked":["Thunder Strike","Steam Power","Heatsinks"],"picked":"Consume","floor":30.0},{"not_picked":["Auto Shields","Double Energy","Undo"],"picked":"Conserve Battery+1","floor":31.0},{"not_picked":["Stack+1","Force Field","Streamline"],"picked":"Leap","floor":32.0},{"not_picked":["Echo Form","Biased Cognition","Electrodynamics"],"picked":"All For One","floor":33.0},{"not_picked":["Sweeping Beam","Streamline","Conserve Battery+1"],"picked":"Defragment","floor":35.0},{"not_picked":["Beam Cell+1","Rebound+1","Force Field+1"],"picked":"Cold Snap+1","floor":38.0},{"not_picked":["Heatsinks+1","Storm+1","Streamline+1"],"picked":"Reboot","floor":40.0},{"not_picked":["Ball Lightning+1","Hologram+1","Aggregate+1"],"picked":"Gash","floor":41.0},{"not_picked":["Consume","Tempest+1","Barrage+1","Lockon"],"picked":"SKIP","floor":42}],"player_experience":279847,"relics_obtained":[{"floor":8.0,"key":"Dream Catcher"},{"floor":9.0,"key":"Sundial"},{"floor":14.0,"key":"Ice Cream"},{"floor":26.0,"key":"DataDisk"},{"floor":38.0,"key":"Bird Faced Urn"},{"floor":39.0,"key":"Pen Nib"},{"floor":40.0,"key":"Smiling Mask"},{"floor":43,"key":"Cables"},{"floor":44,"key":"Symbiotic Virus"}],"event_choices":[{"cards_removed":["Strike_B"],"damage_healed":0.0,"max_hp_gain":0.0,"max_hp_loss":0.0,"gold_gain":0.0,"event_name":"Living Wall","player_choice":"Forget","floor":7.0,"gold_loss":0.0,"damage_taken":0.0},{"damage_healed":0.0,"max_hp_gain":0.0,"max_hp_loss":0.0,"gold_gain":0.0,"event_name":"Match and Keep!","player_choice":"2 cards matched","floor":19.0,"gold_loss":0.0,"damage_taken":0.0,"cards_obtained":["Madness","Leap"]},{"damage_healed":0.0,"max_hp_gain":0.0,"max_hp_loss":0.0,"gold_gain":0.0,"event_name":"The Mausoleum","player_choice":"Ignored","floor":24.0,"gold_loss":0.0,"damage_taken":0.0},{"damage_healed":0.0,"max_hp_gain":0.0,"max_hp_loss":0.0,"gold_gain":0.0,"event_name":"Drug Dealer","player_choice":"Inject Mutagens","floor":29.0,"gold_loss":0.0,"damage_taken":0.0,"relics_obtained":["MutagenicStrength"]},{"cards_removed":["Self Repair"],"damage_healed":0.0,"max_hp_gain":0.0,"max_hp_loss":0.0,"gold_gain":0.0,"event_name":"Falling","player_choice":"Removed Power","floor":37.0,"gold_loss":0.0,"damage_taken":0.0},{"damage_healed":0.0,"max_hp_gain":0.0,"max_hp_loss":0.0,"gold_gain":0.0,"event_name":"MindBloom","player_choice":"Fight","floor":38.0,"gold_loss":0.0,"damage_taken":0.0}],"is_beta":false,"boss_relics":[{"not_picked":["Runic Pyramid","White Beast Statue"],"picked":"Orrery"},{"not_picked":["Runic Dome","Cursed Key"],"picked":"Sozu"}],"items_purged_floors":[20,36],"is_endless":false,"potions_floor_spawned":[2,5,10,13,16,18,31,33,38,40,42],"killed_by":"Sphere and 2 Shapes","ascension_level":8}