{"gold_per_floor":[112,130,15,15,28,28,28,28,28,43,43,62,62,82,82,177,177,190,115,115,115,215,215,544,544,544,544,531,531,24,49,49,148,148,168,178,178,278,76,76,103,0,0,28,128,157,157,176,176,176,176,176,2,31,31],"floor_reached":56,"playtime":4616,"items_purged":["Doubt","Defend_B","Defend_B"],"score":1568,"play_id":"e8fd0379-9617-4277-ad3b-edc37faa2b03","local_time":"20190210110437","is_ascension_mode":true,"campfire_choices":[{"data":"Defragment","floor":6,"key":"SMITH"},{"data":"Zap","floor":8,"key":"SMITH"},{"data":"Glacier","floor":11,"key":"SMITH"},{"data":"Dualcast","floor":13,"key":"SMITH"},{"data":"Go for the Eyes","floor":15,"key":"SMITH"},{"data":"Seek","floor":23,"key":"SMITH"},{"data":"Defragment","floor":25,"key":"SMITH"},{"floor":27,"key":"RECALL"},{"data":"Capacitor","floor":32,"key":"SMITH"},{"data":"Coolheaded","floor":40,"key":"SMITH"},{"data":"Loop","floor":47,"key":"SMITH"},{"data":"Core Surge","floor":49,"key":"SMITH"},{"data":"Bite","floor":52,"key":"SMITH"}],"neow_cost":"CURSE","seed_source_timestamp":55800349774700,"circlet_count":0,"master_deck":["Defend_B","Defend_B","Zap+1","Dualcast+1","Go for the Eyes+1","Defragment+1","Glacier+1","Defragment+1","Seek+1","Leap","Bite+1","Bite","Bite","Bite","Coolheaded+1","Core Surge+1","Capacitor+1","Barrage+1","Loop+1","Seek"],"relics":["Cracked Core","Thread and Needle","Pantograph","Vajra","Darkstone Periapt","Coffee Dripper","Nunchaku","Matryoshka","Old Coin","Bag of Marbles","Bottled Lightning","Mummified Hand","Shuriken","Ornamental Fan","Runic Pyramid","Torii","Runic Capacitor","Pear","Red Mask","Meat on the Bone","Turnip","Singing Bowl","Cables"],"potions_floor_usage":[16,18,22,24,36,44,50,54,54,55],"damage_taken":[{"damage":0,"enemies":"Cultist","floor":1,"turns":4},{"damage":3,"enemies":"Jaw Worm","floor":2,"turns":3},{"damage":5,"enemies":"Small Slimes","floor":5,"turns":3},{"damage":9,"enemies":"3 Louse","floor":10,"turns":3},{"damage":6,"enemies":"Large Slime","floor":12,"turns":6},{"damage":2,"enemies":"Exordium Thugs","floor":14,"turns":5},{"damage":23,"enemies":"Slime Boss","floor":16,"turns":12},{"damage":6,"enemies":"Chosen","floor":18,"turns":5},{"damage":4,"enemies":"Colosseum Slavers","floor":22,"turns":5},{"damage":2,"enemies":"Colosseum Nobs","floor":22,"turns":6},{"damage":6,"enemies":"Slavers","floor":24,"turns":4},{"damage":0,"enemies":"2 Thieves","floor":28,"turns":4},{"damage":0,"enemies":"Gremlin Leader","floor":31,"turns":8},{"damage":10,"enemies":"Collector","floor":33,"turns":14},{"damage":0,"enemies":"Orb Walker","floor":35,"turns":4},{"damage":8,"enemies":"3 Darklings","floor":36,"turns":6},{"damage":0,"enemies":"Mind Bloom Boss Battle","floor":38,"turns":9},{"damage":0,"enemies":"Giant Head","floor":41,"turns":10},{"damage":10,"enemies":"Reptomancer","floor":44,"turns":8},{"damage":0,"enemies":"Giant Head","floor":46,"turns":8},{"damage":0,"enemies":"4 Shapes","floor":48,"turns":4},{"damage":0,"enemies":"Time Eater","floor":50,"turns":10},{"damage":22,"enemies":"Shield and Spear","floor":54,"turns":8},{"damage":98,"enemies":"The Heart","floor":55,"turns":12}],"seed_played":"7915132965365792844","potions_obtained":[{"floor":2,"key":"SpeedPotion"},{"floor":10,"key":"FocusPotion"},{"floor":12,"key":"Explosive Potion"},{"floor":16,"key":"Swift Potion"},{"floor":22,"key":"PowerPotion"},{"floor":24,"key":"Block Potion"},{"floor":33,"key":"Strength Potion"},{"floor":36,"key":"Block Potion"},{"floor":38,"key":"EssenceOfSteel"},{"floor":41,"key":"EssenceOfSteel"},{"floor":46,"key":"SteroidPotion"}],"is_trial":false,"path_per_floor":["M","M","$","?","M","R","?","R","T","M","R","M","R","M","R","B",null,"M","?","?","?","?","R","E","R","T","R","M","T","$","E","R","B",null,"M","M","?","?","$","R","E","?","T","E","?","E","R","M","R","B",null,"R","$","E","B",null],"character_chosen":"DEFECT","items_purchased":["Defragment","Shuriken","Core Surge","Runic Capacitor","AttackPotion"],"campfire_rested":0,"item_purchase_floors":[3,30,30,39,53],"current_hp_per_floor":[75,72,72,72,67,67,64,64,64,55,55,49,49,47,47,49,75,69,69,55,55,56,56,54,54,54,54,56,56,56,56,56,56,56,56,56,56,56,56,56,66,66,66,66,66,66,66,68,68,68,68,68,68,62,14],"gold":31,"neow_bonus":"ONE_RARE_RELIC","is_prod":false,"is_daily":false,"chose_seed":false,"campfire_upgraded":12,"win_rate":0,"timestamp":1549825477,"path_taken":["M","M","$","?","M","R","?","R","T","M","R","M","R","?","R","BOSS","M","?","?","?","?","R","E","R","T","R","M","?","$","E","R","BOSS","M","M","?","?","$","R","E","?","T","E","?","E","R","M","R","BOSS","R","$","E","BOSS"],"build_version":"2019-01-23","purchased_purges":3,"victory":true,"max_hp_per_floor":[75,75,75,75,75,75,75,75,75,75,75,75,75,75,75,75,75,75,75,80,56,56,56,56,56,56,56,56,56,56,56,56,56,56,56,56,56,56,56,56,66,66,66,66,66,66,66,68,68,68,68,68,68,68,68],"card_choices":[{"not_picked":["Recycle","Sweeping Beam"],"picked":"Go for the Eyes","floor":1},{"not_picked":["Gash","Compile Driver","Streamline"],"picked":"SKIP","floor":2},{"not_picked":["Stack","Recycle","Beam Cell"],"picked":"SKIP","floor":5},{"not_picked":["Hologram","Steam"],"picked":"Glacier","floor":10},{"not_picked":["Stack","Aggregate"],"picked":"Defragment","floor":12},{"not_picked":["Doom and Gloom","Beam Cell","Compile Driver"],"picked":"SKIP","floor":14},{"not_picked":["Electrodynamics","Hyperbeam"],"picked":"Seek","floor":16},{"not_picked":["Redo","Auto Shields"],"picked":"Leap","floor":18},{"not_picked":["Gash","Ball Lightning"],"picked":"Coolheaded","floor":24},{"not_picked":["Rebound","Reprogram","Ball Lightning"],"picked":"SKIP","floor":28},{"not_picked":["Hyperbeam","Storm"],"picked":"Capacitor","floor":31},{"not_picked":["Darkness+1","Compile Driver","Melter"],"picked":"SKIP","floor":35},{"not_picked":["Undo","Coolheaded","Static Discharge"],"picked":"SKIP","floor":36},{"not_picked":["Conserve Battery","Chaos"],"picked":"Barrage+1","floor":41},{"not_picked":["Conserve Battery+1","Aggregate+1","Steam"],"picked":"SKIP","floor":44},{"not_picked":["Turbo","Go for the Eyes"],"picked":"Loop","floor":46},{"not_picked":["Sweeping Beam+1","Melter","Ball Lightning"],"picked":"Singing Bowl","floor":48},{"not_picked":["Static Discharge+1","Conserve Battery+1"],"picked":"Seek","floor":54}],"player_experience":319863,"relics_obtained":[{"floor":9,"key":"Darkstone Periapt"},{"floor":22,"key":"Nunchaku"},{"floor":22,"key":"Matryoshka"},{"floor":24,"key":"Old Coin"},{"floor":26,"key":"Bag of Marbles"},{"floor":29,"key":"Bottled Lightning"},{"floor":29,"key":"Mummified Hand"},{"floor":31,"key":"Ornamental Fan"},{"floor":38,"key":"Torii"},{"floor":41,"key":"Pear"},{"floor":43,"key":"Meat on the Bone"},{"floor":44,"key":"Turnip"},{"floor":46,"key":"Singing Bowl"},{"floor":54,"key":"Cables"}],"event_choices":[{"damage_healed":0,"gold_gain":0,"player_choice":"Box","damage_taken":0,"relics_obtained":["Pantograph"],"max_hp_gain":0,"max_hp_loss":0,"event_name":"Big Fish","floor":4,"gold_loss":0,"cards_obtained":["Regret"]},{"damage_healed":0,"gold_gain":0,"player_choice":"Success","damage_taken":3,"relics_obtained":["Vajra"],"max_hp_gain":0,"max_hp_loss":0,"event_name":"Scrap Ooze","floor":7,"gold_loss":0},{"cards_removed":["Regret"],"damage_healed":0,"gold_gain":0,"player_choice":"Gave Gold","damage_taken":0,"max_hp_gain":0,"max_hp_loss":0,"event_name":"Beggar","floor":19,"gold_loss":75},{"damage_healed":0,"gold_gain":0,"player_choice":"Shed Blood","damage_taken":19,"max_hp_gain":5,"max_hp_loss":0,"event_name":"Forgotten Altar","floor":20,"gold_loss":0},{"damage_healed":0,"gold_gain":0,"player_choice":"Became a vampire","damage_taken":0,"max_hp_gain":0,"max_hp_loss":24,"event_name":"Vampires","floor":21,"gold_loss":0,"cards_obtained":["Bite","Bite","Bite","Bite","Bite"]},{"damage_healed":0,"gold_gain":0,"player_choice":"Fight","damage_taken":0,"max_hp_gain":0,"max_hp_loss":0,"event_name":"Colosseum","floor":22,"gold_loss":0},{"damage_healed":0,"gold_gain":0,"player_choice":"Fought Nobs","damage_taken":0,"max_hp_gain":0,"max_hp_loss":0,"event_name":"Colosseum","floor":22,"gold_loss":0},{"cards_removed":["Bite"],"damage_healed":0,"gold_gain":0,"player_choice":"Removed Attack","damage_taken":0,"max_hp_gain":0,"max_hp_loss":0,"event_name":"Falling","floor":37,"gold_loss":0},{"damage_healed":0,"gold_gain":0,"player_choice":"Fight","damage_taken":0,"max_hp_gain":0,"max_hp_loss":0,"event_name":"MindBloom","floor":38,"gold_loss":0},{"damage_healed":0,"gold_gain":0,"player_choice":"Paid","damage_taken":0,"relics_obtained":["Red Mask"],"max_hp_gain":0,"max_hp_loss":0,"event_name":"Tomb of Lord Red Mask","floor":42,"gold_loss":103},{"damage_healed":0,"gold_gain":100,"player_choice":"Pray","damage_taken":0,"max_hp_gain":0,"max_hp_loss":0,"event_name":"Golden Shrine","floor":45,"gold_loss":0}],"is_beta":false,"boss_relics":[{"not_picked":["Nuclear Battery","Black Star"],"picked":"Coffee Dripper"},{"not_picked":["Runic Dome","FrozenCore"],"picked":"Runic Pyramid"}],"items_purged_floors":[3,30,53],"is_endless":false,"potions_floor_spawned":[2,10,12,16,22,22,24,33,36,38,41,46],"ascension_level":4}