{"gold_per_floor":[14,28,47,66,31,64,64,74,74,74,107,107],"floor_reached":12,"playtime":360,"items_purged":[],"score":165,"play_id":"99d4ef9d-5d1f-4706-9ad3-3e9d78c51515","local_time":"20190209135439","is_ascension_mode":true,"campfire_choices":[{"floor":7,"key":"REST"}],"neow_cost":"NO_GOLD","seed_source_timestamp":10973428372763,"circlet_count":0,"master_deck":["AscendersBane","Strike_B","Strike_B","Strike_B","Strike_B","Defend_B","Defend_B","Defend_B","Defend_B","Zap","Dualcast","Hologram","Coolheaded","Defragment","Leap","Leap"],"relics":["Cracked Core","Singing Bowl","Vajra","Lantern"],"potions_floor_usage":[6,11,11],"damage_taken":[{"damage":0,"enemies":"2 Louse","floor":1,"turns":2},{"damage":4,"enemies":"Small Slimes","floor":2,"turns":3},{"damage":7,"enemies":"Cultist","floor":3,"turns":4},{"damage":13,"enemies":"Looter","floor":4,"turns":4},{"damage":50,"enemies":"Lagavulin","floor":6,"turns":7},{"damage":4,"enemies":"Large Slime","floor":8,"turns":9},{"damage":48,"enemies":"Gremlin Nob","floor":11,"turns":6},{"damage":10,"enemies":"3 Louse","floor":12,"turns":1}],"seed_played":"-6612324096829887543","potions_obtained":[{"floor":3,"key":"Swift Potion"},{"floor":6,"key":"Fire Potion"},{"floor":8,"key":"SkillPotion"}],"is_trial":false,"path_per_floor":["M","M","M","M","?","E","R","M","T","?","E","M"],"character_chosen":"DEFECT","items_purchased":[],"campfire_rested":1,"item_purchase_floors":[],"current_hp_per_floor":[82,78,71,58,80,30,56,54,54,54,8,0],"gold":107,"neow_bonus":"TWENTY_PERCENT_HP_BONUS","is_prod":false,"is_daily":false,"chose_seed":false,"campfire_upgraded":0,"win_rate":0,"timestamp":1549688079,"path_taken":["M","M","M","M","?","E","R","M","T","?","E","?"],"build_version":"2019-01-23","purchased_purges":0,"victory":false,"max_hp_per_floor":[89,89,89,89,89,89,89,91,91,91,93,93],"card_choices":[{"not_picked":["Doom and Gloom","Redo"],"picked":"Hologram","floor":1},{"not_picked":["Rip and Tear","Compile Driver"],"picked":"Coolheaded","floor":2},{"not_picked":["Consume","Hyperbeam"],"picked":"Defragment","floor":3},{"not_picked":["Force Field","Hologram"],"picked":"Leap","floor":4},{"not_picked":["Go for the Eyes","Coolheaded"],"picked":"Leap","floor":6},{"not_picked":["Doom and Gloom","Steam Power","Leap"],"picked":"Singing Bowl","floor":8},{"not_picked":["Storm","Heatsinks","Chaos"],"picked":"Singing Bowl","floor":11}],"player_experience":307491,"relics_obtained":[{"floor":6,"key":"Singing Bowl"},{"floor":9,"key":"Vajra"},{"floor":11,"key":"Lantern"}],"event_choices":[{"damage_healed":22,"gold_gain":0,"player_choice":"Healed","damage_taken":0,"max_hp_gain":0,"max_hp_loss":0,"event_name":"The Cleric","floor":5,"gold_loss":35},{"damage_healed":0,"gold_gain":0,"player_choice":"Bought 0 Potions","damage_taken":0,"max_hp_gain":0,"max_hp_loss":0,"event_name":"The Woman in Blue","floor":10,"gold_loss":0}],"is_beta":false,"boss_relics":[],"items_purged_floors":[],"is_endless":false,"potions_floor_spawned":[3,6,8],"killed_by":"3 Louse","ascension_level":11}