{"gold_per_floor":[14,14,164,239,66,66,105,123,149,163,184,184,184,199,199,199],"floor_reached":16,"playtime":554,"items_purged":["Doubt"],"score":200,"play_id":"2d6c660a-b0b5-4d9b-9323-09a419e1c598","local_time":"20190225230258","is_ascension_mode":true,"campfire_choices":[{"floor":6.0,"key":"REST"},{"data":"True Grit","floor":13,"key":"SMITH"},{"data":"Body Slam","floor":15,"key":"SMITH"}],"neow_cost":"NO_GOLD","seed_source_timestamp":135627344782334,"circlet_count":0,"master_deck":["AscendersBane","Strike_R","Strike_R","Strike_R+1","Strike_R+1","Strike_R","Defend_R","Defend_R","Defend_R","Defend_R","Bash","Feed","Body Slam+1","Metallicize","Shrug It Off","Iron Wave","True Grit+1","Whirlwind"],"special_seed":0,"relics":["Burning Blood","Golden Idol","Whetstone","Strawberry"],"potions_floor_usage":[11],"damage_taken":[{"damage":3.0,"enemies":"Small Slimes","floor":1.0,"turns":4.0},{"damage":49.0,"enemies":"Lagavulin","floor":7.0,"turns":10.0},{"damage":5.0,"enemies":"2 Louse","floor":8.0,"turns":4.0},{"damage":4.0,"enemies":"Jaw Worm","floor":10.0,"turns":5.0},{"damage":1,"enemies":"Looter","floor":11,"turns":4},{"damage":18,"enemies":"Large Slime","floor":14,"turns":8},{"damage":42,"enemies":"Slime Boss","floor":16,"turns":7}],"seed_played":"-7145959139239901553","potions_obtained":[{"floor":7.0,"key":"Poison Potion"},{"floor":14,"key":"Explosive Potion"}],"is_trial":false,"path_per_floor":["M","?","?","?","$","R","E","M","T","M","M","?","R","M","R","B"],"character_chosen":"IRONCLAD","items_purchased":["Metallicize","Shrug It Off"],"campfire_rested":1,"item_purchase_floors":[5,5],"current_hp_per_floor":[74,47,47,36,36,59,16,20,27,32,37,42,42,30,30,0],"gold":199,"neow_bonus":"THREE_RARE_CARDS","is_prod":false,"is_daily":false,"chose_seed":false,"campfire_upgraded":2,"win_rate":0,"timestamp":1551164578,"path_taken":["M","?","?","?","$","R","E","M","T","M","M","?","R","M","R","BOSS"],"build_version":"2019-01-23","purchased_purges":1,"victory":false,"max_hp_per_floor":[78,78,78,78,78,78,78,81,88,91,91,96,96,96,96,96],"card_choices":[{"not_picked":["Brutality","Berserk"],"picked":"Feed","floor":0.0},{"not_picked":["Clothesline","Anger"],"picked":"Body Slam","floor":1.0},{"not_picked":["Clothesline","Pommel Strike"],"picked":"Iron Wave","floor":7.0},{"not_picked":["Wild Strike","Carnage","Sever Soul"],"picked":"SKIP","floor":8.0},{"not_picked":["Sword Boomerang","Corruption","Clash"],"picked":"SKIP","floor":10.0},{"not_picked":["Iron Wave","Rampage"],"picked":"True Grit","floor":11},{"not_picked":["Clash","Heavy Blade"],"picked":"Whirlwind","floor":14}],"player_experience":525866,"relics_obtained":[{"floor":7.0,"key":"Whetstone"},{"floor":9.0,"key":"Strawberry"}],"event_choices":[{"damage_healed":0.0,"max_hp_gain":0.0,"max_hp_loss":0.0,"gold_gain":0.0,"event_name":"Golden Idol","player_choice":"Take Damage","floor":2.0,"gold_loss":0.0,"damage_taken":27.0,"relics_obtained":["Golden Idol"]},{"damage_healed":0.0,"max_hp_gain":0.0,"max_hp_loss":0.0,"gold_gain":150.0,"event_name":"Liars Game","player_choice":"AGREE","floor":3.0,"gold_loss":0.0,"damage_taken":0.0,"cards_obtained":["Doubt"]},{"damage_healed":0.0,"max_hp_gain":0.0,"max_hp_loss":0.0,"gold_gain":75.0,"event_name":"World of Goop","player_choice":"Gather Gold","floor":4.0,"gold_loss":0.0,"damage_taken":11.0},{"damage_healed":0,"gold_gain":0,"player_choice":"Donut","damage_taken":0,"max_hp_gain":5,"max_hp_loss":0,"event_name":"Big Fish","floor":12,"gold_loss":0}],"is_beta":false,"boss_relics":[],"items_purged_floors":[5],"is_endless":false,"potions_floor_spawned":[7,14],"killed_by":"Slime Boss","ascension_level":15}