{"gold_per_floor":[18,32,47,47,59,92,92,117,117,117,149,30,56,21,21,95,95,111,71,89,105,116,150,150,178,178,178,188,201,84,100,100,178,178,189,206,34,46,46,74,74,109,109,109,129,129,42,62,62,62],"floor_reached":51,"playtime":2476,"items_purged":["Defend_R"],"score":1534,"play_id":"e350e255-3194-40b5-8f03-d48e1bad6ae4","local_time":"20190305020632","is_ascension_mode":true,"campfire_choices":[{"data":"Armaments","floor":7.0,"key":"SMITH"},{"data":"Perfected Strike","floor":10.0,"key":"SMITH"},{"data":"Disarm","floor":15.0,"key":"SMITH"},{"data":"True Grit","floor":24.0,"key":"SMITH"},{"data":"Perfected Strike","floor":27.0,"key":"SMITH"},{"data":"Limit Break","floor":32.0,"key":"SMITH"},{"floor":41.0,"key":"REST"},{"floor":44,"key":"REST"},{"floor":46,"key":"REST"},{"floor":49,"key":"REST"}],"neow_cost":"NO_GOLD","seed_source_timestamp":256067011985149,"circlet_count":0,"master_deck":["AscendersBane","Strike_R","Strike_R","Strike_R","Defend_R","Defend_R","Bash","Pommel Strike","Perfected Strike+1","Armaments+1","True Grit+1","Spot Weakness","Perfected Strike+1","Ghostly Armor","Disarm+1","Pommel Strike","Reaper","Twin Strike","Disarm","Limit Break+1","Intimidate+1","Metallicize","Inflame","Impervious","Fiend Fire","Perfected Strike+1","Rage"],"special_seed":0,"relics":["Burning Blood","Nunchaku","Bronze Scales","Pen Nib","Sundial","Ginger","Snecko Eye","Bottled Flame","Pantograph","Red Skull","Fusion Hammer","Happy Flower","Regal Pillow","Question Card","Lantern"],"potions_floor_usage":[42,42,50,50],"damage_taken":[{"damage":2.0,"enemies":"2 Louse","floor":1.0,"turns":5.0},{"damage":10.0,"enemies":"Small Slimes","floor":2.0,"turns":4.0},{"damage":1.0,"enemies":"Cultist","floor":3.0,"turns":3.0},{"damage":4.0,"enemies":"2 Fungi Beasts","floor":5.0,"turns":4.0},{"damage":22.0,"enemies":"3 Sentries","floor":6.0,"turns":11.0},{"damage":37.0,"enemies":"Lagavulin","floor":8.0,"turns":7.0},{"damage":20.0,"enemies":"3 Sentries","floor":11.0,"turns":6.0},{"damage":0.0,"enemies":"Gremlin Nob","floor":13.0,"turns":3.0},{"damage":24.0,"enemies":"Hexaghost","floor":16.0,"turns":9.0},{"damage":2.0,"enemies":"3 Byrds","floor":18.0,"turns":2.0},{"damage":8.0,"enemies":"Shell Parasite","floor":20.0,"turns":4.0},{"damage":5.0,"enemies":"Snake Plant","floor":21.0,"turns":2.0},{"damage":19.0,"enemies":"Chosen and Byrds","floor":22.0,"turns":5.0},{"damage":17.0,"enemies":"Slavers","floor":23.0,"turns":5.0},{"damage":0.0,"enemies":"Book of Stabbing","floor":25.0,"turns":3.0},{"damage":31.0,"enemies":"Sentry and Sphere","floor":28.0,"turns":5.0},{"damage":7.0,"enemies":"Centurion and Healer","floor":29.0,"turns":4.0},{"damage":12.0,"enemies":"Snecko","floor":31.0,"turns":5.0},{"damage":63.0,"enemies":"Champ","floor":33.0,"turns":11.0},{"damage":8.0,"enemies":"Orb Walker","floor":35.0,"turns":2.0},{"damage":11.0,"enemies":"3 Darklings","floor":36.0,"turns":5.0},{"damage":31.0,"enemies":"Writhing Mass","floor":38.0,"turns":4.0},{"damage":53.0,"enemies":"Reptomancer","floor":40.0,"turns":4.0},{"damage":58,"enemies":"Nemesis","floor":42,"turns":5},{"damage":39,"enemies":"Jaw Worm Horde","floor":45,"turns":4},{"damage":22,"enemies":"Spire Growth","floor":48,"turns":4},{"damage":76,"enemies":"Time Eater","floor":50,"turns":8}],"seed_played":"5605360487236256","potions_obtained":[{"floor":1.0,"key":"Poison Potion"},{"floor":2.0,"key":"EssenceOfSteel"},{"floor":8.0,"key":"Weak Potion"},{"floor":11.0,"key":"Swift Potion"},{"floor":16.0,"key":"Block Potion"},{"floor":19.0,"key":"SpeedPotion"},{"floor":19.0,"key":"Weak Potion"},{"floor":20.0,"key":"GamblersBrew"},{"floor":22.0,"key":"SteroidPotion"},{"floor":28.0,"key":"GamblersBrew"},{"floor":36.0,"key":"Dexterity Potion"},{"floor":38.0,"key":"Regen Potion"},{"floor":40.0,"key":"SteroidPotion"},{"floor":48,"key":"Block Potion"}],"is_trial":false,"path_per_floor":["M","M","M","?","M","E","R","E","T","R","E","$","E","?","R","B",null,"M","?","M","M","M","E","R","E","T","R","M","M","$","M","R","B",null,"M","M","$","M","?","E","R","E","T","R","M","R","$","M","R","B",null],"character_chosen":"IRONCLAD","items_purchased":["Ghostly Armor","Disarm","Metallicize","Happy Flower","GamblersBrew"],"campfire_rested":4,"item_purchase_floors":[12,12,30,37,47],"current_hp_per_floor":[72,68,73,78,80,64,64,33,33,33,19,19,25,45,45,27,67,77,77,75,80,67,72,72,78,78,78,53,62,62,56,56,41,70,68,80,80,55,55,20,59,8,8,47,21,60,60,53,80,23],"gold":62,"neow_bonus":"REMOVE_TWO","is_prod":false,"is_daily":false,"chose_seed":false,"campfire_upgraded":6,"win_rate":0,"timestamp":1551747992,"path_taken":["M","M","M","?","M","E","R","E","T","R","E","$","E","?","R","BOSS","M","?","M","?","M","E","R","E","T","R","M","M","$","M","R","BOSS","M","M","$","M","?","E","R","E","T","R","M","R","$","M","R","BOSS"],"build_version":"2019-01-23","purchased_purges":1,"victory":true,"max_hp_per_floor":[75,75,75,80,80,80,80,80,80,80,80,80,80,80,80,80,80,80,80,80,80,80,80,80,80,80,80,80,80,80,80,80,80,80,80,80,80,80,80,80,80,80,80,80,80,80,80,80,80,80],"card_choices":[{"not_picked":["Anger","Entrench"],"picked":"Pommel Strike","floor":1.0},{"not_picked":["Searing Blow","Battle Trance"],"picked":"Perfected Strike","floor":2.0},{"not_picked":["Pommel Strike","Sword Boomerang"],"picked":"Armaments","floor":3.0},{"not_picked":["Dropkick","Thunderclap"],"picked":"True Grit","floor":5.0},{"not_picked":["Thunderclap","Body Slam","Blood for Blood"],"picked":"SKIP","floor":6.0},{"not_picked":["Barricade","Clothesline"],"picked":"Spot Weakness","floor":8.0},{"not_picked":["Combust","Fiend Fire"],"picked":"Perfected Strike","floor":11.0},{"not_picked":["Battle Trance","Seeing Red"],"picked":"Pommel Strike","floor":13.0},{"not_picked":["Double Tap","Immolate"],"picked":"Reaper","floor":16.0},{"not_picked":["Power Through","True Grit","Headbutt"],"picked":"SKIP","floor":18.0},{"not_picked":["Ghostly Armor","Wild Strike","Havoc"],"picked":"SKIP","floor":20.0},{"not_picked":["Heavy Blade","Dual Wield","Havoc"],"picked":"SKIP","floor":21.0},{"not_picked":["Corruption","Body Slam","True Grit"],"picked":"SKIP","floor":22.0},{"not_picked":["Spot Weakness","Body Slam"],"picked":"Twin Strike","floor":23.0},{"not_picked":["Armaments","Heavy Blade+1"],"picked":"Disarm","floor":25.0},{"not_picked":["True Grit","Clothesline"],"picked":"Limit Break","floor":28.0},{"not_picked":["Sword Boomerang","Cleave"],"picked":"Intimidate+1","floor":29.0},{"not_picked":["Flame Barrier","Disarm"],"picked":"Inflame","floor":31.0},{"not_picked":["Feed","Brutality"],"picked":"Impervious","floor":33.0},{"not_picked":["Headbutt+1","Wild Strike","Thunderclap"],"picked":"SKIP","floor":35.0},{"not_picked":["Shockwave+1","Twin Strike+1"],"picked":"Fiend Fire","floor":36.0},{"not_picked":["Body Slam+1","Sever Soul","Clash+1"],"picked":"SKIP","floor":38.0},{"not_picked":["Disarm","Twin Strike+1","Iron Wave+1"],"picked":"SKIP","floor":40.0},{"not_picked":["Reckless Charge","Entrench+1","Flex"],"picked":"SKIP","floor":42},{"not_picked":["True Grit","Body Slam","Wild Strike"],"picked":"Perfected Strike+1","floor":45},{"not_picked":["Body Slam+1","Sword Boomerang","Corruption"],"picked":"Rage","floor":48}],"player_experience":871410,"relics_obtained":[{"floor":6.0,"key":"Nunchaku"},{"floor":8.0,"key":"Bronze Scales"},{"floor":9.0,"key":"Pen Nib"},{"floor":11.0,"key":"Sundial"},{"floor":13.0,"key":"Ginger"},{"floor":23.0,"key":"Bottled Flame"},{"floor":25.0,"key":"Pantograph"},{"floor":26.0,"key":"Red Skull"},{"floor":40.0,"key":"Regal Pillow"},{"floor":42,"key":"Question Card"},{"floor":43,"key":"Lantern"}],"event_choices":[{"damage_healed":0.0,"max_hp_gain":5.0,"max_hp_loss":0.0,"gold_gain":0.0,"event_name":"Big Fish","player_choice":"Donut","floor":4.0,"gold_loss":0.0,"damage_taken":0.0},{"damage_healed":20.0,"max_hp_gain":0.0,"max_hp_loss":0.0,"gold_gain":0.0,"event_name":"The Cleric","player_choice":"Healed","floor":14.0,"gold_loss":35.0,"damage_taken":0.0},{"damage_healed":0.0,"max_hp_gain":0.0,"max_hp_loss":0.0,"gold_gain":0.0,"event_name":"The Woman in Blue","player_choice":"Bought 3 Potions","floor":19.0,"gold_loss":0.0,"damage_taken":0.0},{"cards_removed":["Strike_R"],"damage_healed":0.0,"max_hp_gain":0.0,"max_hp_loss":0.0,"gold_gain":0.0,"event_name":"Falling","player_choice":"Removed Attack","floor":39.0,"gold_loss":0.0,"damage_taken":0.0}],"is_beta":false,"boss_relics":[{"not_picked":["Lizard Tail","Runic Cube"],"picked":"Snecko Eye"},{"not_picked":["Black Star","Black Blood"],"picked":"Fusion Hammer"}],"items_purged_floors":[30],"is_endless":false,"potions_floor_spawned":[1,2,8,11,16,20,21,22,28,36,38,40,48],"ascension_level":17}