{"gold_per_floor":[119,44,18,93,93,93,126,126,150,178,88,115,115,115,115,192,192,202,202,218,230,53,53,66,66,66,80,115,115,127,138,138,215,215,229,209,112,124,134,134,134,149,149,149,24,40,51,65,65,65],"floor_reached":51,"playtime":2016,"items_purged":["Strike_R","Strike_R","Strike_R"],"score":1377,"play_id":"e2e7019b-a9c1-4210-bed0-ee2fd0936fe6","local_time":"20190130113525","is_ascension_mode":true,"campfire_choices":[{"data":"Perfected Strike","floor":6,"key":"SMITH"},{"data":"Uppercut","floor":13,"key":"SMITH"},{"data":"Offering","floor":15,"key":"SMITH"},{"data":"Limit Break","floor":23,"key":"SMITH"},{"floor":25,"key":"REST"},{"floor":29,"key":"REST"},{"data":"Bandage Up","floor":32,"key":"SMITH"},{"floor":40,"key":"REST"},{"floor":44,"key":"REST"},{"floor":49,"key":"REST"}],"neow_cost":"NONE","seed_source_timestamp":1075617615738497,"circlet_count":0,"master_deck":["AscendersBane","Strike_R","Defend_R","Defend_R","Defend_R","Defend_R","Dropkick","Perfected Strike+1","Uppercut+1","Offering+1","Bandage Up+1","Limit Break+1","Perfected Strike+1","Feed","Sword Boomerang+1","Exhume","Shrug It Off+1","Flash of Steel","Armaments+1","Shrug It Off"],"relics":["Burning Blood","NeowsBlessing","Blue Candle","Kunai","Red Skull","Du-Vu Doll","Pantograph","Runic Dome","Ginger","Champion Belt","Fusion Hammer","Molten Egg 2","Ornamental Fan"],"potions_floor_usage":[16,28,31,33,50],"damage_taken":[{"damage":0,"enemies":"Cultist","floor":1,"turns":1},{"damage":0,"enemies":"Gremlin Nob","floor":7,"turns":1},{"damage":0,"enemies":"Lagavulin","floor":10,"turns":1},{"damage":8,"enemies":"Gremlin Nob","floor":12,"turns":3},{"damage":26,"enemies":"Slime Boss","floor":16,"turns":7},{"damage":48,"enemies":"3 Byrds","floor":18,"turns":6},{"damage":6,"enemies":"Spheric Guardian","floor":20,"turns":1},{"damage":19,"enemies":"Centurion and Healer","floor":21,"turns":5},{"damage":11,"enemies":"3 Cultists","floor":24,"turns":4},{"damage":25,"enemies":"Snake Plant","floor":27,"turns":2},{"damage":30,"enemies":"Gremlin Leader","floor":28,"turns":4},{"damage":20,"enemies":"Centurion and Healer","floor":30,"turns":2},{"damage":6,"enemies":"Cultist and Chosen","floor":31,"turns":3},{"damage":44,"enemies":"Champ","floor":33,"turns":6},{"damage":42,"enemies":"3 Darklings","floor":35,"turns":4},{"damage":47,"enemies":"3 Shapes","floor":38,"turns":5},{"damage":30,"enemies":"Sphere and 2 Shapes","floor":39,"turns":6},{"damage":34,"enemies":"3 Darklings","floor":42,"turns":5},{"damage":20,"enemies":"4 Shapes","floor":46,"turns":5},{"damage":31,"enemies":"Jaw Worm Horde","floor":47,"turns":4},{"damage":12,"enemies":"Maw","floor":48,"turns":3},{"damage":65,"enemies":"Time Eater","floor":50,"turns":9}],"seed_played":"2953400875696788879","potions_obtained":[{"floor":7,"key":"LiquidBronze"},{"floor":10,"key":"Strength Potion"},{"floor":16,"key":"Ancient Potion"},{"floor":20,"key":"Weak Potion"},{"floor":30,"key":"FearPotion"},{"floor":31,"key":"Fruit Juice"},{"floor":33,"key":"Ancient Potion"},{"floor":36,"key":"FairyPotion"}],"is_trial":false,"path_per_floor":["M","$","$","?","$","R","E","?","T","E","$","E","R","?","R","B",null,"M","?","M","M","$","R","M","R","T","M","E","R","M","M","R","B",null,"M","?","$","M","M","R","T","M","T","R","$","M","M","M","R","B",null],"character_chosen":"IRONCLAD","items_purchased":["Perfected Strike","Bandage Up","Feed","Flash of Steel"],"campfire_rested":5,"item_purchase_floors":[3,11,22,37],"current_hp_per_floor":[74,74,74,63,63,63,69,34,34,40,40,42,42,35,35,44,67,29,29,33,24,24,24,26,49,49,34,14,37,30,39,39,32,73,43,43,43,17,8,35,35,13,13,40,40,42,27,27,57,29],"gold":65,"neow_bonus":"THREE_ENEMY_KILL","is_prod":false,"is_daily":false,"chose_seed":false,"campfire_upgraded":5,"win_rate":0,"timestamp":1548866125,"path_taken":["M","?","$","?","$","R","E","?","T","E","$","E","R","?","R","BOSS","M","?","M","?","$","R","M","R","T","M","E","R","M","M","R","BOSS","M","?","$","M","?","R","?","M","T","R","?","?","M","M","R","BOSS"],"build_version":"2019-01-23","purchased_purges":3,"victory":true,"max_hp_per_floor":[75,75,75,75,75,75,75,75,75,75,75,75,75,75,75,75,75,75,75,75,75,75,75,78,78,78,78,78,78,81,86,86,86,86,86,86,86,89,92,92,92,92,92,92,92,96,100,100,100,100],"card_choices":[{"not_picked":["Clash","Infernal Blade"],"picked":"Dropkick","floor":1},{"not_picked":["Combust","Pommel Strike"],"picked":"Uppercut","floor":7},{"not_picked":["Thunderclap","Anger"],"picked":"Offering","floor":10},{"not_picked":["Twin Strike","Sentinel","True Grit"],"picked":"SKIP","floor":12},{"not_picked":["Dark Embrace","Demon Form"],"picked":"Limit Break","floor":16},{"not_picked":["Sword Boomerang","Flex","Clash"],"picked":"SKIP","floor":18},{"not_picked":["Clothesline","Power Through+1"],"picked":"Perfected Strike+1","floor":20},{"not_picked":["Armaments","Warcry","Twin Strike+1"],"picked":"SKIP","floor":21},{"not_picked":["Anger","Shrug It Off"],"picked":"Sword Boomerang+1","floor":24},{"not_picked":["Wild Strike","Armaments","Cleave"],"picked":"SKIP","floor":27},{"not_picked":["Sever Soul","Heavy Blade","Sentinel"],"picked":"SKIP","floor":28},{"not_picked":["True Grit+1","Dark Embrace","Armaments"],"picked":"SKIP","floor":30},{"not_picked":["Searing Blow","Sword Boomerang","Iron Wave"],"picked":"SKIP","floor":31},{"not_picked":["Impervious","Bludgeon"],"picked":"Exhume","floor":33},{"not_picked":["Body Slam+1","Anger"],"picked":"Shrug It Off+1","floor":35},{"not_picked":["Sword Boomerang","Headbutt","Havoc+1"],"picked":"SKIP","floor":38},{"not_picked":["Entrench","Warcry"],"picked":"Armaments+1","floor":39},{"not_picked":["Dual Wield","Berserk","Cleave+1"],"picked":"SKIP","floor":42},{"not_picked":["Warcry","Headbutt+1","Thunderclap+1"],"picked":"SKIP","floor":46},{"not_picked":["Iron Wave+1","Rage"],"picked":"Shrug It Off","floor":47},{"not_picked":["Entrench","Uppercut+1","Heavy Blade+1"],"picked":"SKIP","floor":48}],"player_experience":567573,"relics_obtained":[{"floor":7,"key":"Blue Candle"},{"floor":9,"key":"Red Skull"},{"floor":10,"key":"Du-Vu Doll"},{"floor":12,"key":"Pantograph"},{"floor":26,"key":"Ginger"},{"floor":28,"key":"Champion Belt"},{"floor":41,"key":"Molten Egg 2"},{"floor":43,"key":"Ornamental Fan"}],"event_choices":[{"damage_healed":0,"gold_gain":75,"player_choice":"Gather Gold","damage_taken":11,"max_hp_gain":0,"max_hp_loss":0,"event_name":"World of Goop","floor":4,"gold_loss":0},{"damage_healed":0,"gold_gain":0,"player_choice":"Success","damage_taken":35,"relics_obtained":["Kunai"],"max_hp_gain":0,"max_hp_loss":0,"event_name":"Scrap Ooze","floor":8,"gold_loss":0},{"cards_removed":["Bash"],"damage_healed":0,"gold_gain":0,"player_choice":"Card Removal","damage_taken":7,"max_hp_gain":0,"max_hp_loss":0,"event_name":"Golden Wing","floor":14,"gold_loss":0},{"cards_removed":["Strike_R"],"damage_healed":0,"gold_gain":0,"player_choice":"Purged","damage_taken":0,"max_hp_gain":0,"max_hp_loss":0,"event_name":"Purifier","floor":19,"gold_loss":0},{"damage_healed":0,"gold_gain":0,"player_choice":"Bought 1 Potion","damage_taken":0,"max_hp_gain":0,"max_hp_loss":0,"event_name":"The Woman in Blue","floor":36,"gold_loss":0}],"is_beta":false,"boss_relics":[{"not_picked":["Sozu","Pandora\u0027s Box"],"picked":"Runic Dome"},{"not_picked":["Tiny House","Snecko Eye"],"picked":"Fusion Hammer"}],"items_purged_floors":[2,22,45],"is_endless":false,"potions_floor_spawned":[7,10,16,20,30,31,33,38,42,48],"ascension_level":18}