{"path_per_floor":["M","?","?","?","M","R","?","M","T","M","$","M","$","E","R","B",null,"M","$","M","$","?","R","M","M","T"],"character_chosen":"THE_SILENT","items_purchased":["Noxious Fumes","Escape Plan","Blade Dance","Infinite Blades"],"gold_per_floor":[110,110,110,110,122,122,197,212,212,230,230,246,53,80,80,175,175,194,80,69,69,69,69,80,93,140,140],"floor_reached":27,"campfire_rested":1,"playtime":1416,"current_hp_per_floor":[66,59,59,64,64,64,53,53,53,53,53,51,51,25,25,28,75,52,52,21,21,7,31,13,4,4,4],"items_purged":["Decay"],"gold":140,"score":234,"play_id":"ee6c5d3b-3c18-4b20-b133-4238ba971b29","local_time":"20180507125334","is_prod":false,"is_daily":false,"chose_seed":false,"is_ascension_mode":true,"campfire_upgraded":2,"timestamp":1525722814,"path_taken":["M","?","?","?","?","R","?","M","T","M","$","M","$","E","R","BOSS","M","$","M","$","?","R","M","M","T","E"],"build_version":"2018-05-03","seed_source_timestamp":2292873492704666,"purchased_purges":1,"victory":false,"master_deck":["Defend_G","Defend_G","Defend_G","Defend_G","Strike_G","Strike_G","Strike_G","Strike_G","Strike_G","Survivor","Neutralize+1","PiercingWail","Flying Knee+1","Adrenaline","Quick Slash","Dagger Spray","Noxious Fumes+1","Escape Plan","Blade Dance","Dagger Throw","Tools of the Trade","Decay","Clumsy","Cloak And Dagger","Infinite Blades","Footwork","Terror","Prepared+1"],"max_hp_per_floor":[70,70,70,75,75,75,75,75,75,75,75,75,75,75,75,75,75,75,75,75,75,80,80,80,80,80,80],"relics":["Ring of the Snake","Pantograph","Paper Crane","Calling Bell","Oddly Smooth Stone","Gremlin Horn","Shovel","Prayer Wheel"],"card_choices":[{"not_picked":["Sucker Punch","Acrobatics"],"picked":"PiercingWail","floor":1},{"not_picked":["Bane","Leg Sweep"],"picked":"Flying Knee","floor":5},{"not_picked":["Eviscerate","Poisoned Stab"],"picked":"Adrenaline","floor":8},{"not_picked":["Acrobatics","Flechettes"],"picked":"Quick Slash","floor":10},{"not_picked":["Bane","Slice"],"picked":"Dagger Spray","floor":12},{"not_picked":["Doppelganger","Reflex"],"picked":"Dagger Throw","floor":14},{"not_picked":["Bullet Time","Venomology"],"picked":"Tools of the Trade","floor":16},{"not_picked":["Slice","Flying Knee"],"picked":"Cloak And Dagger","floor":18},{"not_picked":["Dagger Throw","Prepared"],"picked":"Footwork","floor":20},{"not_picked":["Underhanded Strike","Flying Knee"],"picked":"Terror","floor":24},{"not_picked":["Deadly Poison","Acrobatics"],"picked":"Prepared","floor":25}],"player_experience":145122,"potions_floor_usage":[20,24,25,25],"damage_taken":[{"damage":4,"enemies":"Jaw Worm","floor":1,"turns":4},{"damage":0,"enemies":"Cultist","floor":5,"turns":5},{"damage":0,"enemies":"Small Slimes","floor":8,"turns":4},{"damage":0,"enemies":"Looter","floor":10,"turns":3},{"damage":2,"enemies":"Exordium Thugs","floor":12,"turns":4},{"damage":26,"enemies":"Lagavulin","floor":14,"turns":7},{"damage":22,"enemies":"Slime Boss","floor":16,"turns":9},{"damage":23,"enemies":"Chosen","floor":18,"turns":7},{"damage":31,"enemies":"2 Thieves","floor":20,"turns":5},{"damage":18,"enemies":"Centurion and Healer","floor":24,"turns":8},{"damage":9,"enemies":"Snecko","floor":25,"turns":5},{"damage":0,"enemies":"Slavers","floor":27,"turns":1}],"event_choices":[{"event_name":"Golden Wing","player_choice":"Card Removal","floor":2,"damage_taken":0},{"event_name":"Accursed Blacksmith","player_choice":"Forge","floor":3,"damage_taken":0},{"event_name":"Big Fish","player_choice":"Donut","floor":4,"damage_taken":0},{"event_name":"World of Goop","player_choice":"Gather Gold","floor":7,"damage_taken":0},{"event_name":"Forgotten Altar","player_choice":"Shed Blood","floor":22,"damage_taken":0}],"boss_relics":[{"not_picked":["Runic Pyramid","Orrery"],"picked":"Calling Bell"}],"potions_floor_spawned":[1,12,14,16,18,20],"seed_played":"-3849917242789787399","killed_by":"Slavers","ascension_level":2,"is_trial":false}