{"gold_per_floor":[365,365,365,384,397,397,415,415,439,458,468,123,123,139,139,243,243,263,82,95,109,109,109,129,129,129,4,31,43,43,53,53,53],"floor_reached":33,"playtime":1213,"items_purged":["Parasite","Strike_B","Strike_B"],"score":339,"play_id":"3785e43d-f374-4c4c-83a3-f81e958598fa","local_time":"20190114205557","is_ascension_mode":true,"campfire_choices":[{"data":"Dualcast","floor":6,"key":"SMITH"},{"data":"Storm","floor":8,"key":"SMITH"},{"data":"Self Repair","floor":13,"key":"SMITH"},{"data":"Rainbow","floor":15,"key":"SMITH"},{"data":"Echo Form","floor":23,"key":"SMITH"},{"data":"Self Repair","floor":25,"key":"SMITH"},{"data":"Loop","floor":32,"key":"SMITH"}],"neow_cost":"CURSE","seed_source_timestamp":442137029816016,"circlet_count":0,"master_deck":["Strike_B","Strike_B","Defend_B","Defend_B","Defend_B","Defend_B","Zap+1","Dualcast+1","Storm+1","Self Repair+1","Rainbow+1","Echo Form+1","Self Repair+1","Loop+1","BootSequence","Steam+1","Electrodynamics","Storm+1","Chill"],"relics":["FrozenCore","Anchor","ClockworkSouvenir","Shuriken","Regal Pillow"],"potions_floor_usage":[16,28,28],"damage_taken":[{"damage":5,"enemies":"Small Slimes","floor":1,"turns":4},{"damage":6,"enemies":"Cultist","floor":4,"turns":3},{"damage":15,"enemies":"2 Louse","floor":5,"turns":3},{"damage":3,"enemies":"Blue Slaver","floor":7,"turns":3},{"damage":8,"enemies":"Exordium Thugs","floor":10,"turns":5},{"damage":2,"enemies":"3 Louse","floor":11,"turns":4},{"damage":21,"enemies":"Exordium Wildlife","floor":14,"turns":4},{"damage":23,"enemies":"Hexaghost","floor":16,"turns":11},{"damage":20,"enemies":"2 Thieves","floor":18,"turns":5},{"damage":13,"enemies":"Spheric Guardian","floor":20,"turns":6},{"damage":48,"enemies":"3 Cultists","floor":21,"turns":6},{"damage":30,"enemies":"Centurion and Healer","floor":24,"turns":8},{"damage":60,"enemies":"Slavers","floor":28,"turns":5},{"damage":17,"enemies":"Snake Plant","floor":29,"turns":5},{"damage":24,"enemies":"Colosseum Slavers","floor":30,"turns":4},{"damage":12,"enemies":"Shelled Parasite and Fungi","floor":31,"turns":3},{"damage":48,"enemies":"Champ","floor":33,"turns":10}],"seed_played":"9024453509544592087","potions_obtained":[{"floor":1,"key":"EssenceOfSteel"},{"floor":3,"key":"FairyPotion"},{"floor":3,"key":"FairyPotion"},{"floor":16,"key":"Strength Potion"},{"floor":18,"key":"Fire Potion"}],"is_trial":false,"path_per_floor":["M","?","?","M","M","R","M","R","T","M","M","$","R","M","R","B",null,"M","$","M","M","?","R","M","R","T","$","E","M","?","M","R","B"],"character_chosen":"DEFECT","items_purchased":["Self Repair","ClockworkSouvenir","Loop"],"campfire_rested":0,"item_purchase_floors":[12,12,19],"current_hp_per_floor":[63,63,63,57,42,42,39,39,39,31,29,29,29,18,18,12,57,47,47,61,37,61,61,48,48,48,48,37,50,46,44,44,0],"gold":53,"neow_bonus":"TWO_FIFTY_GOLD","is_prod":false,"is_daily":false,"chose_seed":false,"campfire_upgraded":7,"win_rate":0,"timestamp":1547517357,"path_taken":["M","?","?","M","M","R","M","R","T","M","M","$","R","M","R","BOSS","M","$","?","M","?","R","M","R","T","$","E","M","?","?","R","BOSS"],"build_version":"2019-01-10","purchased_purges":3,"victory":false,"max_hp_per_floor":[75,75,75,75,75,75,75,75,75,75,75,72,72,72,72,72,72,72,72,72,72,72,72,72,72,72,72,72,72,72,72,72,72],"card_choices":[{"not_picked":["Stack","BootSequence"],"picked":"Storm","floor":1},{"not_picked":["Rebound","Gash","Coolheaded"],"picked":"SKIP","floor":4},{"not_picked":["Go for the Eyes","Streamline","Barrage"],"picked":"SKIP","floor":5},{"not_picked":["Redo","Sweeping Beam","Compile Driver"],"picked":"SKIP","floor":7},{"not_picked":["Sweeping Beam","Gash","Reinforced Body"],"picked":"SKIP","floor":10},{"not_picked":["Steam","Turbo","Rebound"],"picked":"SKIP","floor":11},{"not_picked":["Steam Power","Fusion"],"picked":"Rainbow","floor":14},{"not_picked":["Fission","All For One"],"picked":"Echo Form","floor":16},{"not_picked":["Double Energy","Barrage"],"picked":"Self Repair","floor":18},{"not_picked":["Ball Lightning+1","Sweeping Beam","Rebound"],"picked":"SKIP","floor":20},{"not_picked":["Aggregate","Reinforced Body"],"picked":"BootSequence","floor":21},{"not_picked":["Compile Driver","Force Field"],"picked":"Steam+1","floor":24},{"not_picked":["Rebound","Turbo"],"picked":"Electrodynamics","floor":28},{"not_picked":["Force Field+1","Coolheaded+1"],"picked":"Storm+1","floor":29},{"not_picked":["Compile Driver","FTL+1"],"picked":"Chill","floor":31}],"player_experience":374255,"relics_obtained":[{"floor":9,"key":"Anchor"},{"floor":26,"key":"Shuriken"},{"floor":28,"key":"Regal Pillow"}],"event_choices":[{"damage_healed":0,"gold_gain":0,"player_choice":"Grow","damage_taken":0,"max_hp_gain":0,"max_hp_loss":0,"event_name":"Living Wall","floor":2,"gold_loss":0,"cards_upgraded":["Zap"]},{"damage_healed":0,"gold_gain":0,"player_choice":"Got Potions","damage_taken":0,"max_hp_gain":0,"max_hp_loss":0,"event_name":"Lab","floor":3,"gold_loss":0},{"damage_healed":24,"gold_gain":0,"player_choice":"Heal","damage_taken":0,"max_hp_gain":0,"max_hp_loss":0,"event_name":"The Library","floor":22,"gold_loss":0},{"damage_healed":0,"gold_gain":0,"player_choice":"Fight","damage_taken":0,"max_hp_gain":0,"max_hp_loss":0,"event_name":"Colosseum","floor":30,"gold_loss":0},{"damage_healed":0,"gold_gain":0,"player_choice":"Fled From Nobs","damage_taken":0,"max_hp_gain":0,"max_hp_loss":0,"event_name":"Colosseum","floor":30,"gold_loss":0}],"is_beta":false,"boss_relics":[{"not_picked":["Coffee Dripper","Lizard Tail"],"picked":"FrozenCore"}],"items_purged_floors":[12,19,27],"is_endless":false,"potions_floor_spawned":[1,7,16,18,24],"killed_by":"Champ","ascension_level":6}