{"path_per_floor":["M","?","?","$","M","E","R","M","T","R","M","M","M","E","R","B",null,"M","M","$","?","?","E","R","E","T","R","M","?","$","E","R","B",null,"M","M","?","?","?","R","E","M","T","R","?","M","E","M","R","B"],"character_chosen":"DEFECT","items_purchased":["Ball Lightning","Flash of Steel","Melter","Skim","White Noise"],"gold_per_floor":[116,116,116,14,32,66,66,80,80,80,99,118,131,158,158,234,234,252,269,21,21,21,51,51,80,103,103,114,114,46,80,80,152,152,169,182,182,234,0,0,29,49,49,49,49,67,99,110,110,110],"floor_reached":51,"campfire_rested":1,"playtime":4806,"item_purchase_floors":[],"current_hp_per_floor":[67,73,73,73,65,34,34,36,36,36,29,29,36,27,51,25,67,60,58,58,42,42,33,33,30,30,30,30,30,30,30,30,19,27,30,32,32,28,28,28,17,34,34,34,28,38,38,38,38,38],"items_purged":["Regret"],"gold":110,"score":1268,"play_id":"de0b89a8-ecbb-4427-bb7c-231022c99740","local_time":"20180612014953","is_prod":false,"is_daily":false,"chose_seed":false,"is_ascension_mode":true,"campfire_upgraded":8,"win_rate":0,"timestamp":1528760993,"campfire_choices":[{"data":"Zap","floor":7.0,"key":"SMITH"},{"data":"Hologram","floor":10.0,"key":"SMITH"},{"floor":15.0,"key":"REST"},{"data":"Machine Learning","floor":24.0,"key":"SMITH"},{"data":"Ghostly","floor":27.0,"key":"SMITH"},{"data":"Darkness","floor":32.0,"key":"SMITH"},{"data":"Defragment","floor":40,"key":"SMITH"},{"data":"Seek","floor":44,"key":"SMITH"},{"data":"Glacier","floor":49,"key":"SMITH"}],"path_taken":["M","?","?","$","M","E","R","M","T","R","M","M","?","E","R","BOSS","M","M","$","?","?","E","R","E","T","R","?","?","$","E","R","BOSS","M","M","?","?","?","R","E","?","T","R","?","M","E","M","R","BOSS"],"build_version":"2018-06-07v3","seed_source_timestamp":0,"purchased_purges":1,"victory":true,"master_deck":["Defend_B","Defend_B","Defend_B","Defend_B","Zap+1","Dualcast","AscendersBane","Genetic Algorithm","Echo Form","Ball Lightning","Conserve Battery","Self Repair","Hologram+1","Cold Snap","Leap","Glacier+1","FTL","Machine Learning+1","Blizzard+1","Flash of Steel","Melter","Ghostly+1","Ghostly","Ghostly","Ghostly","Ghostly","Sweeping Beam+1","BootSequence","Darkness+1","Bite","Bite","Bite","Bite","Bite","White Noise","Seek+1","Fission","Gash+1","Defragment+1","Rebound+1","Finesse","Aggregate+1","BootSequence+1","Leap"],"max_hp_per_floor":[75,81,81,81,81,81,81,81,81,81,81,81,81,81,81,81,81,83,83,83,88,44,44,44,44,44,44,44,30,30,30,30,30,30,30,32,32,32,32,32,32,34,34,34,38,38,38,38,38,38],"relics":["Lizard Tail","Darkstone Periapt","Ancient Tea Set","Singing Bowl","Dodecahedron","Nuclear Battery","Potion Belt","Bottled Lightning","Anchor","Art of War","Busted Crown","Bird Faced Urn","Red Mask","Sundial","Whetstone","Omamori"],"card_choices":[{"not_picked":["Barrage","Hologram"],"picked":"Genetic Algorithm","floor":1.0},{"not_picked":["Leap","Rip and Tear"],"picked":"Conserve Battery","floor":5.0},{"not_picked":["BootSequence","Cold Snap"],"picked":"Self Repair","floor":6.0},{"not_picked":["Rebound","Compile Driver"],"picked":"Hologram","floor":8.0},{"not_picked":["Steam Power","Hologram"],"picked":"Cold Snap","floor":11.0},{"not_picked":["Genetic Algorithm","Compile Driver"],"picked":"Leap","floor":12.0},{"not_picked":["Rip and Tear","Streamline"],"picked":"Glacier","floor":13.0},{"not_picked":["Go for the Eyes","Turbo"],"picked":"FTL","floor":14.0},{"not_picked":["Reboot","Meteor Strike"],"picked":"Machine Learning","floor":16.0},{"not_picked":["FTL","Compile Driver","Glacier"],"picked":"Singing Bowl","floor":18.0},{"not_picked":["Coolheaded","Self Repair"],"picked":"Blizzard+1","floor":19.0},{"not_picked":["Ball Lightning+1","Skim"],"picked":"Sweeping Beam+1","floor":23.0},{"not_picked":["Conserve Battery","Reinforced Body"],"picked":"BootSequence","floor":25.0},{"not_picked":["Ball Lightning","Hello World"],"picked":"Darkness","floor":28.0},{"not_picked":["FTL","Gash"],"picked":"Seek","floor":31.0},{"not_picked":["Thunder Strike","Reboot"],"picked":"Fission","floor":33},{"not_picked":[],"picked":"Gash","floor":35},{"not_picked":["Streamline"],"picked":"Singing Bowl","floor":36},{"not_picked":[],"picked":"Defragment","floor":38},{"not_picked":[],"picked":"Rebound","floor":41},{"not_picked":["Turbo"],"picked":"Singing Bowl","floor":42},{"not_picked":["Good Instincts"],"picked":"Singing Bowl","floor":45},{"not_picked":["Deep Breath"],"picked":"Singing Bowl","floor":45},{"not_picked":[],"picked":"Finesse","floor":45},{"not_picked":[],"picked":"Aggregate+1","floor":46},{"not_picked":[],"picked":"BootSequence+1","floor":47},{"not_picked":[],"picked":"Leap","floor":48}],"player_experience":516513,"potions_floor_usage":[33,38,46,50,50,50],"damage_taken":[{"damage":1.0,"enemies":"2 Louse","floor":1.0,"turns":3.0},{"damage":8.0,"enemies":"Small Slimes","floor":5.0,"turns":5.0},{"damage":31.0,"enemies":"Gremlin Nob","floor":6.0,"turns":5.0},{"damage":5.0,"enemies":"Cultist","floor":8.0,"turns":5.0},{"damage":21.0,"enemies":"Exordium Wildlife","floor":11.0,"turns":6.0},{"damage":14.0,"enemies":"Looter","floor":12.0,"turns":5.0},{"damage":0.0,"enemies":"2 Fungi Beasts","floor":13.0,"turns":4.0},{"damage":9.0,"enemies":"3 Sentries","floor":14.0,"turns":10.0},{"damage":26.0,"enemies":"Slime Boss","floor":16.0,"turns":12.0},{"damage":16.0,"enemies":"Spheric Guardian","floor":18.0,"turns":7.0},{"damage":2.0,"enemies":"2 Thieves","floor":19.0,"turns":5.0},{"damage":16.0,"enemies":"Gremlin Leader","floor":23.0,"turns":11.0},{"damage":3.0,"enemies":"Slavers","floor":25.0,"turns":7.0},{"damage":0.0,"enemies":"Snecko","floor":28.0,"turns":6.0},{"damage":1.0,"enemies":"Book of Stabbing","floor":31.0,"turns":7.0},{"damage":40,"enemies":"Automaton","floor":33,"turns":14},{"damage":1,"enemies":"Orb Walker","floor":35,"turns":6},{"damage":0,"enemies":"3 Shapes","floor":36,"turns":7},{"damage":15,"floor":38,"turns":7},{"damage":26,"enemies":"Giant Head","floor":41,"turns":11},{"damage":0,"enemies":"Maw","floor":42,"turns":8},{"damage":0,"enemies":"Sphere and 2 Shapes","floor":46,"turns":7},{"damage":1,"enemies":"Nemesis","floor":47,"turns":11},{"damage":3,"enemies":"4 Shapes","floor":48,"turns":7},{"damage":8,"enemies":"Time Eater","floor":50,"turns":16}],"relics_obtained":[{"floor":6.0,"key":"Ancient Tea Set"},{"floor":9.0,"key":"Singing Bowl"},{"floor":14.0,"key":"Dodecahedron"},{"floor":23.0,"key":"Potion Belt"},{"floor":25.0,"key":"Bottled Lightning"},{"floor":26.0,"key":"Anchor"},{"floor":31.0,"key":"Art of War"},{"floor":38,"key":"Bird Faced Urn"},{"floor":41,"key":"Sundial"},{"floor":43,"key":"Whetstone"},{"floor":47,"key":"Omamori"}],"event_choices":[{"event_name":"Big Fish","player_choice":"Box","floor":2.0,"damage_taken":0.0},{"event_name":"Living Wall","player_choice":"Change","floor":3.0,"damage_taken":0.0},{"event_name":"Forgotten Altar","player_choice":"Shed Blood","floor":21.0,"damage_taken":0.0},{"event_name":"Ghosts","player_choice":"Became a Ghost","floor":22.0,"damage_taken":0.0},{"event_name":"Vampires","player_choice":"Became a vampire","floor":29.0,"damage_taken":0.0},{"event_name":"Falling","player_choice":"Removed Skill","floor":37,"damage_taken":0},{"event_name":"Mysterious Sphere","player_choice":"Fight","floor":38,"damage_taken":0},{"event_name":"Tomb of Lord Red Mask","player_choice":"Paid","floor":39,"damage_taken":0},{"event_name":"SensoryStone","player_choice":"Memory 3","floor":45,"damage_taken":0}],"boss_relics":[{"not_picked":["Runic Dome","Tiny House"],"picked":"Nuclear Battery"},{"not_picked":["Sozu","Black Star"],"picked":"Busted Crown"}],"items_purged_floors":[],"potions_floor_spawned":[6,8,12,18,31,33,38,42,48],"seed_played":"8868300669772623521","ascension_level":13,"potions_obtained":[{"floor":6.0,"key":"Energy Potion"},{"floor":8.0,"key":"Dexterity Potion"},{"floor":31.0,"key":"Ancient Potion"},{"floor":33,"key":"PowerPotion"},{"floor":38,"key":"Dexterity Potion"},{"floor":42,"key":"EssenceOfSteel"},{"floor":48,"key":"SpeedPotion"}],"is_trial":false}