{"gold_per_floor":[114,124,124,65,82,82,157,192,192,192,192,206,217,7,7,7],"floor_reached":16,"playtime":365,"items_purged":[],"score":195,"play_id":"3bf0d0c9-f4ce-4d75-9b2f-b966edabca53","local_time":"20190130193108","is_ascension_mode":true,"campfire_choices":[{"data":"Perfected Strike","floor":6,"key":"SMITH"},{"floor":15,"key":"REST"}],"neow_cost":"NONE","seed_source_timestamp":1105827264113911,"circlet_count":0,"master_deck":["AscendersBane","Strike_R","Strike_R","Strike_R","Strike_R","Defend_R","Defend_R","Defend_R","Defend_R","Bash","Hemokinesis","Armaments","Sentinel","Perfected Strike+1","True Grit","Shrug It Off","Twin Strike"],"relics":["Lizard Tail","Turnip","Frozen Egg 2","Sling"],"potions_floor_usage":[],"damage_taken":[{"damage":8,"enemies":"Small Slimes","floor":1,"turns":4},{"damage":3,"enemies":"Cultist","floor":2,"turns":3},{"damage":6,"enemies":"2 Louse","floor":5,"turns":3},{"damage":34,"enemies":"Gremlin Nob","floor":8,"turns":4},{"damage":5,"enemies":"2 Fungi Beasts","floor":12,"turns":4},{"damage":4,"enemies":"Red Slaver","floor":13,"turns":3},{"damage":0,"enemies":"The Guardian","floor":16,"turns":1}],"seed_played":"-7467180132566495909","potions_obtained":[{"floor":1,"key":"Energy Potion"},{"floor":12,"key":"AttackPotion"}],"is_trial":false,"path_per_floor":["M","M","?","$","M","R","?","E","T","?","?","M","M","$","R","B"],"character_chosen":"IRONCLAD","items_purchased":["Perfected Strike","Sling"],"campfire_rested":1,"item_purchase_floors":[4,14],"current_hp_per_floor":[60,57,57,57,51,51,40,6,6,31,20,15,11,11,33,33],"gold":7,"neow_bonus":"BOSS_RELIC","is_prod":false,"is_daily":false,"chose_seed":false,"campfire_upgraded":1,"win_rate":0,"timestamp":1548894668,"path_taken":["M","M","?","?","M","R","?","E","T","?","?","?","M","$","R","BOSS"],"build_version":"2019-01-23","purchased_purges":0,"victory":false,"max_hp_per_floor":[75,75,75,75,75,75,75,75,75,75,75,75,75,75,75,75],"card_choices":[{"not_picked":["Body Slam","True Grit"],"picked":"Hemokinesis","floor":1},{"not_picked":["Pummel","Searing Blow"],"picked":"Armaments","floor":2},{"not_picked":["Heavy Blade","Iron Wave","Anger"],"picked":"SKIP","floor":5},{"not_picked":["Infernal Blade","Spot Weakness"],"picked":"True Grit","floor":8},{"not_picked":["Havoc","Rage"],"picked":"Shrug It Off","floor":12},{"not_picked":["True Grit","Bloodletting"],"picked":"Twin Strike","floor":13}],"player_experience":587321,"relics_obtained":[{"floor":8,"key":"Turnip"},{"floor":9,"key":"Frozen Egg 2"}],"event_choices":[{"damage_healed":0,"gold_gain":0,"cards_transformed":["Strike_R"],"player_choice":"Transformed","damage_taken":0,"max_hp_gain":0,"max_hp_loss":0,"event_name":"Transmorgrifier","floor":3,"gold_loss":0,"cards_obtained":["Sentinel"]},{"damage_healed":0,"gold_gain":75,"player_choice":"Gather Gold","damage_taken":11,"max_hp_gain":0,"max_hp_loss":0,"event_name":"World of Goop","floor":7,"gold_loss":0},{"damage_healed":25,"gold_gain":0,"player_choice":"Banana","damage_taken":0,"max_hp_gain":0,"max_hp_loss":0,"event_name":"Big Fish","floor":10,"gold_loss":0},{"damage_healed":0,"gold_gain":0,"player_choice":"Damaged","damage_taken":11,"max_hp_gain":0,"max_hp_loss":0,"event_name":"Wheel of Change","floor":11,"gold_loss":0}],"is_beta":false,"boss_relics":[],"items_purged_floors":[],"is_endless":false,"potions_floor_spawned":[1,12],"killed_by":"The Guardian","ascension_level":19}