{"gold_per_floor":[118,118,33,47,62,62,97,97,120,45,63,63,98,112,112,189,189,199,199,42,54,54,54,54,71,71,71,71,98,98,111,111,111],"floor_reached":33,"playtime":1702,"items_purged":["Defend_G","Strike_G"],"score":546,"play_id":"5a2eae2e-f11f-4327-9f4b-a1a2a22a6639","local_time":"20190224234218","is_ascension_mode":true,"campfire_choices":[{"data":"After Image","floor":6,"key":"SMITH"},{"floor":8,"key":"REST"},{"data":"Neutralize","floor":12,"key":"SMITH"},{"floor":15,"key":"REST"},{"data":"Envenom","floor":23,"key":"SMITH"},{"floor":30,"key":"REST"},{"floor":32,"key":"REST"}],"neow_cost":"NONE","seed_source_timestamp":2833643699949132,"circlet_count":0,"master_deck":["AscendersBane","Defend_G","Defend_G","Defend_G","Strike_G","Strike_G","Strike_G","Strike_G","Survivor","Neutralize+1","Riddle With Holes","After Image+1","Infinite Blades","PiercingWail","Backstab","Dodge and Roll","Terror","Envenom+1","Backstab","Slice","Escape Plan","Decay","Unload+1"],"relics":["Ring of the Snake","Lantern","Centennial Puzzle","Vajra","Unceasing Top","HoveringKite","Boot","Molten Egg 2"],"potions_floor_usage":[7,16,25,29,33],"damage_taken":[{"damage":4,"enemies":"2 Louse","floor":1,"turns":4},{"damage":0,"enemies":"Cultist","floor":4,"turns":4},{"damage":2,"enemies":"Jaw Worm","floor":5,"turns":4},{"damage":38,"enemies":"Gremlin Nob","floor":7,"turns":5},{"damage":0,"enemies":"Large Slime","floor":11,"turns":6},{"damage":8,"enemies":"3 Sentries","floor":13,"turns":7},{"damage":2,"enemies":"3 Louse","floor":14,"turns":2},{"damage":18,"enemies":"Slime Boss","floor":16,"turns":9},{"damage":0,"enemies":"Shell Parasite","floor":18,"turns":4},{"damage":1,"enemies":"3 Byrds","floor":21,"turns":4},{"damage":18,"enemies":"Shelled Parasite and Fungi","floor":25,"turns":5},{"damage":49,"enemies":"Slavers","floor":29,"turns":8},{"damage":5,"enemies":"Centurion and Healer","floor":31,"turns":5},{"damage":66,"enemies":"Champ","floor":33,"turns":9}],"seed_played":"-8896310121533566961","potions_obtained":[{"floor":5,"key":"AttackPotion"},{"floor":11,"key":"Dexterity Potion"},{"floor":13,"key":"Weak Potion"},{"floor":16,"key":"Dexterity Potion"},{"floor":25,"key":"Swift Potion"}],"is_trial":false,"path_per_floor":["M","?","$","M","M","R","E","R","T","$","M","R","E","M","R","B",null,"M","?","$","M","$","R","$","M","T","?","?","E","R","M","R","B"],"character_chosen":"THE_SILENT","items_purchased":["Infinite Blades","Slice"],"campfire_rested":4,"item_purchase_floors":[3,20],"current_hp_per_floor":[55,55,55,55,53,53,15,34,34,34,34,34,26,24,43,25,56,56,56,56,55,55,55,55,37,37,50,50,1,20,15,34,0],"gold":111,"neow_bonus":"RANDOM_COMMON_RELIC","is_prod":false,"is_daily":false,"chose_seed":false,"campfire_upgraded":3,"win_rate":0,"timestamp":1551073338,"path_taken":["M","?","$","M","M","R","E","R","T","$","M","R","E","M","R","BOSS","M","?","$","M","$","R","?","M","T","?","?","E","R","M","R","BOSS"],"build_version":"2019-02-06","purchased_purges":2,"victory":false,"max_hp_per_floor":[66,66,66,66,66,66,66,66,66,66,66,66,66,66,66,66,66,66,66,66,66,66,66,66,66,66,66,66,66,66,66,66,66],"card_choices":[{"not_picked":["Prepared","Eviscerate"],"picked":"Riddle With Holes","floor":1},{"not_picked":["Flying Knee","Sucker Punch"],"picked":"PiercingWail","floor":4},{"not_picked":["Deflect","Poisoned Stab"],"picked":"Backstab","floor":5},{"not_picked":["Flying Knee","Dash","Bane"],"picked":"SKIP","floor":7},{"not_picked":["Corpse Explosion","Dash"],"picked":"Dodge and Roll","floor":11},{"not_picked":["Prepared","Crippling Poison"],"picked":"Terror","floor":13},{"not_picked":["Backflip","Quick Slash","Leg Sweep"],"picked":"SKIP","floor":14},{"not_picked":["Doppelganger","Grand Finale"],"picked":"Envenom","floor":16},{"not_picked":["Backflip","Acrobatics+1","Choke"],"picked":"SKIP","floor":18},{"not_picked":["Bane+1","PiercingWail","Sucker Punch"],"picked":"SKIP","floor":21},{"not_picked":["Flying Knee","Noxious Fumes"],"picked":"Escape Plan","floor":25},{"not_picked":["Flying Knee+1","Blade Dance"],"picked":"Unload","floor":29},{"not_picked":["Catalyst","Heel Hook+1","Setup"],"picked":"SKIP","floor":31}],"player_experience":845895,"relics_obtained":[{"floor":7,"key":"Centennial Puzzle"},{"floor":9,"key":"Vajra"},{"floor":13,"key":"Unceasing Top"},{"floor":26,"key":"Boot"},{"floor":29,"key":"Molten Egg 2"}],"event_choices":[{"damage_healed":0,"gold_gain":0,"player_choice":"1 cards matched","damage_taken":0,"max_hp_gain":0,"max_hp_loss":0,"event_name":"Match and Keep!","floor":2,"gold_loss":0,"cards_obtained":["After Image"]},{"damage_healed":0,"gold_gain":0,"cards_transformed":["Defend_G"],"player_choice":"Transformed","damage_taken":0,"max_hp_gain":0,"max_hp_loss":0,"event_name":"Transmorgrifier","floor":19,"gold_loss":0,"cards_obtained":["Backstab"]},{"damage_healed":13,"gold_gain":0,"player_choice":"Heal","damage_taken":0,"max_hp_gain":0,"max_hp_loss":0,"event_name":"The Library","floor":27,"gold_loss":0},{"damage_healed":0,"gold_gain":0,"player_choice":"Smashed Altar","damage_taken":0,"max_hp_gain":0,"max_hp_loss":0,"event_name":"Forgotten Altar","floor":28,"gold_loss":0,"cards_obtained":["Decay"]}],"is_beta":true,"boss_relics":[{"not_picked":["Fusion Hammer","Empty Cage"],"picked":"HoveringKite"}],"items_purged_floors":[10,20],"is_endless":false,"potions_floor_spawned":[5,11,13,16,21,25],"killed_by":"Champ","ascension_level":20}