{"gold_per_floor":[115,115,16,30,48,48,75,75,123,143,143,176,176,194,194,297,297,308,407,424,285,210,210,228,246,246,246,264,264,275,82,82,82],"floor_reached":33,"playtime":1378,"items_purged":["Strike_R","Strike_R","Strike_R"],"score":359,"play_id":"16b8a95a-a8a2-4af5-bc47-9c55082858a2","local_time":"20190115084803","is_ascension_mode":true,"campfire_choices":[{"data":"True Grit","floor":6.0,"key":"SMITH"},{"floor":8.0,"key":"REST"},{"floor":11.0,"key":"REST"},{"data":"Feed","floor":13.0,"key":"SMITH"},{"data":"Disarm","floor":15.0,"key":"SMITH"},{"data":"Metallicize","floor":23,"key":"SMITH"},{"floor":29,"key":"REST"},{"floor":32,"key":"REST"}],"neow_cost":"NONE","seed_source_timestamp":321833332327,"circlet_count":0,"master_deck":["Strike_R","Strike_R","Defend_R","Defend_R","Defend_R","Bash","Whirlwind+1","Shrug It Off","True Grit+1","Burning Pact","Feed+1","Headbutt","Second Wind","Disarm+1","Impervious","Flame Barrier","Shrug It Off","Metallicize+1","Body Slam+1","Seeing Red","Corruption"],"special_seed":0,"relics":["Burning Blood","Omamori","Red Skull","Ancient Tea Set","Centennial Puzzle","Philosopher\u0027s Stone","Blood Vial"],"potions_floor_usage":[24,33],"damage_taken":[{"damage":5.0,"enemies":"Small Slimes","floor":1.0,"turns":4.0},{"damage":1.0,"enemies":"Cultist","floor":4.0,"turns":3.0},{"damage":4.0,"enemies":"Jaw Worm","floor":5.0,"turns":2.0},{"damage":64.0,"enemies":"Lagavulin","floor":7.0,"turns":7.0},{"damage":10.0,"enemies":"Blue Slaver","floor":10.0,"turns":6.0},{"damage":24.0,"enemies":"Gremlin Nob","floor":12.0,"turns":4.0},{"damage":3.0,"enemies":"Looter","floor":14.0,"turns":2.0},{"damage":28.0,"enemies":"The Guardian","floor":16.0,"turns":16.0},{"damage":30.0,"enemies":"2 Thieves","floor":18.0,"turns":4.0},{"damage":7.0,"enemies":"Chosen","floor":20.0,"turns":6.0},{"damage":39,"enemies":"3 Cultists","floor":24,"turns":8},{"damage":10,"enemies":"Sentry and Sphere","floor":25,"turns":4},{"damage":9,"enemies":"Centurion and Healer","floor":28,"turns":7},{"damage":8,"enemies":"Chosen and Byrds","floor":30,"turns":3},{"damage":96,"enemies":"Champ","floor":33,"turns":14}],"seed_played":"576294321005431483","potions_obtained":[{"floor":7.0,"key":"Dexterity Potion"},{"floor":10.0,"key":"Ancient Potion"},{"floor":14.0,"key":"Strength Potion"},{"floor":18.0,"key":"Energy Potion"},{"floor":30,"key":"SkillPotion"}],"is_trial":false,"path_per_floor":["M","?","$","M","M","R","E","R","T","M","R","E","R","M","R","B",null,"M","?","M","$","?","R","M","M","T","?","M","R","M","$","R","B"],"character_chosen":"IRONCLAD","items_purchased":["Shrug It Off","Metallicize","Corruption"],"campfire_rested":4,"item_purchase_floors":[3,21,31],"current_hp_per_floor":[73,73,73,78,80,80,22,46,46,42,66,51,51,58,58,36,74,54,54,53,53,53,53,20,16,16,16,19,47,47,47,75,0],"gold":82,"neow_bonus":"RANDOM_COMMON_RELIC","is_prod":false,"is_daily":false,"chose_seed":false,"campfire_upgraded":4,"win_rate":0,"timestamp":1547509683,"path_taken":["M","?","$","M","M","R","E","R","T","M","R","E","R","M","R","BOSS","M","?","M","$","?","R","M","M","T","?","M","R","M","$","R","BOSS"],"build_version":"2019-01-10","purchased_purges":3,"victory":false,"max_hp_per_floor":[80,80,80,80,80,80,80,80,80,80,80,83,83,87,87,87,87,91,91,91,91,91,91,91,91,91,91,95,95,95,95,95,95],"card_choices":[{"not_picked":["Cleave","Shrug It Off"],"picked":"Whirlwind","floor":1.0},{"not_picked":["Battle Trance","Bloodletting"],"picked":"True Grit","floor":4.0},{"not_picked":["Dropkick","Whirlwind"],"picked":"Burning Pact","floor":5.0},{"not_picked":["Battle Trance","Clothesline"],"picked":"Feed","floor":7.0},{"not_picked":["Body Slam","Pommel Strike"],"picked":"Headbutt","floor":10.0},{"not_picked":["Body Slam","Thunderclap"],"picked":"Second Wind","floor":12.0},{"not_picked":["Blood for Blood","Clothesline"],"picked":"Disarm","floor":14.0},{"not_picked":["Juggernaut","Exhume"],"picked":"Impervious","floor":16.0},{"not_picked":["Rupture+1","Heavy Blade"],"picked":"Flame Barrier","floor":18.0},{"not_picked":["Sword Boomerang","Rupture+1"],"picked":"Shrug It Off","floor":20},{"not_picked":["Armaments","Wild Strike"],"picked":"Body Slam+1","floor":24},{"not_picked":["True Grit","Iron Wave"],"picked":"Seeing Red","floor":25},{"not_picked":["Second Wind+1","Immolate","Searing Blow"],"picked":"SKIP","floor":28},{"not_picked":["Clash","Perfected Strike","Body Slam"],"picked":"SKIP","floor":30}],"player_experience":235217,"relics_obtained":[{"floor":7.0,"key":"Red Skull"},{"floor":9.0,"key":"Ancient Tea Set"},{"floor":12.0,"key":"Centennial Puzzle"},{"floor":26,"key":"Blood Vial"}],"event_choices":[{"damage_healed":0.0,"max_hp_gain":0.0,"max_hp_loss":0.0,"gold_gain":0.0,"event_name":"Accursed Blacksmith","player_choice":"Forge","floor":2.0,"gold_loss":0.0,"damage_taken":0.0,"cards_upgraded":["Whirlwind"]},{"damage_healed":0.0,"max_hp_gain":0.0,"max_hp_loss":0.0,"gold_gain":99.0,"event_name":"Nest","player_choice":"Stole From Cult","floor":19.0,"gold_loss":0.0,"damage_taken":0.0},{"cards_removed":["Defend_R"],"damage_healed":0,"gold_gain":0,"player_choice":"Gave Gold","damage_taken":0,"max_hp_gain":0,"max_hp_loss":0,"event_name":"Beggar","floor":22,"gold_loss":75},{"damage_healed":0,"gold_gain":0,"player_choice":"Smashed Altar","damage_taken":0,"max_hp_gain":0,"max_hp_loss":0,"event_name":"Forgotten Altar","floor":27,"gold_loss":0,"cards_obtained":["Decay"]}],"is_beta":false,"boss_relics":[{"not_picked":["Eternal Feather","Orrery"],"picked":"Philosopher\u0027s Stone"}],"items_purged_floors":[3,21,31],"is_endless":false,"potions_floor_spawned":[7,10,14,18,30],"killed_by":"Champ","ascension_level":6}