{"gold_per_floor":[110,125,125,125,400,400,431,431,504,3,15,46,58,58,58,153,153,169,169,169,187,33,68,68,168,237,254,254,14,47,57,57,152,152,170,170,45,45,64,93,122,122,147,147,163,176,201,211,211,211],"floor_reached":51,"playtime":2719,"items_purged":["Regret","Flechettes","Strike_G+1"],"score":1263,"play_id":"abf81f51-11d2-4b27-ba98-aa1e40b9dc8c","local_time":"20190131102659","is_ascension_mode":true,"campfire_choices":[{"data":"Sucker Punch","floor":6,"key":"SMITH"},{"data":"Neutralize","floor":8,"key":"SMITH"},{"data":"Infinite Blades","floor":15,"key":"SMITH"},{"data":"Terror","floor":24,"key":"SMITH"},{"data":"Envenom","floor":28,"key":"SMITH"},{"floor":32,"key":"REST"},{"data":"Infinite Blades","floor":42,"key":"SMITH"},{"data":"Infinite Blades","floor":44,"key":"SMITH"},{"floor":49,"key":"REST"}],"neow_cost":"NONE","seed_source_timestamp":1157171898019499,"circlet_count":0,"master_deck":["Defend_G+1","Defend_G+1","Defend_G+1","Defend_G+1","Defend_G+1","Strike_G+1","Strike_G+1","Strike_G+1","Neutralize+1","Terror+1","Sucker Punch+1","Deflect+1","Infinite Blades+1","Impatience+1","PiercingWail+1","Backflip+1","Envenom+1","Cloak And Dagger+1","Cloak And Dagger+1","Blade Dance+1","Crippling Poison+1","Predator+1","Poisoned Stab+1","Blade Dance+1","Infinite Blades+1","Doppelganger+1","Infinite Blades+1","Dagger Spray+1","Malaise+1","Adrenaline+1","Backflip+1","Well Laid Plans+1","Backflip+1","PiercingWail+1","Well Laid Plans+1"],"relics":["Ring of the Snake","NeowsBlessing","Pocketwatch","Toxic Egg 2","Oddly Smooth Stone","Bottled Lightning","Letter Opener","Snake Skull","Sozu","Lantern","Meat on the Bone","Prayer Wheel","Mummified Hand","Bottled Tornado","WingedGreaves","Empty Cage","War Paint","Anchor","Singing Bowl","Whetstone","Shuriken"],"potions_floor_usage":[23,27,30],"damage_taken":[{"damage":0,"enemies":"Cultist","floor":1,"turns":1},{"damage":0,"enemies":"2 Louse","floor":2,"turns":1},{"damage":0,"enemies":"Gremlin Nob","floor":7,"turns":1},{"damage":0,"enemies":"Jaw Worm","floor":11,"turns":2},{"damage":10,"enemies":"Lagavulin","floor":12,"turns":5},{"damage":0,"enemies":"Large Slime","floor":13,"turns":4},{"damage":4,"enemies":"The Guardian","floor":16,"turns":10},{"damage":12,"enemies":"Shell Parasite","floor":18,"turns":4},{"damage":5,"enemies":"Spheric Guardian","floor":21,"turns":4},{"damage":0,"enemies":"Slavers","floor":23,"turns":4},{"damage":2,"enemies":"Colosseum Slavers","floor":25,"turns":4},{"damage":0,"enemies":"Colosseum Nobs","floor":25,"turns":5},{"damage":8,"enemies":"Shelled Parasite and Fungi","floor":27,"turns":4},{"damage":12,"enemies":"Gremlin Leader","floor":30,"turns":4},{"damage":16,"enemies":"Centurion and Healer","floor":31,"turns":3},{"damage":30,"enemies":"Collector","floor":33,"turns":5},{"damage":5,"enemies":"Orb Walker","floor":35,"turns":2},{"damage":0,"enemies":"3 Shapes","floor":39,"turns":3},{"damage":8,"enemies":"Reptomancer","floor":40,"turns":5},{"damage":9,"enemies":"Nemesis","floor":41,"turns":5},{"damage":5,"enemies":"Sphere and 2 Shapes","floor":45,"turns":4},{"damage":0,"enemies":"3 Darklings","floor":46,"turns":3},{"damage":0,"enemies":"Giant Head","floor":47,"turns":5},{"damage":8,"enemies":"Jaw Worm Horde","floor":48,"turns":3},{"damage":37,"enemies":"Donu and Deca","floor":50,"turns":6}],"seed_played":"2862558665003855326","potions_obtained":[{"floor":2,"key":"Energy Potion"},{"floor":7,"key":"SneckoOil"},{"floor":12,"key":"SkillPotion"},{"floor":16,"key":"SteroidPotion"}],"is_trial":false,"path_per_floor":["M","M","?","T","?","R","E","R","T","$","M","E","M","$","R","B",null,"M","?","?","M","$","E","R","?","T","M","R","$","E","M","R","B",null,"M","?","$","T","M","E","E","R","T","R","M","M","E","M","R","B",null],"character_chosen":"THE_SILENT","items_purchased":["Letter Opener","Infinite Blades","Impatience+1","Flechettes","Lantern","Infinite Blades","Doppelganger+1"],"campfire_rested":2,"item_purchase_floors":[10,10,10,10,22,29,29],"current_hp_per_floor":[63,63,56,56,56,56,56,56,56,56,56,46,46,46,46,42,63,51,51,51,46,46,46,46,44,44,36,36,36,36,32,53,35,61,56,70,70,70,70,62,55,55,55,55,52,56,56,52,76,51],"gold":211,"neow_bonus":"THREE_ENEMY_KILL","is_prod":false,"is_daily":false,"chose_seed":false,"campfire_upgraded":7,"win_rate":0,"timestamp":1548948419,"path_taken":["M","?","?","?","?","R","E","R","T","$","?","E","M","?","R","BOSS","M","?","?","M","$","E","R","?","T","M","R","?","E","M","R","BOSS","M","?","$","?","?","E","E","R","T","R","?","?","E","M","R","BOSS"],"build_version":"2019-01-23","purchased_purges":3,"victory":true,"max_hp_per_floor":[70,70,70,70,70,70,70,70,70,70,70,70,70,70,70,70,70,70,70,70,70,70,70,70,70,70,70,70,70,70,70,70,70,70,70,70,70,70,70,70,72,72,72,72,74,78,78,82,82,82],"card_choices":[{"not_picked":["Prepared","Escape Plan"],"picked":"Terror","floor":1},{"not_picked":["Blade Dance","Endless Agony"],"picked":"Sucker Punch","floor":2},{"not_picked":["Acrobatics+1","Quick Slash"],"picked":"Deflect+1","floor":7},{"not_picked":["Bane","Setup+1"],"picked":"Noxious Fumes","floor":11},{"not_picked":["Concentrate+1","Bouncing Flask+1"],"picked":"PiercingWail+1","floor":12},{"not_picked":["Flechettes","Crippling Poison+1"],"picked":"Backflip+1","floor":13},{"not_picked":["Doppelganger+1","Venomology+1"],"picked":"Envenom","floor":16},{"not_picked":["Deadly Poison+1","Setup+1"],"picked":"Cloak And Dagger+1","floor":18},{"not_picked":["Prepared+1","Sucker Punch"],"picked":"Blade Dance+1","floor":21},{"not_picked":["Underhanded Strike","Distraction+1"],"picked":"Crippling Poison+1","floor":23},{"not_picked":["Riddle With Holes","Backflip+1"],"picked":"Predator+1","floor":25},{"not_picked":["Eviscerate","All Out Attack"],"picked":"Poisoned Stab+1","floor":27},{"not_picked":["Sucker Punch","Endless Agony"],"picked":"Blade Dance+1","floor":27},{"not_picked":["Dodge and Roll+1","Setup+1"],"picked":"Infinite Blades","floor":30},{"not_picked":["Skewer","Backflip+1"],"picked":"Dagger Spray+1","floor":31},{"not_picked":["Cloak And Dagger+1","Flying Knee"],"picked":"Malaise+1","floor":31},{"not_picked":["Night Terror+1","Grand Finale"],"picked":"Adrenaline+1","floor":33},{"not_picked":["Skewer","Noxious Fumes"],"picked":"Backflip+1","floor":35},{"not_picked":["Slice+1","Blur+1","Underhanded Strike+1"],"picked":"SKIP","floor":35},{"not_picked":["Flying Knee","Dagger Spray"],"picked":"Well Laid Plans+1","floor":39},{"not_picked":["Dagger Spray","Finisher"],"picked":"Backflip+1","floor":39},{"not_picked":["Poisoned Stab+1","Leg Sweep+1","Envenom"],"picked":"SKIP","floor":40},{"not_picked":["Expertise+1","Venomology+1","Slice+1"],"picked":"Singing Bowl","floor":41},{"not_picked":["Acrobatics+1","Cloak And Dagger+1"],"picked":"PiercingWail+1","floor":45},{"not_picked":["Backstab","Underhanded Strike+1","Wraith Form v2"],"picked":"Singing Bowl","floor":45},{"not_picked":["Tactician+1","Slice+1","Cloak And Dagger+1"],"picked":"Singing Bowl","floor":46},{"not_picked":["Dagger Spray+1","Reflex+1","Poisoned Stab"],"picked":"Singing Bowl","floor":46},{"not_picked":["Blur+1","Flying Knee"],"picked":"Well Laid Plans+1","floor":47},{"not_picked":["Concentrate+1","Acrobatics+1","Bane"],"picked":"Singing Bowl","floor":48},{"not_picked":["Poisoned Stab","Bane+1","Finisher+1"],"picked":"Singing Bowl","floor":48}],"player_experience":593108,"relics_obtained":[{"floor":4,"key":"Toxic Egg 2"},{"floor":7,"key":"Oddly Smooth Stone"},{"floor":9,"key":"Bottled Lightning"},{"floor":12,"key":"Snake Skull"},{"floor":23,"key":"Meat on the Bone"},{"floor":25,"key":"Prayer Wheel"},{"floor":25,"key":"Mummified Hand"},{"floor":26,"key":"Bottled Tornado"},{"floor":30,"key":"WingedGreaves"},{"floor":38,"key":"War Paint"},{"floor":40,"key":"Anchor"},{"floor":41,"key":"Singing Bowl"},{"floor":43,"key":"Whetstone"},{"floor":47,"key":"Shuriken"}],"event_choices":[{"damage_healed":0,"gold_gain":0,"player_choice":"Success","damage_taken":7,"relics_obtained":["Pocketwatch"],"max_hp_gain":0,"max_hp_loss":0,"event_name":"Scrap Ooze","floor":3,"gold_loss":0},{"damage_healed":0,"gold_gain":275,"player_choice":"Desecrate","damage_taken":0,"max_hp_gain":0,"max_hp_loss":0,"event_name":"Golden Shrine","floor":5,"gold_loss":0,"cards_obtained":["Regret"]},{"damage_healed":0,"gold_gain":0,"player_choice":"Simplicity","damage_taken":0,"max_hp_gain":0,"max_hp_loss":0,"event_name":"Back to Basics","floor":19,"gold_loss":0,"cards_upgraded":["Defend_G","Defend_G","Defend_G","Defend_G","Defend_G","Strike_G","Strike_G","Strike_G","Strike_G","Strike_G"]},{"damage_healed":0,"gold_gain":0,"player_choice":"Read","damage_taken":0,"max_hp_gain":0,"max_hp_loss":0,"event_name":"The Library","floor":20,"gold_loss":0,"cards_obtained":["Cloak And Dagger"]},{"damage_healed":0,"gold_gain":0,"player_choice":"Fight","damage_taken":0,"max_hp_gain":0,"max_hp_loss":0,"event_name":"Colosseum","floor":25,"gold_loss":0},{"damage_healed":0,"gold_gain":0,"player_choice":"Fought Nobs","damage_taken":0,"max_hp_gain":0,"max_hp_loss":0,"event_name":"Colosseum","floor":25,"gold_loss":0},{"cards_removed":["Noxious Fumes"],"damage_healed":14,"gold_gain":0,"player_choice":"Offered Uncommon","damage_taken":0,"max_hp_gain":0,"max_hp_loss":0,"event_name":"Bonfire Elementals","floor":36,"gold_loss":0}],"is_beta":false,"boss_relics":[{"not_picked":["Tiny House","Velvet Choker"],"picked":"Sozu"},{"not_picked":["Runic Pyramid","Fusion Hammer"],"picked":"Empty Cage"}],"items_purged_floors":[10,29,37],"is_endless":false,"potions_floor_spawned":[2,7,12,16,18,23,30,39,41,46,48],"ascension_level":8}