{"gold_per_floor":[117,192,192,142,159,159,174,194,241,241,255,255,255,284,284,358,358,370,214,228,318,333,333,60,60,86,97,109,126,126],"floor_reached":30,"playtime":1511,"items_purged":["Strike_B"],"score":424,"play_id":"38afbfaf-ceee-4585-b4e5-75edb3daefd9","local_time":"20190221192157","is_ascension_mode":true,"campfire_choices":[{"data":"Zap","floor":6.0,"key":"SMITH"},{"data":"Dualcast","floor":10.0,"key":"SMITH"},{"floor":13.0,"key":"REST"},{"data":"All For One","floor":15.0,"key":"SMITH"},{"floor":23,"key":"REST"},{"data":"Coolheaded","floor":25,"key":"SMITH"}],"neow_cost":"NONE","seed_source_timestamp":9920016047054,"circlet_count":0,"master_deck":["AscendersBane","Strike_B","Strike_B","Defend_B","Defend_B","Defend_B","Defend_B+1","Zap+1","Dualcast+1","All For One+1","Gash","Gash+1","Echo Form","Cold Snap","Reboot","Beam Cell","Go for the Eyes","Coolheaded+1","Loop"],"special_seed":0,"relics":["Cracked Core","PreservedInsect","Blood Vial","Mango","Inserter","DataDisk","Sling","Omamori"],"potions_floor_usage":[16,16,27,28],"damage_taken":[{"damage":7.0,"enemies":"Jaw Worm","floor":1.0,"turns":3.0},{"damage":0.0,"enemies":"Small Slimes","floor":5.0,"turns":3.0},{"damage":6.0,"enemies":"2 Louse","floor":7.0,"turns":2.0},{"damage":1.0,"enemies":"Exordium Wildlife","floor":8.0,"turns":4.0},{"damage":6.0,"enemies":"Looter","floor":11.0,"turns":2.0},{"damage":0.0,"enemies":"Lagavulin","floor":14.0,"turns":5.0},{"damage":29,"enemies":"Hexaghost","floor":16,"turns":9},{"damage":9,"enemies":"Spheric Guardian","floor":18,"turns":3},{"damage":2,"enemies":"3 Byrds","floor":20,"turns":4},{"damage":33,"enemies":"Snake Plant","floor":22,"turns":4},{"damage":12,"enemies":"Centurion and Healer","floor":27,"turns":6},{"damage":29,"enemies":"3 Cultists","floor":28,"turns":5},{"damage":17,"enemies":"Snecko","floor":29,"turns":5},{"damage":14,"enemies":"Gremlin Leader","floor":30,"turns":2}],"seed_played":"-8818976991524033398","potions_obtained":[{"floor":8.0,"key":"Fire Potion"},{"floor":11.0,"key":"Strength Potion"},{"floor":14.0,"key":"EssenceOfSteel"},{"floor":18,"key":"GamblersBrew"},{"floor":20,"key":"FairyPotion"},{"floor":27,"key":"AttackPotion"}],"is_trial":false,"path_per_floor":["M","?","?","?","M","R","M","M","T","R","M","?","R","E","R","B",null,"M","$","M","?","M","R","$","R","T","M","M","M","E"],"character_chosen":"DEFECT","items_purchased":["DataDisk","Sling"],"campfire_rested":2,"item_purchase_floors":[19,24],"current_hp_per_floor":[61,50,32,32,32,32,26,25,25,25,21,6,28,44,44,17,71,64,64,64,48,17,43,43,43,43,33,6,6,0],"gold":126,"neow_bonus":"ONE_RANDOM_RARE_CARD","is_prod":false,"is_daily":false,"chose_seed":false,"campfire_upgraded":4,"win_rate":0,"timestamp":1550805717,"path_taken":["M","?","?","?","?","R","M","M","T","R","M","?","R","E","R","BOSS","M","$","M","?","M","R","$","R","T","?","M","M","E"],"build_version":"2019-01-23","purchased_purges":1,"victory":false,"max_hp_per_floor":[75,75,75,75,75,75,75,75,75,75,75,75,75,89,89,89,89,89,89,89,89,89,89,89,89,89,89,89,89,89],"card_choices":[{"not_picked":["Compile Driver","Turbo"],"picked":"Gash","floor":1.0},{"not_picked":["Recycle","Turbo","Ball Lightning"],"picked":"SKIP","floor":5.0},{"not_picked":["Hello World","Rebound"],"picked":"Gash","floor":7.0},{"not_picked":["Leap","Cold Snap"],"picked":"Echo Form","floor":8.0},{"not_picked":["Compile Driver","Stack","Aggregate"],"picked":"SKIP","floor":11.0},{"not_picked":["Sweeping Beam","Steam"],"picked":"Cold Snap","floor":14.0},{"not_picked":["Meteor Strike","Echo Form"],"picked":"Reboot","floor":16},{"not_picked":["Lockon","Doom and Gloom"],"picked":"Beam Cell","floor":18},{"not_picked":["Stack","Redo"],"picked":"Go for the Eyes","floor":20},{"not_picked":["BootSequence","Hello World"],"picked":"Coolheaded","floor":22},{"not_picked":["Steam+1","Recycle+1","Rebound"],"picked":"SKIP","floor":27},{"not_picked":["BootSequence","Stack","Steam"],"picked":"SKIP","floor":28},{"not_picked":["Static Discharge","Fusion"],"picked":"Loop","floor":29}],"player_experience":457210,"relics_obtained":[{"floor":9.0,"key":"Blood Vial"},{"floor":14.0,"key":"Mango"},{"floor":26,"key":"Omamori"}],"event_choices":[{"damage_healed":0.0,"max_hp_gain":0.0,"max_hp_loss":0.0,"gold_gain":75.0,"event_name":"World of Goop","player_choice":"Gather Gold","floor":2.0,"gold_loss":0.0,"damage_taken":11.0},{"damage_healed":0.0,"max_hp_gain":0.0,"max_hp_loss":0.0,"gold_gain":0.0,"event_name":"Scrap Ooze","player_choice":"Success","floor":3.0,"gold_loss":0.0,"damage_taken":18.0,"relics_obtained":["PreservedInsect"]},{"cards_removed":["Strike_B"],"damage_healed":0.0,"max_hp_gain":0.0,"max_hp_loss":0.0,"gold_gain":0.0,"event_name":"The Cleric","player_choice":"Card Removal","floor":4.0,"gold_loss":50.0,"damage_taken":0.0},{"damage_healed":0.0,"max_hp_gain":0.0,"max_hp_loss":0.0,"gold_gain":0.0,"event_name":"Shining Light","player_choice":"Entered Light","floor":12.0,"gold_loss":0.0,"damage_taken":15.0,"cards_upgraded":["Defend_B","Gash"]},{"damage_healed":0,"gold_gain":90,"player_choice":"GOLD ","damage_taken":16,"max_hp_gain":0,"max_hp_loss":0,"event_name":"Knowing Skull","floor":21,"potions_obtained":[],"gold_loss":0,"cards_obtained":[]}],"is_beta":false,"boss_relics":[{"not_picked":["Black Star","Orrery"],"picked":"Inserter"}],"items_purged_floors":[24],"is_endless":false,"potions_floor_spawned":[8,11,14,18,20,27],"killed_by":"Gremlin Leader","ascension_level":13}