{"gold_per_floor":[366,99,109,109,124,124,137,172,195,230,7,7],"floor_reached":12,"playtime":368,"items_purged":["Strike_B"],"score":114,"play_id":"d37ceb2e-c126-4160-8f6f-8d6ed31354cf","local_time":"20190123214500","is_ascension_mode":true,"campfire_choices":[{"data":"Mind Blast","floor":6,"key":"SMITH"}],"neow_cost":"TEN_PERCENT_HP_LOSS","seed_source_timestamp":508982636378451,"circlet_count":0,"master_deck":["Strike_B","Strike_B","Strike_B","Defend_B","Defend_B","Defend_B","Defend_B","Zap","Dualcast+1","Storm","Doom and Gloom","Mind Blast+1","Steam","Ball Lightning","Tempest+1","Biased Cognition","Double Energy"],"relics":["Cracked Core","Runic Capacitor","Centennial Puzzle","War Paint","Potion Belt","Regal Pillow"],"potions_floor_usage":[8,10],"damage_taken":[{"damage":5,"enemies":"2 Louse","floor":1,"turns":2},{"damage":0,"enemies":"Cultist","floor":3,"turns":4},{"damage":2,"enemies":"Jaw Worm","floor":5,"turns":3},{"damage":4,"enemies":"Large Slime","floor":7,"turns":5},{"damage":36,"enemies":"Gremlin Nob","floor":8,"turns":4},{"damage":20,"enemies":"3 Sentries","floor":10,"turns":4},{"damage":12,"enemies":"Exordium Thugs","floor":12,"turns":1}],"seed_played":"5278026301633853129","potions_obtained":[{"floor":1,"key":"FocusPotion"},{"floor":3,"key":"SkillPotion"},{"floor":7,"key":"Swift Potion"},{"floor":8,"key":"SteroidPotion"}],"is_trial":false,"path_per_floor":["M","$","M","?","M","R","M","E","T","E","$","M"],"character_chosen":"DEFECT","items_purchased":["Runic Capacitor","Double Energy","Regal Pillow"],"campfire_rested":0,"item_purchase_floors":[2,11,11],"current_hp_per_floor":[63,63,63,63,61,61,57,21,21,1,1,0],"gold":7,"neow_bonus":"TWO_FIFTY_GOLD","is_prod":false,"is_daily":false,"chose_seed":false,"campfire_upgraded":1,"win_rate":0,"timestamp":1548297900,"path_taken":["M","$","M","?","M","R","M","E","T","E","$","?"],"build_version":"2019-01-23","purchased_purges":1,"victory":false,"max_hp_per_floor":[68,68,68,68,68,68,68,68,68,68,68,68],"card_choices":[{"not_picked":["Compile Driver","Stack"],"picked":"Storm","floor":1},{"not_picked":["Leap","Rebound","Coolheaded"],"picked":"SKIP","floor":3},{"not_picked":["Skim","Leap"],"picked":"Steam","floor":5},{"not_picked":["Loop","Recycle"],"picked":"Ball Lightning","floor":7},{"not_picked":["Recycle","BootSequence"],"picked":"Tempest","floor":8},{"not_picked":["Stack","Steam Power"],"picked":"Biased Cognition","floor":10}],"player_experience":397559,"relics_obtained":[{"floor":8,"key":"Centennial Puzzle"},{"floor":9,"key":"War Paint"},{"floor":10,"key":"Potion Belt"}],"event_choices":[{"damage_healed":0,"gold_gain":0,"player_choice":"2 cards matched","damage_taken":0,"max_hp_gain":0,"max_hp_loss":0,"event_name":"Match and Keep!","floor":4,"gold_loss":0,"cards_obtained":["Doom and Gloom","Mind Blast"]}],"is_beta":false,"boss_relics":[],"items_purged_floors":[2],"is_endless":false,"potions_floor_spawned":[1,3,7,8],"killed_by":"Exordium Thugs","ascension_level":6}