{"path_per_floor":["M","M","$","?","?","R","E","R","T","M","M","M","R","M","R","B",null,"M","$","M","M","M","R","$","R","T","M","R","?","M","M","R"],"character_chosen":"IRONCLAD","items_purchased":["Apotheosis","Uppercut","Metallicize"],"gold_per_floor":[411,426,80,80,80,80,111,111,111,128,141,153,153,167,167,266,266,285,110,120,131,141,141,16,16,16,36,36,36,54,71,71,71],"floor_reached":33,"campfire_rested":3,"playtime":2046,"current_hp_per_floor":[80,78,78,66,66,66,62,62,62,63,54,60,60,65,65,46,80,63,63,59,30,7,31,31,55,65,56,56,38,27,33,61,0],"items_purged":["Strike_R","Regret","Writhe"],"gold":71,"score":276,"play_id":"21ec55a2-713c-4efe-8ecc-673401100662","local_time":"20180415192235","is_prod":false,"is_daily":false,"chose_seed":false,"is_ascension_mode":false,"campfire_upgraded":5,"timestamp":1523845355,"path_taken":["M","M","$","?","?","R","E","R","T","M","M","M","R","M","R","BOSS","M","$","M","M","M","R","$","R","T","M","R","?","M","M","R","BOSS"],"build_version":"2018-04-12","seed_source_timestamp":414639327929509,"purchased_purges":3,"victory":false,"master_deck":["Strike_R","Strike_R","Strike_R","Strike_R","Defend_R+1","Defend_R","Defend_R+1","Defend_R","Bash","Spot Weakness","Apotheosis+1","Uppercut","Seeing Red+1","Pommel Strike+1","Fire Breathing+1","Offering","Injury","Flex","Metallicize","Seeing Red+1","Whirlwind","Fire Breathing+1"],"max_hp_per_floor":[80,80,80,80,80,80,80,80,80,80,80,80,80,80,80,80,80,80,80,80,80,80,80,80,80,90,90,90,95,95,95,95,95],"relics":["Burning Blood","Old Coin","Bird Faced Urn","War Paint","Mummified Hand","Calling Bell","Bag of Preparation","Anchor","Paper Frog","Pear"],"card_choices":[{"not_picked":["Thunderclap","Battle Trance"],"picked":"Spot Weakness","floor":1},{"not_picked":["Headbutt","Uppercut"],"picked":"Seeing Red","floor":7},{"not_picked":["Reckless Charge","Hemokinesis"],"picked":"Pommel Strike","floor":10},{"not_picked":["Feed","Clothesline"],"picked":"Fire Breathing","floor":11},{"not_picked":["Berserk","Limit Break"],"picked":"Offering","floor":16},{"not_picked":["Blood for Blood","Iron Wave"],"picked":"Flex","floor":18},{"not_picked":["Clothesline","Flex"],"picked":"Seeing Red","floor":20},{"not_picked":["Bludgeon","Rupture"],"picked":"Whirlwind","floor":22},{"not_picked":["Twin Strike","Clash"],"picked":"Fire Breathing","floor":31}],"player_experience":14644,"potions_floor_usage":[16,22,30,30,33],"damage_taken":[{"damage":0,"enemies":"Small Slimes","floor":1,"turns":3},{"damage":8,"enemies":"Jaw Worm","floor":2,"turns":4},{"damage":10,"enemies":"Lagavulin","floor":7,"turns":7},{"damage":5,"enemies":"2 Louse","floor":10,"turns":2},{"damage":15,"enemies":"2 Fungi Beasts","floor":11,"turns":3},{"damage":2,"enemies":"Exordium Thugs","floor":12,"turns":3},{"damage":3,"enemies":"Large Slime","floor":14,"turns":3},{"damage":27,"enemies":"Slime Boss","floor":16,"turns":9},{"damage":25,"enemies":"Spheric Guardian","floor":18,"turns":4},{"damage":14,"enemies":"Chosen","floor":20,"turns":5},{"damage":39,"enemies":"Sentry and Sphere","floor":21,"turns":6},{"damage":33,"enemies":"Snecko","floor":22,"turns":7},{"damage":19,"enemies":"Snake Plant","floor":27,"turns":3},{"damage":21,"enemies":"Centurion and Healer","floor":30,"turns":4},{"damage":4,"enemies":"Chosen and Byrds","floor":31,"turns":5},{"damage":68,"enemies":"Automaton","floor":33,"turns":8}],"event_choices":[{"event_name":"Scrap Ooze","player_choice":"success","floor":4,"damage_taken":12},{"event_name":"Purifier","player_choice":"One Purge","floor":5,"damage_taken":0},{"event_name":"Forgotten Altar","player_choice":"Shed Blood","floor":29,"damage_taken":0}],"boss_relics":[{"not_picked":["Black Blood","White Beast Statue"],"picked":"Calling Bell"}],"potions_floor_spawned":[1,7,12,14,20,22,27,30,31],"seed_played":"-2728936799079497209","killed_by":"Automaton","ascension_level":0,"is_trial":false}