{"gold_per_floor":[360,370,370,382,457,457,632,632,632,666,666,25,25,25,25,150,150,175,175,190,289,309,309,348,348,348,387,387,403,313,0,0,129,192,205,538,538,550,68,68,87,87,87,87,114,39,55,55,55,55,55,55,5,5],"floor_reached":54,"playtime":4156,"items_purged":["Strike_R"],"score":982,"play_id":"c03d1546-58a2-4988-a85f-b76f482b928f","local_time":"20190212172807","is_ascension_mode":true,"campfire_choices":[{"data":"Body Slam","floor":6.0,"key":"SMITH"},{"data":"Bash","floor":8.0,"key":"SMITH"},{"floor":11.0,"key":"REST"},{"data":"Shockwave","floor":13.0,"key":"SMITH"},{"floor":15.0,"key":"REST"},{"data":"Feed","floor":23.0,"key":"SMITH"},{"floor":25.0,"key":"REST"},{"floor":28.0,"key":"REST"},{"data":"Uppercut","floor":32.0,"key":"SMITH"},{"floor":40,"key":"RECALL"},{"floor":42,"key":"REST"},{"data":"Pommel Strike","floor":44,"key":"SMITH"},{"floor":49,"key":"REST"},{"data":"Headbutt","floor":52,"key":"SMITH"}],"neow_cost":"PERCENT_DAMAGE","seed_source_timestamp":89422056326593,"circlet_count":0,"master_deck":["Strike_R+1","Strike_R","Strike_R","Defend_R","Defend_R","Defend_R+1","Defend_R","Bash+1","Body Slam+1","Pommel Strike+1","Shockwave+1","Shrug It Off+1","True Grit+1","Uppercut+1","Feed+1","Headbutt+1","Disarm+1","Iron Wave+1","Body Slam+1","Metallicize+1","Armaments+1","Bandage Up+1"],"special_seed":0,"relics":["Burning Blood","Blue Candle","Centennial Puzzle","Kunai","Toxic Egg 2","Busted Crown","GremlinMask","Happy Flower","Potion Belt","Singing Bowl","Tiny House","HandDrill","Lantern","Anchor","Champion Belt","Meat on the Bone"],"potions_floor_usage":[33,41,45,45,54],"damage_taken":[{"damage":3.0,"enemies":"Small Slimes","floor":1.0,"turns":5.0},{"damage":6.0,"enemies":"Cultist","floor":2.0,"turns":4.0},{"damage":5.0,"enemies":"2 Louse","floor":4.0,"turns":4.0},{"damage":26.0,"enemies":"Lagavulin","floor":10.0,"turns":6.0},{"damage":30.0,"enemies":"The Guardian","floor":16.0,"turns":15.0},{"damage":20.0,"enemies":"2 Thieves","floor":18.0,"turns":4.0},{"damage":12.0,"enemies":"Shell Parasite","floor":20.0,"turns":7.0},{"damage":18.0,"enemies":"Shelled Parasite and Fungi","floor":22.0,"turns":7.0},{"damage":38.0,"enemies":"Slavers","floor":24.0,"turns":9.0},{"damage":29.0,"enemies":"Gremlin Leader","floor":27.0,"turns":8.0},{"damage":2.0,"enemies":"Chosen and Byrds","floor":29.0,"turns":6.0},{"damage":49,"enemies":"Champ","floor":33,"turns":17},{"damage":10,"enemies":"Orb Walker","floor":35,"turns":4},{"damage":27,"enemies":"3 Darklings","floor":38,"turns":5},{"damage":7,"enemies":"Writhing Mass","floor":41,"turns":9},{"damage":49,"enemies":"Reptomancer","floor":45,"turns":5},{"damage":9,"enemies":"Spire Growth","floor":47,"turns":6},{"damage":48,"enemies":"Time Eater","floor":50,"turns":17},{"damage":109,"enemies":"Shield and Spear","floor":54,"turns":8}],"seed_played":"-5824903415373001483","potions_obtained":[{"floor":1.0,"key":"AttackPotion"},{"floor":10.0,"key":"Swift Potion"},{"floor":16.0,"key":"Strength Potion"},{"floor":24.0,"key":"FearPotion"},{"floor":27.0,"key":"Block Potion"},{"floor":29.0,"key":"Explosive Potion"},{"floor":33,"key":"Strength Potion"},{"floor":34,"key":"SneckoOil"},{"floor":38,"key":"Block Potion"},{"floor":41,"key":"AttackPotion"}],"is_trial":false,"path_per_floor":["M","M","?","M","?","R","?","R","T","E","R","$","R","?","R","B",null,"M","?","M","?","M","R","E","R","T","E","R","M","?","$","R","B",null,"M","?","?","M","$","R","M","R","T","R","E","$","M","T","R","B",null,"R","$","E"],"character_chosen":"IRONCLAD","items_purchased":["Kunai","Toxic Egg 2","Shrug It Off+1","True Grit+1","Uppercut","Singing Bowl","Disarm+1","Armaments+1","Bandage Up+1","HandDrill","Lantern","Energy Potion"],"campfire_rested":6,"item_purchase_floors":[12,12,12,12,12,31,31,39,39,39,39,53],"current_hp_per_floor":[54,54,54,55,44,44,44,44,44,24,48,48,48,28,52,28,67,56,56,53,53,44,44,16,43,43,20,47,51,51,51,51,10,79,77,77,77,56,56,56,63,94,94,94,53,53,62,62,95,71,102,102,102,0],"gold":5,"neow_bonus":"TWO_FIFTY_GOLD","is_prod":false,"is_daily":false,"chose_seed":false,"campfire_upgraded":7,"win_rate":0,"timestamp":1550021287,"path_taken":["M","M","?","?","?","R","?","R","T","E","R","$","R","?","R","BOSS","M","?","?","?","M","R","E","R","T","E","R","M","?","$","R","BOSS","M","?","?","M","$","R","?","R","T","R","E","$","M","?","R","BOSS","R","$","E"],"build_version":"2019-01-23","purchased_purges":1,"victory":false,"max_hp_per_floor":[80,80,80,80,80,80,80,80,80,80,80,80,80,80,80,80,80,83,83,86,86,89,89,93,93,93,93,93,93,93,93,93,95,100,102,102,102,102,102,102,104,104,104,104,106,106,112,112,112,112,112,112,112,112],"card_choices":[{"not_picked":["Corruption","Clothesline"],"picked":"Body Slam","floor":1.0},{"not_picked":["Flex","Sword Boomerang","Cleave"],"picked":"SKIP","floor":2.0},{"not_picked":["Sword Boomerang","Sentinel"],"picked":"Pommel Strike","floor":4.0},{"not_picked":["Blood for Blood","Fiend Fire"],"picked":"Shockwave","floor":10.0},{"not_picked":["Exhume+1","Juggernaut"],"picked":"Feed","floor":16.0},{"not_picked":["Perfected Strike"],"picked":"SKIP","floor":18.0},{"not_picked":[],"picked":"Headbutt","floor":20.0},{"not_picked":["Dropkick"],"picked":"SKIP","floor":22.0},{"not_picked":["Wild Strike"],"picked":"SKIP","floor":24.0},{"not_picked":["Clothesline+1"],"picked":"SKIP","floor":27.0},{"not_picked":["Sword Boomerang"],"picked":"SKIP","floor":29.0},{"not_picked":["Brutality"],"picked":"Singing Bowl","floor":33},{"not_picked":[],"picked":"Iron Wave+1","floor":34},{"not_picked":["Warcry+1"],"picked":"Singing Bowl","floor":35},{"not_picked":[],"picked":"Metallicize+1","floor":38},{"not_picked":["Warcry+1"],"picked":"Singing Bowl","floor":41},{"not_picked":["Anger"],"picked":"Singing Bowl","floor":45},{"not_picked":["Warcry+1"],"picked":"Singing Bowl","floor":47}],"player_experience":344453,"relics_obtained":[{"floor":9.0,"key":"Blue Candle"},{"floor":10.0,"key":"Centennial Puzzle"},{"floor":24.0,"key":"Happy Flower"},{"floor":27.0,"key":"Potion Belt"},{"floor":43,"key":"Anchor"},{"floor":45,"key":"Champion Belt"},{"floor":48,"key":"Meat on the Bone"}],"event_choices":[{"cards_removed":["Strike_R"],"damage_healed":0.0,"max_hp_gain":0.0,"max_hp_loss":0.0,"gold_gain":0.0,"event_name":"Bonfire Elementals","player_choice":"Offered Basic","floor":3.0,"gold_loss":0.0,"damage_taken":0.0},{"damage_healed":0.0,"max_hp_gain":0.0,"max_hp_loss":0.0,"gold_gain":75.0,"event_name":"World of Goop","player_choice":"Gather Gold","floor":5.0,"gold_loss":0.0,"damage_taken":11.0},{"damage_healed":0.0,"max_hp_gain":0.0,"max_hp_loss":0.0,"gold_gain":175.0,"event_name":"Liars Game","player_choice":"AGREE","floor":7.0,"gold_loss":0.0,"damage_taken":0.0,"cards_obtained":["Doubt"]},{"damage_healed":0.0,"max_hp_gain":0.0,"max_hp_loss":0.0,"gold_gain":0.0,"event_name":"Golden Idol","player_choice":"Take Damage","floor":14.0,"gold_loss":0.0,"damage_taken":20.0,"relics_obtained":["Golden Idol"]},{"damage_healed":0.0,"max_hp_gain":0.0,"max_hp_loss":0.0,"gold_gain":0.0,"event_name":"FaceTrader","player_choice":"Trade","floor":19.0,"gold_loss":0.0,"damage_taken":0.0,"relics_obtained":["GremlinMask"]},{"damage_healed":0.0,"max_hp_gain":0.0,"max_hp_loss":0.0,"gold_gain":99.0,"event_name":"Nest","player_choice":"Stole From Cult","floor":21.0,"gold_loss":0.0,"damage_taken":0.0},{"cards_removed":["Doubt"],"damage_healed":0.0,"max_hp_gain":0.0,"max_hp_loss":0.0,"gold_gain":0.0,"event_name":"Designer","player_choice":"Upgrade and Remove","floor":30.0,"gold_loss":90.0,"damage_taken":0.0,"cards_upgraded":["Defend_R"]},{"damage_healed":0,"gold_gain":333,"player_choice":"Gave Idol","damage_taken":0,"max_hp_gain":0,"max_hp_loss":0,"event_name":"The Moai Head","floor":36,"relics_lost":["Golden Idol"],"gold_loss":0},{"damage_healed":0,"gold_gain":0,"player_choice":"Copied","damage_taken":0,"max_hp_gain":0,"max_hp_loss":0,"event_name":"Duplicator","floor":37,"gold_loss":0,"cards_obtained":["Body Slam"]}],"is_beta":false,"boss_relics":[{"not_picked":["Velvet Choker","Ectoplasm"],"picked":"Busted Crown"},{"not_picked":["Eternal Feather","Calling Bell"],"picked":"Tiny House"}],"items_purged_floors":[46],"is_endless":false,"potions_floor_spawned":[1,10,16,24,27,29,33,38,41],"killed_by":"Shield and Spear","ascension_level":7}