{"gold_per_floor":[116,24,74,90,107,140,140,157,157,157,191,156,189,201,201,275,325,336,336,301,301,21,21],"floor_reached":23,"playtime":1319,"items_purged":[],"score":376,"play_id":"e9b1f34d-c13d-4138-b535-06599a89b22c","local_time":"20190128093304","is_ascension_mode":true,"campfire_choices":[{"data":"Defragment","floor":7.0,"key":"SMITH"},{"data":"Dualcast","floor":10.0,"key":"SMITH"},{"floor":15.0,"key":"RECALL"}],"neow_cost":"NONE","seed_source_timestamp":346317867550560,"circlet_count":0,"master_deck":["AscendersBane","Strike_B","Strike_B+1","Strike_B","Strike_B","Defend_B","Defend_B","Defend_B","Zap+1","Dualcast+1","Defragment+1","Sweeping Beam","Loop","Beam Cell","Cold Snap","Cold Snap","Thunder Strike","Cold Snap","Reinforced Body","Coolheaded","Echo Form","Chaos","Go for the Eyes","RitualDagger","Sweeping Beam","Streamline"],"special_seed":0,"relics":["Cracked Core","Bag of Preparation","FossilizedHelix","Ancient Tea Set","Tiny House","Runic Capacitor"],"potions_floor_usage":[23],"damage_taken":[{"damage":1.0,"enemies":"Cultist","floor":1.0,"turns":3.0},{"damage":0.0,"enemies":"Small Slimes","floor":4.0,"turns":3.0},{"damage":2.0,"enemies":"Jaw Worm","floor":5.0,"turns":3.0},{"damage":26.0,"enemies":"Gremlin Nob","floor":6.0,"turns":4.0},{"damage":2.0,"enemies":"Looter","floor":8.0,"turns":3.0},{"damage":15.0,"enemies":"3 Sentries","floor":11.0,"turns":6.0},{"damage":3.0,"enemies":"Lagavulin","floor":13.0,"turns":8.0},{"damage":0.0,"enemies":"2 Fungi Beasts","floor":14.0,"turns":3.0},{"damage":3.0,"enemies":"The Guardian","floor":16.0,"turns":16.0},{"damage":2.0,"enemies":"Shell Parasite","floor":18.0,"turns":7.0},{"damage":29.0,"enemies":"2 Thieves","floor":20.0,"turns":5.0},{"damage":34,"enemies":"Slavers","floor":23,"turns":3}],"seed_played":"-4252262594754196032","potions_obtained":[{"floor":1.0,"key":"Dexterity Potion"},{"floor":14.0,"key":"Strength Potion"},{"floor":16.0,"key":"Weak Potion"},{"floor":17.0,"key":"AttackPotion"},{"floor":18.0,"key":"Energy Potion"}],"is_trial":false,"path_per_floor":["M","$","?","M","M","E","R","M","T","R","E","?","E","M","R","B",null,"M","?","M","?","$","E"],"character_chosen":"DEFECT","items_purchased":["Sweeping Beam","Loop","Runic Capacitor","Streamline"],"campfire_rested":0,"item_purchase_floors":[2,2,22,22],"current_hp_per_floor":[63,63,56,56,54,28,28,26,26,26,11,28,25,25,25,22,64,62,56,27,27,27,0],"gold":21,"neow_bonus":"UPGRADE_CARD","is_prod":false,"is_daily":false,"chose_seed":false,"campfire_upgraded":2,"win_rate":0,"timestamp":1548664384,"path_taken":["M","?","?","?","M","E","R","M","T","R","E","?","E","M","R","BOSS","M","?","M","?","$","E"],"build_version":"2019-01-23","purchased_purges":0,"victory":false,"max_hp_per_floor":[71,71,71,71,71,71,71,71,71,71,71,71,71,71,71,71,76,76,76,76,76,76,76],"card_choices":[{"not_picked":["Double Energy","Fusion"],"picked":"Defragment","floor":1.0},{"not_picked":["Ball Lightning","Double Energy"],"picked":"Beam Cell","floor":4.0},{"not_picked":["Go for the Eyes","Rebound"],"picked":"Cold Snap","floor":5.0},{"not_picked":["Stack","Fusion"],"picked":"Cold Snap","floor":6.0},{"not_picked":["Rebound","Barrage"],"picked":"Thunder Strike","floor":8.0},{"not_picked":["Auto Shields","Force Field"],"picked":"Cold Snap","floor":11.0},{"not_picked":["Rebound","Stack"],"picked":"Reinforced Body","floor":13.0},{"not_picked":["Static Discharge","Barrage"],"picked":"Coolheaded","floor":14.0},{"not_picked":["Machine Learning","Hyperbeam"],"picked":"Echo Form","floor":16.0},{"not_picked":["Beam Cell","Undo"],"picked":"Chaos","floor":17.0},{"not_picked":["Steam","Hologram"],"picked":"Go for the Eyes","floor":18.0},{"not_picked":["Beam Cell","Turbo"],"picked":"Sweeping Beam","floor":20.0}],"player_experience":612881,"relics_obtained":[{"floor":6.0,"key":"Bag of Preparation"},{"floor":11.0,"key":"FossilizedHelix"},{"floor":13.0,"key":"Ancient Tea Set"}],"event_choices":[{"damage_healed":0.0,"max_hp_gain":0.0,"max_hp_loss":0.0,"gold_gain":50.0,"event_name":"FaceTrader","player_choice":"Touch","floor":3.0,"gold_loss":0.0,"damage_taken":7.0},{"damage_healed":17.0,"max_hp_gain":0.0,"max_hp_loss":0.0,"gold_gain":0.0,"event_name":"The Cleric","player_choice":"Healed","floor":12.0,"gold_loss":35.0,"damage_taken":0.0},{"damage_healed":0.0,"max_hp_gain":0.0,"max_hp_loss":0.0,"gold_gain":0.0,"event_name":"Nest","player_choice":"Joined the Cult","floor":19.0,"gold_loss":0.0,"damage_taken":6.0,"cards_obtained":["RitualDagger"]},{"cards_removed":["Defend_B"],"damage_healed":0.0,"max_hp_gain":0.0,"max_hp_loss":0.0,"gold_gain":0.0,"event_name":"Purifier","player_choice":"Purged","floor":21.0,"gold_loss":0.0,"damage_taken":0.0}],"is_beta":false,"boss_relics":[{"not_picked":["Runic Dome","Empty Cage"],"picked":"Tiny House"}],"items_purged_floors":[],"is_endless":false,"potions_floor_spawned":[1,14,16,18],"killed_by":"Slavers","ascension_level":16}