{"path_per_floor":["M","?","?","$","?","E","?","M","T","M","?","R","M","M","R"],"character_chosen":"DEFECT","items_purchased":["Leap"],"gold_per_floor":[116,116,116,67,67,93,93,111,135,153,215,215,235,250,250,250],"floor_reached":16,"campfire_rested":0,"playtime":441,"item_purchase_floors":[4],"current_hp_per_floor":[75,80,80,80,80,80,60,60,60,60,60,60,38,31,31,0],"items_purged":[],"gold":250,"score":138,"play_id":"c285a20d-8568-4212-a3d8-930ec092ba04","local_time":"20180621163039","is_prod":false,"is_daily":false,"chose_seed":false,"is_ascension_mode":true,"campfire_upgraded":2,"win_rate":0,"timestamp":1529623839,"campfire_choices":[{"data":"Zap","floor":12,"key":"SMITH"},{"data":"Dualcast","floor":15,"key":"SMITH"}],"path_taken":["M","?","?","$","?","E","?","M","T","M","?","R","M","?","R","BOSS"],"build_version":"2018-06-14v2","seed_source_timestamp":666254843235774,"purchased_purges":0,"victory":false,"master_deck":["Strike_B","Strike_B","Strike_B","Defend_B","Defend_B","Defend_B","Defend_B","Zap+1","Dualcast+1","Double Energy","Leap","Melter","Capacitor","Recycle","Streamline"],"max_hp_per_floor":[75,80,80,80,80,80,80,80,80,80,80,80,80,80,80,80],"relics":["Cracked Core","NeowsBlessing","Ancient Tea Set","Golden Idol","Bronze Scales"],"card_choices":[{"not_picked":["Beam Cell","Barrage"],"picked":"Double Energy","floor":1},{"not_picked":["Turbo","Gash"],"picked":"Melter","floor":6},{"not_picked":["Go for the Eyes","Chaos"],"picked":"Capacitor","floor":8},{"not_picked":["Auto Shields","Fusion"],"picked":"Recycle","floor":10},{"not_picked":["Steam","Storm"],"picked":"Streamline","floor":13},{"not_picked":["Gash","Amplify","Stack"],"picked":"SKIP","floor":14}],"player_experience":209331,"potions_floor_usage":[16],"damage_taken":[{"damage":0,"enemies":"2 Louse","floor":1,"turns":1},{"damage":0,"enemies":"Lagavulin","floor":6,"turns":1},{"damage":0,"enemies":"Jaw Worm","floor":8,"turns":1},{"damage":0,"enemies":"Cultist","floor":10,"turns":3},{"damage":22,"enemies":"Exordium Thugs","floor":13,"turns":5},{"damage":7,"enemies":"Blue Slaver","floor":14,"turns":3},{"damage":31,"enemies":"Slime Boss","floor":16,"turns":6}],"relics_obtained":[{"floor":6,"key":"Ancient Tea Set"},{"floor":9,"key":"Bronze Scales"}],"event_choices":[{"event_name":"Big Fish","player_choice":"Donut","floor":2,"damage_taken":0},{"event_name":"Purifier","player_choice":"One Purge","floor":3,"damage_taken":0},{"event_name":"The Lab","player_choice":"Got Potions","floor":5,"damage_taken":0},{"event_name":"Golden Idol","player_choice":"Take Damage","floor":7,"damage_taken":0},{"event_name":"Golden Wing","player_choice":"Gained Gold","floor":11,"damage_taken":0}],"boss_relics":[],"items_purged_floors":[],"is_endless":false,"potions_floor_spawned":[1,8],"seed_played":"4480115591487405708","killed_by":"Slime Boss","ascension_level":2,"potions_obtained":[{"floor":1,"key":"Dexterity Potion"},{"floor":5,"key":"Block Potion"},{"floor":5,"key":"Fire Potion"}],"is_trial":false}