{"gold_per_floor":[99,99,99,99,99,99,99,99,99,99],"floor_reached":10,"playtime":345,"items_purged":[],"score":91,"play_id":"b4a1f765-9a30-4dff-8b69-8f77b806d56e","local_time":"20190207185929","is_ascension_mode":true,"campfire_choices":[{"data":"Neutralize","floor":6,"key":"SMITH"}],"neow_cost":"NONE","seed_source_timestamp":2406234787458961,"circlet_count":0,"master_deck":["Defend_G","Defend_G","Defend_G","Defend_G","Defend_G","Strike_G","Strike_G","Strike_G","Strike_G","Strike_G","Survivor","Neutralize+1","Dagger Spray","Infinite Blades","Accuracy"],"relics":["Ectoplasm","Bottled Flame"],"potions_floor_usage":[7,10],"damage_taken":[{"damage":4,"enemies":"2 Louse","floor":1,"turns":4},{"damage":0,"enemies":"Cultist","floor":2,"turns":4},{"damage":2,"enemies":"Jaw Worm","floor":4,"turns":3},{"damage":28,"enemies":"Gremlin Gang","floor":5,"turns":5},{"damage":0,"enemies":"Gremlin Nob","floor":7,"turns":2},{"damage":28,"enemies":"Exordium Thugs","floor":8,"turns":6},{"damage":4,"enemies":"3 Louse","floor":10,"turns":1}],"seed_played":"-8022125352108625039","potions_obtained":[{"floor":1,"key":"Swift Potion"},{"floor":5,"key":"SmokeBomb"}],"is_trial":false,"path_per_floor":["M","M","?","M","M","R","E","M","T","M"],"character_chosen":"THE_SILENT","items_purchased":[],"campfire_rested":0,"item_purchase_floors":[],"current_hp_per_floor":[59,59,59,57,29,29,29,1,1,0],"gold":99,"neow_bonus":"BOSS_RELIC","is_prod":false,"is_daily":false,"chose_seed":false,"campfire_upgraded":1,"win_rate":0,"timestamp":1549594769,"path_taken":["M","M","?","M","M","R","E","M","T","M"],"build_version":"2019-01-23","purchased_purges":0,"victory":false,"max_hp_per_floor":[70,70,70,70,70,70,70,70,70,70],"card_choices":[{"not_picked":["Dagger Throw","Slice"],"picked":"Dagger Spray","floor":1},{"not_picked":["Acrobatics","Expertise","Concentrate"],"picked":"SKIP","floor":2},{"not_picked":["Flechettes","Distraction"],"picked":"Infinite Blades","floor":4},{"not_picked":["Dagger Spray","All Out Attack"],"picked":"Accuracy","floor":5},{"not_picked":["Blur","Heel Hook","Catalyst"],"picked":"SKIP","floor":8}],"player_experience":291305,"relics_obtained":[{"floor":9,"key":"Bottled Flame"}],"event_choices":[{"damage_healed":0,"gold_gain":100,"player_choice":"Pray","damage_taken":0,"max_hp_gain":0,"max_hp_loss":0,"event_name":"Golden Shrine","floor":3,"gold_loss":0}],"is_beta":false,"boss_relics":[],"items_purged_floors":[],"is_endless":false,"potions_floor_spawned":[1,5],"killed_by":"3 Louse","ascension_level":6}