{"gold_per_floor":[219,230,245,259,184,184,212,85,135,150,150,150,150,168,168,242,242,253,272,289,72,72,72,72],"floor_reached":24,"playtime":984,"items_purged":["Strike_B"],"score":356,"play_id":"3c68609d-0155-4c57-99ef-f3def12fd423","local_time":"20190211221946","is_ascension_mode":true,"campfire_choices":[{"data":"Zap","floor":6.0,"key":"SMITH"},{"floor":11.0,"key":"REST"},{"floor":13.0,"key":"REST"},{"data":"Go for the Eyes","floor":15.0,"key":"SMITH"},{"floor":23,"key":"REST"}],"neow_cost":"NONE","seed_source_timestamp":0,"circlet_count":0,"master_deck":["AscendersBane","Strike_B","Strike_B","Defend_B","Defend_B","Defend_B","Defend_B","Zap+1","Dualcast","Consume","Genetic Algorithm","Go for the Eyes+1","Gash","Streamline","Cold Snap","Gash","Ball Lightning","Creative AI","Beam Cell","Leap","Hologram","Hologram","Turbo+1","Coolheaded","Stack","Apotheosis"],"special_seed":0,"relics":["Cracked Core","Shuriken","Potion Belt","Letter Opener","Orrery"],"potions_floor_usage":[19,22,22],"damage_taken":[{"damage":3.0,"enemies":"2 Louse","floor":1.0,"turns":2.0},{"damage":7.0,"enemies":"Jaw Worm","floor":2.0,"turns":3.0},{"damage":0.0,"enemies":"Cultist","floor":3.0,"turns":3.0},{"damage":5.0,"enemies":"2 Fungi Beasts","floor":4.0,"turns":3.0},{"damage":42.0,"enemies":"Gremlin Nob","floor":7.0,"turns":6.0},{"damage":1.0,"enemies":"Blue Slaver","floor":10.0,"turns":3.0},{"damage":7.0,"enemies":"Exordium Wildlife","floor":14.0,"turns":2.0},{"damage":27.0,"enemies":"The Guardian","floor":16.0,"turns":14.0},{"damage":15.0,"enemies":"Spheric Guardian","floor":18.0,"turns":4.0},{"damage":9,"enemies":"3 Byrds","floor":19,"turns":3},{"damage":2,"enemies":"Snecko","floor":20,"turns":5},{"damage":17,"enemies":"Colosseum Slavers","floor":22,"turns":5},{"damage":42,"enemies":"Gremlin Leader","floor":24,"turns":4}],"seed_played":"1003763332738028397","potions_obtained":[{"floor":1.0,"key":"LiquidBronze"},{"floor":3.0,"key":"Poison Potion"},{"floor":7.0,"key":"Explosive Potion"},{"floor":14.0,"key":"GamblersBrew"},{"floor":19,"key":"Block Potion"},{"floor":20,"key":"Explosive Potion"}],"is_trial":false,"path_per_floor":["M","M","M","M","?","R","E","$","T","M","R","T","R","M","R","B",null,"M","M","M","$","?","R","E"],"character_chosen":"DEFECT","items_purchased":["Cold Snap","Apotheosis"],"campfire_rested":3,"item_purchase_floors":[8,21],"current_hp_per_floor":[61,54,54,49,49,49,7,7,7,6,27,27,48,41,41,14,57,42,33,31,31,14,35,0],"gold":72,"neow_bonus":"HUNDRED_GOLD","is_prod":false,"is_daily":false,"chose_seed":false,"campfire_upgraded":2,"win_rate":0,"timestamp":1549891186,"path_taken":["M","M","M","M","?","R","E","$","T","M","R","?","R","M","R","BOSS","M","M","M","$","?","R","E"],"build_version":"2019-01-23","purchased_purges":1,"victory":false,"max_hp_per_floor":[71,71,71,71,71,71,71,71,71,71,71,71,71,71,71,71,71,71,71,71,71,71,71,71],"card_choices":[{"not_picked":["BootSequence","Redo"],"picked":"Consume","floor":1.0},{"not_picked":["Gash","Heatsinks"],"picked":"Genetic Algorithm","floor":2.0},{"not_picked":["Turbo","Barrage"],"picked":"Go for the Eyes","floor":3.0},{"not_picked":["Fusion","Turbo"],"picked":"Gash","floor":4.0},{"not_picked":["Storm","Consume"],"picked":"Streamline","floor":7.0},{"not_picked":["Rebound","Force Field"],"picked":"Gash","floor":10.0},{"not_picked":["Scrape","Sweeping Beam"],"picked":"Ball Lightning","floor":14.0},{"not_picked":["Seek","Amplify"],"picked":"Creative AI","floor":16.0},{"not_picked":["Chill","Glacier"],"picked":"Beam Cell","floor":17.0},{"not_picked":["Go for the Eyes","Compile Driver"],"picked":"Leap","floor":17.0},{"not_picked":["Redo","Turbo"],"picked":"Hologram","floor":17.0},{"not_picked":["Go for the Eyes","Reboot"],"picked":"Hologram","floor":17.0},{"not_picked":["Barrage","Streamline"],"picked":"Turbo+1","floor":18.0},{"not_picked":["Redo","Leap"],"picked":"Coolheaded","floor":19},{"not_picked":["White Noise","Steam Power"],"picked":"Stack","floor":20}],"player_experience":344674,"relics_obtained":[{"floor":7.0,"key":"Shuriken"},{"floor":9.0,"key":"Potion Belt"},{"floor":12.0,"key":"Letter Opener"}],"event_choices":[{"cards_removed":["Strike_B"],"damage_healed":0.0,"max_hp_gain":0.0,"max_hp_loss":0.0,"gold_gain":0.0,"event_name":"The Cleric","player_choice":"Card Removal","floor":5.0,"gold_loss":75.0,"damage_taken":0.0},{"damage_healed":0,"gold_gain":0,"player_choice":"Fight","damage_taken":0,"max_hp_gain":0,"max_hp_loss":0,"event_name":"Colosseum","floor":22,"gold_loss":0},{"damage_healed":0,"gold_gain":0,"player_choice":"Fled From Nobs","damage_taken":0,"max_hp_gain":0,"max_hp_loss":0,"event_name":"Colosseum","floor":22,"gold_loss":0}],"is_beta":false,"boss_relics":[{"not_picked":["Lizard Tail","Astrolabe"],"picked":"Orrery"}],"items_purged_floors":[8],"is_endless":false,"potions_floor_spawned":[1,3,7,14,19,20,22],"killed_by":"Gremlin Leader","ascension_level":16}