{"gold_per_floor":[119,136,152,168,168,200,162,162,233,251,251],"floor_reached":11,"playtime":315,"items_purged":[],"score":101,"play_id":"a6249cad-83a9-4fdc-a461-bb6ea1985a05","local_time":"20190205193452","is_ascension_mode":true,"campfire_choices":[{"floor":8,"key":"REST"}],"neow_cost":"NONE","seed_source_timestamp":19244292010440,"circlet_count":0,"master_deck":["Strike_B","Strike_B","Strike_B","Defend_B","Defend_B","Defend_B","Defend_B","Zap","Dualcast","Beam Cell","Genetic Algorithm","Stack","Gash","Sunder","Gash"],"relics":["Cracked Core","Du-Vu Doll","Question Card"],"potions_floor_usage":[6],"damage_taken":[{"damage":2,"enemies":"Jaw Worm","floor":1,"turns":3},{"damage":0,"enemies":"2 Louse","floor":2,"turns":1},{"damage":0,"enemies":"Small Slimes","floor":3,"turns":2},{"damage":1,"enemies":"2 Fungi Beasts","floor":4,"turns":4},{"damage":60,"enemies":"Gremlin Nob","floor":6,"turns":6},{"damage":0,"enemies":"Exordium Wildlife","floor":10,"turns":3},{"damage":28,"enemies":"Lagavulin","floor":11,"turns":3}],"seed_played":"1763226305791535655","potions_obtained":[{"floor":1,"key":"Ancient Potion"},{"floor":2,"key":"SkillPotion"}],"is_trial":false,"path_per_floor":["M","M","M","M","?","E","?","R","T","M","E"],"character_chosen":"DEFECT","items_purchased":[],"campfire_rested":1,"item_purchase_floors":[],"current_hp_per_floor":[66,66,66,65,65,5,5,27,27,27,0],"gold":251,"neow_bonus":"REMOVE_CARD","is_prod":false,"is_daily":false,"chose_seed":false,"campfire_upgraded":0,"win_rate":0,"timestamp":1549362892,"path_taken":["M","M","M","M","?","E","?","R","T","M","E"],"build_version":"2019-01-23","purchased_purges":0,"victory":false,"max_hp_per_floor":[75,75,75,75,75,75,75,75,75,75,75],"card_choices":[{"not_picked":["Aggregate","Doom and Gloom"],"picked":"Beam Cell","floor":1},{"not_picked":["Static Discharge","Beam Cell"],"picked":"Genetic Algorithm","floor":2},{"not_picked":["Undo","Recycle"],"picked":"Stack","floor":3},{"not_picked":["Redo","Go for the Eyes"],"picked":"Gash","floor":4},{"not_picked":["Turbo","Conserve Battery"],"picked":"Sunder","floor":6},{"not_picked":["Genetic Algorithm","Ball Lightning","Darkness"],"picked":"Gash","floor":10}],"player_experience":261795,"relics_obtained":[{"floor":6,"key":"Du-Vu Doll"},{"floor":9,"key":"Question Card"}],"event_choices":[{"damage_healed":0,"gold_gain":0,"player_choice":"Ignored","damage_taken":0,"max_hp_gain":0,"max_hp_loss":0,"event_name":"Golden Idol","floor":5,"gold_loss":0},{"damage_healed":0,"gold_gain":0,"player_choice":"Left Gold","damage_taken":0,"max_hp_gain":0,"max_hp_loss":0,"event_name":"World of Goop","floor":7,"gold_loss":38}],"is_beta":false,"boss_relics":[],"items_purged_floors":[],"is_endless":false,"potions_floor_spawned":[1,2],"killed_by":"Lagavulin","ascension_level":7}