{"gold_per_floor":[112,128,142,155,155,155,25,25,48,77,96,61,72,105,105,105],"floor_reached":16,"playtime":614,"items_purged":["Strike_R"],"score":224,"play_id":"be509cba-e792-4273-a795-376f16645c04","local_time":"20190201220358","is_ascension_mode":true,"campfire_choices":[{"data":"Iron Wave","floor":6,"key":"SMITH"},{"floor":8,"key":"REST"},{"data":"Cleave","floor":15,"key":"SMITH"}],"neow_cost":"NONE","seed_source_timestamp":1287559294830383,"circlet_count":0,"master_deck":["AscendersBane","Strike_R","Strike_R","Strike_R","Strike_R","Defend_R","Defend_R","Defend_R","Defend_R","Bash","Iron Wave+1","Disarm","Headbutt","Dual Wield","Cleave+1","Shrug It Off","Feed+1"],"relics":["Velvet Choker","Lantern","Boot","Molten Egg 2"],"potions_floor_usage":[4,10,14,14],"damage_taken":[{"damage":7,"enemies":"Small Slimes","floor":1,"turns":4},{"damage":2,"enemies":"2 Louse","floor":2,"turns":3},{"damage":4,"enemies":"Jaw Worm","floor":3,"turns":4},{"damage":11,"enemies":"Lots of Slimes","floor":4,"turns":6},{"damage":19,"enemies":"Lagavulin","floor":10,"turns":6},{"damage":6,"enemies":"3 Louse","floor":11,"turns":4},{"damage":1,"enemies":"2 Fungi Beasts","floor":13,"turns":3},{"damage":6,"enemies":"Gremlin Nob","floor":14,"turns":3},{"damage":36,"enemies":"Slime Boss","floor":16,"turns":7}],"seed_played":"6669495826950250705","potions_obtained":[{"floor":1,"key":"EssenceOfSteel"},{"floor":4,"key":"Strength Potion"},{"floor":11,"key":"Swift Potion"},{"floor":14,"key":"Ancient Potion"}],"is_trial":false,"path_per_floor":["M","M","M","M","?","R","$","R","T","E","M","?","M","E","R","B"],"character_chosen":"IRONCLAD","items_purchased":["Explosive Potion"],"campfire_rested":1,"item_purchase_floors":[7],"current_hp_per_floor":[61,59,55,44,44,44,44,66,66,47,41,41,40,34,34,0],"gold":105,"neow_bonus":"BOSS_RELIC","is_prod":false,"is_daily":false,"chose_seed":false,"campfire_upgraded":2,"win_rate":0,"timestamp":1549076638,"path_taken":["M","M","M","M","?","R","$","R","T","E","M","?","M","E","R","BOSS"],"build_version":"2019-01-23","purchased_purges":1,"victory":false,"max_hp_per_floor":[75,75,75,75,75,75,75,75,75,75,75,75,75,75,75,75],"card_choices":[{"not_picked":["Hemokinesis","Ghostly Armor"],"picked":"Iron Wave","floor":1},{"not_picked":["Warcry","Infernal Blade","Seeing Red"],"picked":"SKIP","floor":2},{"not_picked":["Feel No Pain","Entrench"],"picked":"Disarm","floor":3},{"not_picked":["Shrug It Off","Heavy Blade"],"picked":"Headbutt","floor":4},{"not_picked":["Flex","Feel No Pain"],"picked":"Dual Wield","floor":10},{"not_picked":["Twin Strike","Anger"],"picked":"Cleave","floor":11},{"not_picked":["Body Slam","Rampage"],"picked":"Shrug It Off","floor":13},{"not_picked":["Flame Barrier","Thunderclap"],"picked":"Feed","floor":14}],"player_experience":638673,"relics_obtained":[{"floor":9,"key":"Lantern"},{"floor":10,"key":"Boot"},{"floor":14,"key":"Molten Egg 2"}],"event_choices":[{"damage_healed":0,"gold_gain":0,"player_choice":"Fled","damage_taken":0,"max_hp_gain":0,"max_hp_loss":0,"event_name":"Scrap Ooze","floor":5,"gold_loss":0},{"damage_healed":0,"gold_gain":0,"player_choice":"Left Gold","damage_taken":0,"max_hp_gain":0,"max_hp_loss":0,"event_name":"World of Goop","floor":12,"gold_loss":35}],"is_beta":false,"boss_relics":[],"items_purged_floors":[7],"is_endless":false,"potions_floor_spawned":[1,4,11,14],"killed_by":"Slime Boss","ascension_level":20}