{"gold_per_floor":[212,227,1,20,20,20,48,48,48,48,58,133,33,67,67,164,164,174,154,140,150,170,197,197,227,227,227,227,227,247,88,88,191,191,203,216,216,216,227,253,253,0,0,30,30,41,53,71,71,71],"floor_reached":51,"playtime":3133,"items_purged":["Strike_G","Strike_G","Heel Hook"],"score":871,"play_id":"12bc4fd7-e2cb-46d3-b6a4-8fc5a22d8db4","local_time":"20190303011846","is_ascension_mode":true,"campfire_choices":[{"data":"Noxious Fumes","floor":6.0,"key":"SMITH"},{"data":"Masterful Stab","floor":8.0,"key":"SMITH"},{"floor":10.0,"key":"REST"},{"data":"Neutralize","floor":15.0,"key":"SMITH"},{"floor":24.0,"key":"REST"},{"data":"Wraith Form v2","floor":27.0,"key":"SMITH"},{"data":"After Image","floor":29.0,"key":"SMITH"},{"data":"Noxious Fumes","floor":32.0,"key":"SMITH"},{"floor":41.0,"key":"REST"},{"data":"Wraith Form v2","floor":45.0,"key":"SMITH"},{"data":"Dagger Spray","floor":49.0,"key":"SMITH"}],"neow_cost":"NONE","seed_source_timestamp":51083761130959,"circlet_count":0,"master_deck":["Defend_G","Defend_G+1","Defend_G","Defend_G","Defend_G","Strike_G","Strike_G","Strike_G","Survivor","Neutralize+1","Masterful Stab+1","Dagger Spray+1","Noxious Fumes+1","Backflip","Cloak And Dagger","Leg Sweep","After Image+1","Concentrate+1","PiercingWail+1","Bane+1","Setup+1","Wraith Form v2+1","Well Laid Plans","Noxious Fumes+1","Venomology","Bandage Up","Dodge and Roll","Wraith Form v2+1","Catalyst+1","Bouncing Flask+1"],"special_seed":0,"relics":["Ring of the Snake","Matryoshka","Letter Opener","Torii","Pantograph","Lizard Tail","Bag of Preparation","Blue Candle","Anchor","War Paint","Philosopher\u0027s Stone","Turnip","Red Mask","Darkstone Periapt","Potion Belt"],"potions_floor_usage":[50,50,50,50,50],"damage_taken":[{"damage":3.0,"enemies":"Cultist","floor":1.0,"turns":4.0},{"damage":2.0,"enemies":"Jaw Worm","floor":2.0,"turns":4.0},{"damage":2.0,"enemies":"2 Louse","floor":4.0,"turns":2.0},{"damage":26.0,"enemies":"Lagavulin","floor":7.0,"turns":9.0},{"damage":0.0,"enemies":"Red Slaver","floor":11.0,"turns":3.0},{"damage":14.0,"enemies":"3 Sentries","floor":14.0,"turns":6.0},{"damage":29.0,"enemies":"Slime Boss","floor":16.0,"turns":10.0},{"damage":1.0,"enemies":"Spheric Guardian","floor":18.0,"turns":6.0},{"damage":10.0,"enemies":"2 Thieves","floor":20.0,"turns":5.0},{"damage":17.0,"enemies":"Centurion and Healer","floor":21.0,"turns":10.0},{"damage":0.0,"enemies":"Shelled Parasite and Fungi","floor":22.0,"turns":8.0},{"damage":29.0,"enemies":"Gremlin Leader","floor":23.0,"turns":8.0},{"damage":6.0,"enemies":"Book of Stabbing","floor":25.0,"turns":7.0},{"damage":3.0,"enemies":"Snecko","floor":30.0,"turns":7.0},{"damage":15.0,"enemies":"Champ","floor":33.0,"turns":13.0},{"damage":0.0,"enemies":"3 Shapes","floor":35.0,"turns":6.0},{"damage":8.0,"enemies":"Orb Walker","floor":36.0,"turns":5.0},{"damage":30.0,"enemies":"Jaw Worm Horde","floor":39.0,"turns":6.0},{"damage":23.0,"enemies":"Nemesis","floor":40.0,"turns":11.0},{"damage":16.0,"enemies":"Reptomancer","floor":44.0,"turns":9.0},{"damage":0.0,"enemies":"Sphere and 2 Shapes","floor":46.0,"turns":5.0},{"damage":0.0,"enemies":"Spire Growth","floor":47.0,"turns":7.0},{"damage":7.0,"enemies":"Transient","floor":48.0,"turns":5.0},{"damage":71,"enemies":"Donu and Deca","floor":50,"turns":10}],"seed_played":"-3317613099173787502","potions_obtained":[{"floor":1.0,"key":"Energy Potion"},{"floor":14.0,"key":"Energy Potion"},{"floor":16.0,"key":"Strength Potion"},{"floor":19.0,"key":"Regen Potion"},{"floor":21.0,"key":"FearPotion"},{"floor":23.0,"key":"Weak Potion"},{"floor":25.0,"key":"PowerPotion"},{"floor":40.0,"key":"LiquidBronze"},{"floor":44.0,"key":"Weak Potion"},{"floor":46.0,"key":"PowerPotion"},{"floor":47.0,"key":"LiquidBronze"}],"is_trial":false,"path_per_floor":["M","M","$","M","$","R","E","R","T","R","M","?","$","E","R","B",null,"M","?","M","M","M","E","R","E","T","R","?","R","M","$","R","B",null,"M","M","?","?","M","E","R","?","T","E","R","M","M","M","R","B",null],"character_chosen":"THE_SILENT","items_purchased":["Noxious Fumes","Ancient Potion","Noxious Fumes"],"campfire_rested":3,"item_purchase_floors":[3,3,31],"current_hp_per_floor":[67,65,65,63,63,63,37,37,37,58,58,47,47,33,33,29,70,69,69,59,57,57,28,49,43,43,43,43,43,40,40,40,50,70,70,62,62,62,36,17,38,38,38,26,26,30,34,31,31,35],"gold":71,"neow_bonus":"HUNDRED_GOLD","is_prod":false,"is_daily":false,"chose_seed":false,"campfire_upgraded":8,"win_rate":0,"timestamp":1551543526,"path_taken":["M","?","$","M","?","R","E","R","T","R","M","?","?","E","R","BOSS","M","?","M","M","?","E","R","E","T","R","?","R","M","$","R","BOSS","M","M","?","?","M","E","R","?","T","E","R","?","M","M","R","BOSS"],"build_version":"2019-01-23","purchased_purges":3,"victory":true,"max_hp_per_floor":[70,70,70,70,70,70,70,70,70,70,70,70,70,70,70,70,70,70,70,70,70,70,70,70,70,70,70,70,70,70,70,70,70,70,70,70,70,70,70,70,70,70,70,70,70,70,70,70,70,70],"card_choices":[{"not_picked":["Concentrate","Dodge and Roll"],"picked":"Masterful Stab","floor":1.0},{"not_picked":["Flying Knee","Poisoned Stab"],"picked":"Dagger Spray","floor":2.0},{"not_picked":["Deflect","PiercingWail"],"picked":"Backflip","floor":4.0},{"not_picked":["Poisoned Stab","Deadly Poison"],"picked":"Cloak And Dagger","floor":7.0},{"not_picked":["Choke","Doppelganger","Sucker Punch"],"picked":"SKIP","floor":11.0},{"not_picked":["Flying Knee","Dagger Throw"],"picked":"Leg Sweep","floor":14.0},{"not_picked":["Die Die Die","Glass Knife"],"picked":"After Image","floor":16.0},{"not_picked":["Flying Knee","Dagger Throw"],"picked":"Concentrate+1","floor":18.0},{"not_picked":["Outmaneuver","Prepared"],"picked":"PiercingWail","floor":20.0},{"not_picked":["Slice","Quick Slash"],"picked":"Heel Hook","floor":21.0},{"not_picked":["Dagger Spray","Accuracy+1"],"picked":"Bane+1","floor":22.0},{"not_picked":["Poisoned Stab+1","Finisher"],"picked":"Setup+1","floor":23.0},{"not_picked":["Quick Slash","Outmaneuver+1"],"picked":"Wraith Form v2","floor":25.0},{"not_picked":["Bouncing Flask+1","Concentrate"],"picked":"Well Laid Plans","floor":30.0},{"not_picked":["Die Die Die","Unload"],"picked":"Venomology","floor":33.0},{"not_picked":["Slice+1","Underhanded Strike+1","Blade Dance"],"picked":"SKIP","floor":35.0},{"not_picked":["Dagger Throw","Dagger Spray","Blade Dance+1"],"picked":"SKIP","floor":36.0},{"not_picked":["Purity","Chrysalis"],"picked":"Bandage Up","floor":37.0},{"not_picked":["Acrobatics","Distraction+1"],"picked":"Dodge and Roll","floor":39.0},{"not_picked":["Dodge and Roll","Crippling Poison+1"],"picked":"Wraith Form v2","floor":40.0},{"not_picked":["Distraction","Well Laid Plans+1","Bullet Time"],"picked":"SKIP","floor":44.0},{"not_picked":["Dodge and Roll","Terror"],"picked":"Catalyst+1","floor":46.0},{"not_picked":["Sucker Punch","Slice+1"],"picked":"Bouncing Flask+1","floor":47.0},{"not_picked":["Concentrate+1","Predator+1","Calculated Gamble"],"picked":"SKIP","floor":48.0}],"player_experience":368602,"relics_obtained":[{"floor":7.0,"key":"Matryoshka"},{"floor":9.0,"key":"Letter Opener"},{"floor":9.0,"key":"Torii"},{"floor":14.0,"key":"Pantograph"},{"floor":23.0,"key":"Bag of Preparation"},{"floor":25.0,"key":"Blue Candle"},{"floor":26.0,"key":"Anchor"},{"floor":26.0,"key":"War Paint"},{"floor":40.0,"key":"Turnip"},{"floor":43.0,"key":"Darkstone Periapt"},{"floor":44.0,"key":"Potion Belt"}],"event_choices":[{"damage_healed":0.0,"max_hp_gain":0.0,"max_hp_loss":0.0,"gold_gain":75.0,"event_name":"World of Goop","player_choice":"Gather Gold","floor":12.0,"gold_loss":0.0,"damage_taken":11.0},{"damage_healed":0.0,"max_hp_gain":0.0,"max_hp_loss":0.0,"gold_gain":0.0,"event_name":"The Woman in Blue","player_choice":"Bought 1 Potion","floor":19.0,"gold_loss":0.0,"damage_taken":0.0},{"damage_healed":0.0,"max_hp_gain":0.0,"max_hp_loss":0.0,"gold_gain":0.0,"event_name":"Vampires","player_choice":"Ignored","floor":28.0,"gold_loss":0.0,"damage_taken":0.0},{"damage_healed":0.0,"max_hp_gain":0.0,"max_hp_loss":0.0,"gold_gain":0.0,"event_name":"SensoryStone","player_choice":"Memory 1","floor":37.0,"gold_loss":0.0,"damage_taken":0.0},{"damage_healed":0.0,"max_hp_gain":0.0,"max_hp_loss":0.0,"gold_gain":0.0,"event_name":"Mysterious Sphere","player_choice":"Ignored","floor":38.0,"gold_loss":0.0,"damage_taken":0.0},{"damage_healed":0.0,"max_hp_gain":0.0,"max_hp_loss":0.0,"gold_gain":0.0,"event_name":"Tomb of Lord Red Mask","player_choice":"Paid","floor":42.0,"gold_loss":253.0,"damage_taken":0.0,"relics_obtained":["Red Mask"]}],"is_beta":false,"boss_relics":[{"not_picked":["Pandora\u0027s Box","Snecko Eye"],"picked":"Lizard Tail"},{"not_picked":["Black Star","White Beast Statue"],"picked":"Philosopher\u0027s Stone"}],"items_purged_floors":[3,13,31],"is_endless":false,"potions_floor_spawned":[1,14,16,21,23,25,36,40,44,46,47,48],"ascension_level":4}