{"gold_per_floor":[110,128,56,72,22,48,60,60,60,60,60,87,87,103,103,103],"floor_reached":16,"playtime":519,"items_purged":[],"score":160,"play_id":"1c494ad7-efe0-4426-bf5f-ff26c1591cd5","local_time":"20190207203851","is_ascension_mode":true,"campfire_choices":[{"floor":8,"key":"REST"},{"data":"Defragment","floor":11,"key":"SMITH"},{"floor":15,"key":"REST"}],"neow_cost":"NONE","seed_source_timestamp":39666821804004,"circlet_count":0,"master_deck":["Strike_B","Strike_B","Defend_B","Defend_B","Defend_B","Defend_B","Zap","Dualcast","Go for the Eyes","Cold Snap","Defragment+1","Leap","Turbo","Tempest","Self Repair","Double Energy"],"relics":["Cracked Core","Mummified Hand","Bottled Tornado","Smiling Mask"],"potions_floor_usage":[6,16],"damage_taken":[{"damage":3,"enemies":"2 Louse","floor":1,"turns":3},{"damage":3,"enemies":"Jaw Worm","floor":2,"turns":4},{"damage":7,"enemies":"Small Slimes","floor":4,"turns":3},{"damage":26,"enemies":"Lagavulin","floor":6,"turns":7},{"damage":3,"enemies":"Red Slaver","floor":7,"turns":3},{"damage":19,"enemies":"3 Sentries","floor":12,"turns":6},{"damage":4,"enemies":"Exordium Wildlife","floor":14,"turns":5},{"damage":55,"enemies":"Hexaghost","floor":16,"turns":12}],"seed_played":"2073888668740815155","potions_obtained":[{"floor":2,"key":"SkillPotion"},{"floor":6,"key":"SteroidPotion"},{"floor":7,"key":"SpeedPotion"}],"is_trial":false,"path_per_floor":["M","M","$","M","?","E","M","R","T","$","R","E","?","M","R","B"],"character_chosen":"DEFECT","items_purchased":["Defragment"],"campfire_rested":2,"item_purchase_floors":[3],"current_hp_per_floor":[65,62,62,55,55,29,26,48,48,48,48,29,29,32,54,0],"gold":103,"neow_bonus":"REMOVE_CARD","is_prod":false,"is_daily":false,"chose_seed":false,"campfire_upgraded":1,"win_rate":0,"timestamp":1549539531,"path_taken":["M","M","$","M","?","E","M","R","T","?","R","E","?","?","R","BOSS"],"build_version":"2019-01-23","purchased_purges":0,"victory":false,"max_hp_per_floor":[75,75,75,75,75,75,75,75,75,75,75,75,75,75,75,75],"card_choices":[{"not_picked":["Steam","Scrape"],"picked":"Go for the Eyes","floor":1},{"not_picked":["Steam","Sweeping Beam"],"picked":"Cold Snap","floor":2},{"not_picked":["FTL","Aggregate"],"picked":"Leap","floor":4},{"not_picked":["Steam Power","Scrape"],"picked":"Turbo","floor":6},{"not_picked":["Sweeping Beam","Compile Driver"],"picked":"Tempest","floor":7},{"not_picked":["Go for the Eyes","Coolheaded"],"picked":"Self Repair","floor":12},{"not_picked":["Sunder","Machine Learning"],"picked":"Double Energy","floor":14}],"player_experience":286335,"relics_obtained":[{"floor":6,"key":"Mummified Hand"},{"floor":9,"key":"Bottled Tornado"},{"floor":12,"key":"Smiling Mask"}],"event_choices":[{"cards_removed":["Strike_B"],"damage_healed":0,"gold_gain":0,"player_choice":"Card Removal","damage_taken":0,"max_hp_gain":0,"max_hp_loss":0,"event_name":"The Cleric","floor":5,"gold_loss":50},{"damage_healed":0,"gold_gain":0,"player_choice":"Bought 0 Potions","damage_taken":0,"max_hp_gain":0,"max_hp_loss":0,"event_name":"The Woman in Blue","floor":13,"gold_loss":0}],"is_beta":false,"boss_relics":[],"items_purged_floors":[],"is_endless":false,"potions_floor_spawned":[2,6,7],"killed_by":"Hexaghost","ascension_level":9}