{"gold_per_floor":[10,24,35,54,65,65,99,99,181,209,174,174,174,174,174,250,250,250,250,250,250,175,175,175,175,175,175,90,90,90,15,15,15,15,15,15,15,15,15,15,15],"floor_reached":41,"playtime":1546,"items_purged":["Strike_G"],"score":734,"play_id":"ac63fbfe-eb52-470c-96aa-bfb35c0b7f17","local_time":"20190302201304","is_ascension_mode":true,"campfire_choices":[{"data":"Noxious Fumes","floor":6,"key":"SMITH"},{"data":"Neutralize","floor":8,"key":"SMITH"},{"data":"Glass Knife","floor":13,"key":"SMITH"},{"floor":15,"key":"REST"},{"data":"A Thousand Cuts","floor":23,"key":"SMITH"},{"data":"Skewer","floor":25,"key":"SMITH"},{"data":"Cloak And Dagger","floor":27,"key":"SMITH"},{"floor":32,"key":"REST"},{"data":"Cloak And Dagger","floor":40,"key":"SMITH"}],"neow_cost":"NO_GOLD","seed_source_timestamp":63792539603123,"circlet_count":0,"master_deck":["AscendersBane","Defend_G","Defend_G","Defend_G","Defend_G","Defend_G","Strike_G+1","Neutralize+1","Cloak And Dagger+1","Noxious Fumes+1","Skewer+1","Dash+1","Adrenaline","Glass Knife+1","A Thousand Cuts+1","Finisher","Night Terror","Cloak And Dagger+1","Normality","Normality"],"special_seed":0,"relics":["Ring of the Snake","Mango","Blood Vial","Tiny Chest","Shuriken","Pantograph","Ectoplasm","Boot","Snake Skull","Dream Catcher","Strawberry","Empty Cage"],"potions_floor_usage":[5,7,16,16,33,41,41],"damage_taken":[{"damage":7.0,"enemies":"Jaw Worm","floor":1.0,"turns":6.0},{"damage":0.0,"enemies":"Small Slimes","floor":2.0,"turns":6.0},{"damage":2.0,"enemies":"Cultist","floor":3.0,"turns":5.0},{"damage":3.0,"enemies":"Looter","floor":4.0,"turns":4.0},{"damage":1,"enemies":"2 Fungi Beasts","floor":5,"turns":3},{"damage":10,"enemies":"Lagavulin","floor":7,"turns":6},{"damage":23,"enemies":"3 Sentries","floor":10,"turns":8},{"damage":23,"enemies":"The Guardian","floor":16,"turns":10},{"damage":1,"enemies":"Spheric Guardian","floor":18,"turns":3},{"damage":2,"enemies":"Shell Parasite","floor":19,"turns":4},{"damage":8,"enemies":"Snecko","floor":21,"turns":4},{"damage":28,"enemies":"Book of Stabbing","floor":24,"turns":6},{"damage":0,"enemies":"Snake Plant","floor":29,"turns":4},{"damage":81,"enemies":"Collector","floor":33,"turns":8},{"damage":0,"enemies":"3 Shapes","floor":35,"turns":3},{"damage":9,"enemies":"Orb Walker","floor":37,"turns":3},{"damage":71,"enemies":"Giant Head","floor":41,"turns":7}],"seed_played":"-2114190080736844171","potions_obtained":[{"floor":2.0,"key":"GhostInAJar"},{"floor":3.0,"key":"Fire Potion"},{"floor":5,"key":"FearPotion"},{"floor":7,"key":"FearPotion"},{"floor":10,"key":"Weak Potion"},{"floor":24,"key":"GamblersBrew"},{"floor":33,"key":"Ancient Potion"},{"floor":37,"key":"Energy Potion"}],"is_trial":false,"path_per_floor":["M","M","M","M","M","R","E","R","T","E","?","T","R","?","R","B",null,"M","M","?","M","?","R","E","R","T","R","?","M","T","$","R","B",null,"M","?","M","?","$","R","E"],"character_chosen":"THE_SILENT","items_purchased":[],"campfire_rested":2,"item_purchase_floors":[],"current_hp_per_floor":[66,66,64,61,60,60,50,50,50,29,49,49,49,33,57,57,74,75,75,75,69,69,69,43,43,43,43,43,45,52,52,78,6,67,69,69,62,62,62,62,0],"gold":15,"neow_bonus":"ONE_RARE_RELIC","is_prod":false,"is_daily":false,"chose_seed":false,"campfire_upgraded":7,"win_rate":0,"timestamp":1551553984,"path_taken":["M","M","M","M","M","R","E","R","T","E","?","?","R","?","R","BOSS","M","M","?","?","?","R","E","R","T","R","?","M","?","$","R","BOSS","M","?","M","?","$","R","E"],"build_version":"2019-01-23","purchased_purges":1,"victory":false,"max_hp_per_floor":[80,80,80,80,80,80,80,80,80,80,80,80,80,80,80,80,80,80,80,80,80,80,80,80,80,80,80,80,80,87,87,87,87,87,87,87,87,87,87,87,87],"card_choices":[{"not_picked":["Prepared","Flying Knee"],"picked":"Cloak And Dagger","floor":1.0},{"not_picked":["Flying Knee","Quick Slash","Outmaneuver"],"picked":"SKIP","floor":2.0},{"not_picked":["Skewer","Backflip"],"picked":"Noxious Fumes","floor":3.0},{"not_picked":["Distraction","Prepared"],"picked":"Skewer","floor":4.0},{"not_picked":["Flechettes","Dodge and Roll"],"picked":"Dash","floor":5},{"not_picked":["Bouncing Flask","Finisher"],"picked":"Adrenaline","floor":7},{"not_picked":["Backflip","Slice"],"picked":"Glass Knife","floor":10},{"not_picked":["Venomology","Malaise"],"picked":"A Thousand Cuts","floor":16},{"not_picked":["Escape Plan+1","Slice","Deflect"],"picked":"SKIP","floor":18},{"not_picked":["Slice","Masterful Stab+1","Prepared"],"picked":"SKIP","floor":19},{"not_picked":["Cloak And Dagger","PiercingWail"],"picked":"Finisher","floor":21},{"not_picked":["Quick Slash","Setup","Distraction"],"picked":"SKIP","floor":24},{"not_picked":["Dash","Backflip","Blur+1"],"picked":"SKIP","floor":29},{"not_picked":["Phantasmal Killer","Envenom"],"picked":"Night Terror","floor":33},{"not_picked":["Tactician","Backstab"],"picked":"Cloak And Dagger","floor":35},{"not_picked":["Deflect","PiercingWail","Flying Knee"],"picked":"SKIP","floor":37}],"player_experience":727536,"relics_obtained":[{"floor":7,"key":"Blood Vial"},{"floor":9,"key":"Tiny Chest"},{"floor":10,"key":"Shuriken"},{"floor":12,"key":"Pantograph"},{"floor":24,"key":"Boot"},{"floor":26,"key":"Snake Skull"},{"floor":30,"key":"Strawberry"}],"event_choices":[{"damage_healed":20,"gold_gain":0,"player_choice":"Healed","damage_taken":0,"max_hp_gain":0,"max_hp_loss":0,"event_name":"The Cleric","floor":11,"gold_loss":35},{"damage_healed":0,"gold_gain":0,"player_choice":"Entered Light","damage_taken":16,"max_hp_gain":0,"max_hp_loss":0,"event_name":"Shining Light","floor":14,"gold_loss":0,"cards_upgraded":["Strike_G","Dash"]},{"damage_healed":0,"gold_gain":0,"player_choice":"Bought 0 Potions","damage_taken":0,"max_hp_gain":0,"max_hp_loss":0,"event_name":"The Woman in Blue","floor":20,"gold_loss":0},{"cards_removed":["Strike_G"],"damage_healed":0,"gold_gain":0,"player_choice":"Gave Gold","damage_taken":0,"max_hp_gain":0,"max_hp_loss":0,"event_name":"Beggar","floor":22,"gold_loss":75},{"damage_healed":0,"gold_gain":0,"player_choice":"Obtained Relic","damage_taken":0,"relics_obtained":["Dream Catcher"],"max_hp_gain":0,"max_hp_loss":0,"event_name":"Addict","floor":28,"gold_loss":85},{"damage_healed":0,"gold_gain":999,"player_choice":"Gold","damage_taken":0,"max_hp_gain":0,"max_hp_loss":0,"event_name":"MindBloom","floor":36,"gold_loss":0,"cards_obtained":["Normality","Normality"]},{"cards_removed":["Survivor"],"damage_healed":0,"gold_gain":0,"player_choice":"Removed Skill","damage_taken":0,"max_hp_gain":0,"max_hp_loss":0,"event_name":"Falling","floor":38,"gold_loss":0}],"is_beta":false,"boss_relics":[{"not_picked":["Busted Crown","Coffee Dripper"],"picked":"Ectoplasm"},{"not_picked":["Black Star","Eternal Feather"],"picked":"Empty Cage"}],"items_purged_floors":[31],"is_endless":false,"potions_floor_spawned":[2,3,5,7,10,24,33,37],"killed_by":"Giant Head","ascension_level":14}