{"gold_per_floor":[114,64,139,17,37,65,77,95,95,95,95,176,176,189,189,318,318,338,338,192,205,220,284,284,317,317,317,333,349,373,118,118,118],"floor_reached":33,"playtime":1407,"items_purged":["Strike_G","Strike_G"],"score":384,"play_id":"18a5c77a-8054-4744-97b4-e52cdf8532ee","local_time":"20181220140537","is_ascension_mode":true,"campfire_choices":[{"data":"Choke","floor":11,"key":"SMITH"},{"floor":13,"key":"REST"},{"data":"Neutralize","floor":15,"key":"SMITH"},{"floor":24,"key":"REST"},{"floor":27,"key":"REST"},{"data":"Accuracy","floor":32,"key":"SMITH"}],"neow_cost":"NONE","seed_source_timestamp":173106716078314,"circlet_count":0,"master_deck":["Defend_G","Defend_G","Defend_G","Defend_G","Defend_G","Strike_G","Strike_G","Survivor","Neutralize+1","Choke","Blade Dance","Choke+1","Cloak And Dagger","Die Die Die+1","Cloak And Dagger","Doppelganger","Cloak And Dagger","Deflect+1","Blade Dance","Cloak And Dagger+1","Accuracy+1","Leg Sweep","Deflect"],"relics":["Ring of the Snake","NeowsBlessing","Gremlin Horn","Molten Egg 2","Golden Idol","Centennial Puzzle","Sozu","Tiny Chest","Art of War","Paper Crane","Chemical X"],"potions_floor_usage":[12,12,16,16,16,16,16,33],"damage_taken":[{"damage":0,"enemies":"Small Slimes","floor":1,"turns":1},{"damage":0,"enemies":"2 Louse","floor":5,"turns":1},{"damage":0,"enemies":"Gremlin Nob","floor":6,"turns":1},{"damage":0,"enemies":"Jaw Worm","floor":7,"turns":3},{"damage":7,"enemies":"Exordium Wildlife","floor":8,"turns":2},{"damage":29,"enemies":"Gremlin Nob","floor":12,"turns":5},{"damage":5,"enemies":"Large Slime","floor":14,"turns":3},{"damage":35,"enemies":"The Guardian","floor":16,"turns":10},{"damage":6,"enemies":"Spheric Guardian","floor":18,"turns":3},{"damage":3,"enemies":"3 Byrds","floor":21,"turns":4},{"damage":12,"enemies":"Snake Plant","floor":22,"turns":2},{"damage":24,"enemies":"Gremlin Leader","floor":23,"turns":5},{"damage":16,"enemies":"Slavers","floor":25,"turns":5},{"damage":0,"enemies":"Chosen and Byrds","floor":28,"turns":3},{"damage":7,"enemies":"Centurion and Healer","floor":29,"turns":2},{"damage":7,"enemies":"Cultist and Chosen","floor":30,"turns":4},{"damage":37,"enemies":"Champ","floor":33,"turns":10}],"seed_played":"3555497629197804836","potions_obtained":[{"floor":6,"key":"Regen Potion"},{"floor":7,"key":"LiquidBronze"},{"floor":8,"key":"Weak Potion"},{"floor":14,"key":"EntropicBrew"},{"floor":16,"key":"GamblersBrew"}],"is_trial":false,"path_per_floor":["M","?","?","$","M","E","M","M","T","?","R","?","R","M","R","B",null,"M","?","$","M","M","E","R","E","T","R","M","M","M","$","R","B"],"character_chosen":"THE_SILENT","items_purchased":["Blade Dance","Cloak And Dagger","Chemical X","Deflect"],"campfire_rested":3,"item_purchase_floors":[4,20,31,31],"current_hp_per_floor":[70,70,59,59,59,59,59,52,52,35,35,20,41,36,36,1,70,64,64,64,61,49,25,46,30,30,51,51,44,37,37,37,0],"gold":118,"neow_bonus":"THREE_ENEMY_KILL","is_prod":false,"is_daily":false,"chose_seed":false,"campfire_upgraded":3,"win_rate":0,"timestamp":1545332737,"path_taken":["M","?","?","$","M","E","M","?","T","?","R","?","R","M","R","BOSS","M","?","$","M","?","E","R","E","T","R","M","M","M","$","R","BOSS"],"build_version":"2018-12-13","purchased_purges":2,"victory":false,"max_hp_per_floor":[70,70,70,70,70,70,70,70,70,70,70,70,70,70,70,70,70,70,70,70,70,70,70,70,70,70,70,70,70,70,70,70,70],"card_choices":[{"not_picked":["PiercingWail","Catalyst"],"picked":"Choke","floor":1},{"not_picked":["Endless Agony","Quick Slash"],"picked":"Choke","floor":5},{"not_picked":["Riddle With Holes","Crippling Poison","Acrobatics"],"picked":"SKIP","floor":6},{"not_picked":["Backstab","Outmaneuver","Masterful Stab"],"picked":"SKIP","floor":7},{"not_picked":["Catalyst","Quick Slash"],"picked":"Cloak And Dagger","floor":8},{"not_picked":["Endless Agony+1","Dagger Spray+1"],"picked":"Die Die Die+1","floor":12},{"not_picked":["Concentrate","Backflip"],"picked":"Cloak And Dagger","floor":14},{"not_picked":["Unload+1","Malaise"],"picked":"Doppelganger","floor":16},{"not_picked":["Flying Knee+1","Dagger Spray+1","Sucker Punch+1"],"picked":"SKIP","floor":18},{"not_picked":["Acrobatics","Flying Knee+1"],"picked":"Deflect+1","floor":21},{"not_picked":["Noxious Fumes","Poisoned Stab+1","Backflip"],"picked":"SKIP","floor":22},{"not_picked":["All Out Attack+1","Venomology","Prepared+1"],"picked":"SKIP","floor":23},{"not_picked":["Choke+1","Dash+1"],"picked":"Blade Dance","floor":25},{"not_picked":["Footwork","Sucker Punch+1"],"picked":"Cloak And Dagger+1","floor":28},{"not_picked":["Blur","Sucker Punch+1"],"picked":"Accuracy","floor":29},{"not_picked":["Prepared","All Out Attack+1"],"picked":"Leg Sweep","floor":30}],"player_experience":290014,"relics_obtained":[{"floor":6,"key":"Gremlin Horn"},{"floor":9,"key":"Molten Egg 2"},{"floor":12,"key":"Centennial Puzzle"},{"floor":23,"key":"Tiny Chest"},{"floor":25,"key":"Art of War"},{"floor":26,"key":"Paper Crane"}],"event_choices":[{"cards_removed":["Strike_G"],"damage_healed":0,"gold_gain":0,"player_choice":"Card Removal","damage_taken":0,"max_hp_gain":0,"max_hp_loss":0,"event_name":"The Cleric","floor":2,"gold_loss":50},{"damage_healed":0,"gold_gain":75,"player_choice":"Gather Gold","damage_taken":11,"max_hp_gain":0,"max_hp_loss":0,"event_name":"World of Goop","floor":3,"gold_loss":0},{"damage_healed":0,"gold_gain":0,"player_choice":"Take Damage","damage_taken":17,"relics_obtained":["Golden Idol"],"max_hp_gain":0,"max_hp_loss":0,"event_name":"Golden Idol","floor":10,"gold_loss":0},{"damage_healed":0,"gold_gain":0,"player_choice":"Searched \u00271\u0027 times","damage_taken":0,"max_hp_gain":0,"max_hp_loss":0,"event_name":"Dead Adventurer","floor":12,"gold_loss":0},{"damage_healed":0,"gold_gain":0,"player_choice":"Got Potions","damage_taken":0,"max_hp_gain":0,"max_hp_loss":0,"event_name":"Lab","floor":19,"gold_loss":0}],"is_beta":false,"boss_relics":[{"not_picked":["Velvet Choker","Runic Pyramid"],"picked":"Sozu"}],"items_purged_floors":[4,20],"is_endless":false,"potions_floor_spawned":[6,7,8,14,16,22,23,25,29,30],"killed_by":"Champ","ascension_level":3}