{"path_per_floor":["M","?","?","$","T","R","M","M","T","M","M","?","T","M","R","B",null,"M","M","$","M","?","R","E","$","T","?","M","$","M","E","R"],"character_chosen":"IRONCLAD","items_purchased":["Flash of Steel"],"gold_per_floor":[119,119,194,23,50,50,63,81,108,127,143,143,170,184,184,285,285,302,320,220,240,240,240,273,273,351,266,283,183,199,229,229,229],"floor_reached":33,"campfire_rested":2,"playtime":1237,"current_hp_per_floor":[72,72,61,61,61,61,67,72,72,69,66,66,66,70,70,66,72,66,65,65,53,40,65,44,44,44,44,52,52,46,12,37,0],"items_purged":["Strike_R","Strike_R","Strike_R"],"gold":229,"score":277,"play_id":"9297a0b7-a9f4-4934-993c-02d2b1feb77e","local_time":"20180421165003","is_prod":false,"is_daily":false,"chose_seed":false,"is_ascension_mode":false,"campfire_upgraded":2,"timestamp":1524354603,"path_taken":["M","?","?","?","?","R","M","M","T","M","M","?","?","M","R","BOSS","M","M","$","M","?","R","E","$","T","?","M","$","M","E","R","BOSS"],"build_version":"2018-04-19","seed_source_timestamp":924768961015145,"purchased_purges":3,"victory":false,"master_deck":["Defend_R","Defend_R+1","Defend_R+1","Bash+1","Flash of Steel+1","Rampage+1","Thunderclap+1"],"max_hp_per_floor":[72,72,72,72,72,72,72,72,72,72,72,72,72,72,72,72,72,72,72,72,72,77,77,77,77,77,77,77,77,77,77,77,77],"relics":["Burning Blood","Bag of Preparation","Orichalcum","Oddly Smooth Stone","Eternal Feather","Anchor","The Courier","Blood Vial","War Paint"],"card_choices":[{"not_picked":["Havoc","Anger"],"picked":"Thunderclap","floor":30}],"player_experience":111466,"potions_floor_usage":[16,16,21,24,24,31,33],"damage_taken":[{"damage":0,"enemies":"Small Slimes","floor":1,"turns":4},{"damage":0,"enemies":"Cultist","floor":7,"turns":2},{"damage":0,"enemies":"2 Louse","floor":8,"turns":2},{"damage":9,"enemies":"2 Fungi Beasts","floor":10,"turns":4},{"damage":9,"enemies":"Exordium Wildlife","floor":11,"turns":5},{"damage":2,"enemies":"Blue Slaver","floor":14,"turns":3},{"damage":10,"enemies":"Slime Boss","floor":16,"turns":6},{"damage":12,"enemies":"Spheric Guardian","floor":18,"turns":4},{"damage":7,"enemies":"Chosen","floor":19,"turns":4},{"damage":18,"enemies":"Snake Plant","floor":21,"turns":3},{"damage":27,"enemies":"Slavers","floor":24,"turns":4},{"damage":0,"enemies":"Cultist and Chosen","floor":28,"turns":4},{"damage":14,"enemies":"Sentry and Sphere","floor":30,"turns":4},{"damage":42,"enemies":"Gremlin Leader","floor":31,"turns":4},{"damage":45,"enemies":"Collector","floor":33,"turns":6}],"event_choices":[{"event_name":"Upgrade Shrine","player_choice":"Upgraded","floor":2,"damage_taken":0},{"event_name":"World of Goop","player_choice":"Gather Gold","floor":3,"damage_taken":0},{"event_name":"Transmorgrifier","player_choice":"Transform","floor":12,"damage_taken":0},{"event_name":"Forgotten Altar","player_choice":"Shed Blood","floor":22,"damage_taken":0},{"event_name":"Addict","player_choice":"Obtained Relic","floor":27,"damage_taken":0}],"boss_relics":[{"not_picked":["Calling Bell","Runic Cube"],"picked":"Eternal Feather"}],"potions_floor_spawned":[7,8,11,14,16,19,30,31],"seed_played":"-2390076940157447911","killed_by":"Collector","ascension_level":0,"is_trial":false}