{"gold_per_floor":[110,110,110,121,140,167,167,180,180,180,199,199,199,212,212,316,316,330,77,88,113,13,13,44,44,44,44,55,55,83,83,83,178,178,191,413,430,16,16,45,45,45,45,60,60,60,60],"floor_reached":47,"playtime":2437,"items_purged":["Strike_B","Strike_B","Defend_B"],"score":758,"play_id":"f29a7390-ac18-4583-aed9-102ecdf41ae0","local_time":"20190128124135","is_ascension_mode":true,"campfire_choices":[{"data":"Redo","floor":7.0,"key":"SMITH"},{"data":"Redo","floor":10.0,"key":"SMITH"},{"data":"Dualcast","floor":12.0,"key":"SMITH"},{"data":"Zap","floor":15.0,"key":"SMITH"},{"data":"Reboot","floor":23.0,"key":"SMITH"},{"data":"Chill","floor":25.0,"key":"SMITH"},{"data":"Recycle","floor":27.0,"key":"SMITH"},{"floor":32.0,"key":"REST"},{"floor":41,"key":"REST"},{"floor":46,"key":"RECALL"}],"neow_cost":"NONE","seed_source_timestamp":0,"circlet_count":0,"master_deck":["AscendersBane","Defend_B","Defend_B","Defend_B","Zap+1","Dualcast+1","Redo+1","Recycle+1","Cold Snap","Lockon","Electrodynamics","Redo+1","Compile Driver","Biased Cognition","Cold Snap","Reboot+1","Undo","Capacitor","FTL+1","Capacitor","Chill+1","Machine Learning","Amplify","Reboot","Self Repair","Fusion+1","Seek"],"special_seed":0,"relics":["Cracked Core","NeowsBlessing","Bronze Scales","Omamori","Black Star","DataDisk","Red Mask","Symbiotic Virus","Mango","Centennial Puzzle","Lantern","Necronomicon","White Beast Statue","Pantograph","Question Card","Bag of Preparation","Meat on the Bone","Smiling Mask"],"potions_floor_usage":[40,40,47,47],"damage_taken":[{"damage":0.0,"enemies":"2 Louse","floor":1.0,"turns":1.0},{"damage":0.0,"enemies":"Cultist","floor":4.0,"turns":1.0},{"damage":0.0,"enemies":"Jaw Worm","floor":5.0,"turns":1.0},{"damage":19.0,"enemies":"3 Sentries","floor":6.0,"turns":7.0},{"damage":7.0,"enemies":"Lots of Slimes","floor":8.0,"turns":3.0},{"damage":6.0,"enemies":"Looter","floor":11.0,"turns":2.0},{"damage":3.0,"enemies":"3 Louse","floor":14.0,"turns":2.0},{"damage":6.0,"enemies":"Hexaghost","floor":16.0,"turns":6.0},{"damage":1.0,"enemies":"3 Byrds","floor":18.0,"turns":2.0},{"damage":0.0,"enemies":"Shell Parasite","floor":20.0,"turns":3.0},{"damage":3.0,"enemies":"Masked Bandits","floor":21.0,"turns":3.0},{"damage":23.0,"enemies":"Gremlin Leader","floor":24.0,"turns":5.0},{"damage":0.0,"enemies":"Cultist and Chosen","floor":28.0,"turns":4.0},{"damage":6.0,"enemies":"Slavers","floor":30.0,"turns":5.0},{"damage":39.0,"enemies":"Automaton","floor":33.0,"turns":7.0},{"damage":23,"enemies":"3 Darklings","floor":35,"turns":3},{"damage":1,"enemies":"3 Shapes","floor":37,"turns":4},{"damage":34,"enemies":"Reptomancer","floor":40,"turns":6},{"damage":8,"enemies":"Writhing Mass","floor":44,"turns":3},{"damage":86,"enemies":"Giant Head","floor":47,"turns":7}],"seed_played":"-3248698267397069090","potions_obtained":[{"floor":5.0,"key":"Explosive Potion"},{"floor":6.0,"key":"FocusPotion"},{"floor":11.0,"key":"SpeedPotion"},{"floor":14.0,"key":"Block Potion"},{"floor":18.0,"key":"AttackPotion"},{"floor":20.0,"key":"EssenceOfSteel"},{"floor":24.0,"key":"PowerPotion"},{"floor":35,"key":"AttackPotion"},{"floor":37,"key":"SneckoOil"},{"floor":40,"key":"Explosive Potion"},{"floor":44,"key":"Poison Potion"}],"is_trial":false,"path_per_floor":["M","?","?","M","M","E","R","M","T","R","M","R","?","M","R","B",null,"M","$","M","?","$","R","E","R","T","R","M","?","E","?","R","B",null,"M","?","M","$","?","E","R","?","T","M","?","R","E"],"character_chosen":"DEFECT","items_purchased":["DataDisk","Capacitor","Self Repair","Pantograph"],"campfire_rested":2,"item_purchase_floors":[19,19,38,38],"current_hp_per_floor":[68,68,68,68,68,49,49,42,42,42,36,36,36,33,33,27,63,62,62,62,59,59,59,50,50,50,50,50,50,44,28,54,15,71,48,48,47,47,47,20,46,46,46,57,57,57,0],"gold":60,"neow_bonus":"THREE_ENEMY_KILL","is_prod":false,"is_daily":false,"chose_seed":false,"campfire_upgraded":7,"win_rate":0,"timestamp":1548697295,"path_taken":["M","?","?","M","?","E","R","M","T","R","M","R","?","M","R","BOSS","M","?","M","?","$","R","E","R","T","R","M","?","E","?","R","BOSS","M","?","M","$","?","E","R","?","T","M","?","R","E"],"build_version":"2019-01-23","purchased_purges":3,"victory":false,"max_hp_per_floor":[75,75,75,75,75,75,75,75,75,75,75,75,75,75,75,75,75,75,75,75,75,75,75,89,89,89,89,89,89,89,89,89,89,89,89,89,89,89,89,89,89,89,89,89,89,89,89],"card_choices":[{"not_picked":["Go for the Eyes","Leap"],"picked":"Redo","floor":1.0},{"not_picked":["Hologram","Hello World"],"picked":"Cold Snap","floor":4.0},{"not_picked":["Barrage","Double Energy"],"picked":"Lockon","floor":5.0},{"not_picked":["Stack","Hello World"],"picked":"Electrodynamics","floor":6.0},{"not_picked":["Genetic Algorithm","Conserve Battery"],"picked":"Redo","floor":8.0},{"not_picked":["Barrage","Heatsinks"],"picked":"Compile Driver","floor":11.0},{"not_picked":["Stack","Sunder"],"picked":"Cold Snap","floor":14.0},{"not_picked":["Electrodynamics","Thunder Strike"],"picked":"Reboot","floor":16.0},{"not_picked":["Leap+1","Beam Cell+1"],"picked":"Undo","floor":18.0},{"not_picked":["Barrage","Leap"],"picked":"FTL+1","floor":20.0},{"not_picked":["Streamline","Fusion"],"picked":"Capacitor","floor":21.0},{"not_picked":["Turbo","Steam+1"],"picked":"Chill","floor":24.0},{"not_picked":["Tempest","Aggregate"],"picked":"Machine Learning","floor":28.0},{"not_picked":["Steam","Cold Snap"],"picked":"Amplify","floor":30.0},{"not_picked":["Machine Learning","Hyperbeam"],"picked":"Reboot","floor":33.0},{"not_picked":["Darkness","Rebound"],"picked":"Ball Lightning+1","floor":35},{"not_picked":["Ball Lightning+1","Go for the Eyes","Lockon"],"picked":"SKIP","floor":37},{"not_picked":["Melter","FTL"],"picked":"Fusion+1","floor":40},{"not_picked":["Beam Cell+1","Conserve Battery","Chill+1"],"picked":"Seek","floor":44}],"player_experience":521868,"relics_obtained":[{"floor":6.0,"key":"Bronze Scales"},{"floor":9.0,"key":"Omamori"},{"floor":21.0,"key":"Red Mask"},{"floor":24.0,"key":"Symbiotic Virus"},{"floor":24.0,"key":"Mango"},{"floor":30.0,"key":"Centennial Puzzle"},{"floor":30.0,"key":"Lantern"},{"floor":31.0,"key":"Necronomicon"},{"floor":40,"key":"Question Card"},{"floor":40,"key":"Bag of Preparation"},{"floor":43,"key":"Meat on the Bone"},{"floor":45,"key":"Smiling Mask"}],"event_choices":[{"damage_healed":0.0,"max_hp_gain":0.0,"max_hp_loss":0.0,"gold_gain":0.0,"cards_transformed":["Strike_B"],"event_name":"Living Wall","player_choice":"Change","floor":2.0,"gold_loss":0.0,"damage_taken":0.0,"cards_obtained":["Recycle"]},{"cards_removed":["Strike_B"],"damage_healed":0.0,"max_hp_gain":0.0,"max_hp_loss":0.0,"gold_gain":0.0,"event_name":"Purifier","player_choice":"Purged","floor":3.0,"gold_loss":0.0,"damage_taken":0.0},{"damage_healed":0.0,"max_hp_gain":0.0,"max_hp_loss":0.0,"gold_gain":0.0,"event_name":"Match and Keep!","player_choice":"1 cards matched","floor":13.0,"gold_loss":0.0,"damage_taken":0.0,"cards_obtained":["Biased Cognition"]},{"damage_healed":0.0,"max_hp_gain":0.0,"max_hp_loss":0.0,"gold_gain":0.0,"event_name":"Masked Bandits","player_choice":"Fought Bandits","floor":21.0,"gold_loss":0.0,"damage_taken":0.0},{"damage_healed":0.0,"max_hp_gain":0.0,"max_hp_loss":0.0,"gold_gain":0.0,"event_name":"The Mausoleum","player_choice":"Ignored","floor":29.0,"gold_loss":0.0,"damage_taken":0.0},{"damage_healed":0.0,"max_hp_gain":0.0,"max_hp_loss":0.0,"gold_gain":0.0,"event_name":"Cursed Tome","player_choice":"Obtained Book","floor":31.0,"gold_loss":0.0,"damage_taken":16.0},{"damage_healed":0,"gold_gain":222,"player_choice":"Wore Mask","damage_taken":0,"max_hp_gain":0,"max_hp_loss":0,"event_name":"Tomb of Lord Red Mask","floor":36,"gold_loss":0},{"damage_healed":0,"gold_gain":0,"player_choice":"Ignored","damage_taken":0,"max_hp_gain":0,"max_hp_loss":0,"event_name":"Mysterious Sphere","floor":39,"gold_loss":0},{"cards_removed":["Ball Lightning"],"damage_healed":0,"gold_gain":0,"player_choice":"Removed Attack","damage_taken":0,"max_hp_gain":0,"max_hp_loss":0,"event_name":"Falling","floor":42,"gold_loss":0},{"damage_healed":0,"gold_gain":0,"player_choice":"Relic","damage_taken":0,"max_hp_gain":0,"max_hp_loss":0,"event_name":"Wheel of Change","floor":45,"gold_loss":0}],"is_beta":false,"boss_relics":[{"not_picked":["Lizard Tail","Empty Cage"],"picked":"Black Star"},{"not_picked":["Pandora\u0027s Box","Velvet Choker"],"picked":"White Beast Statue"}],"items_purged_floors":[19,22,38],"is_endless":false,"potions_floor_spawned":[5,6,11,14,18,20,24,35,37,40,44],"killed_by":"Giant Head","ascension_level":11}