{"gold_per_floor":[115,115,40,58,58,58,98,98,98,111,134,134],"floor_reached":12,"playtime":258,"items_purged":["Strike_R"],"score":180,"play_id":"943f0092-b3fc-4af8-bef0-efa2ec73bbb4","local_time":"20190226095712","is_ascension_mode":true,"campfire_choices":[{"data":"Bash","floor":6,"key":"SMITH"},{"data":"Defend_R","floor":8,"key":"SMITH"}],"neow_cost":"NONE","seed_source_timestamp":525929144627076,"circlet_count":0,"master_deck":["AscendersBane","Strike_R","Strike_R","Strike_R","Defend_R+1","Defend_R","Defend_R","Defend_R","Bash+1","Uppercut","Body Slam"],"relics":["Burning Blood","NeowsBlessing","Golden Idol","Ornamental Fan","Pear"],"potions_floor_usage":[],"damage_taken":[{"damage":0,"enemies":"Small Slimes","floor":1,"turns":1},{"damage":0,"enemies":"2 Louse","floor":4,"turns":1},{"damage":0,"enemies":"3 Sentries","floor":7,"turns":2},{"damage":0,"enemies":"Jaw Worm","floor":10,"turns":4},{"damage":55,"enemies":"Gremlin Gang","floor":11,"turns":10},{"damage":26,"enemies":"Gremlin Nob","floor":12,"turns":3}],"seed_played":"-7709423074556348656","potions_obtained":[{"floor":7,"key":"LiquidBronze"}],"is_trial":false,"path_per_floor":["M","?","$","M","?","R","E","R","T","M","M","E"],"character_chosen":"IRONCLAD","items_purchased":[],"campfire_rested":0,"item_purchase_floors":[],"current_hp_per_floor":[74,67,67,73,47,47,53,53,63,69,20,0],"gold":134,"neow_bonus":"THREE_ENEMY_KILL","is_prod":false,"is_daily":false,"chose_seed":false,"campfire_upgraded":2,"win_rate":0,"timestamp":1551203832,"path_taken":["M","?","$","M","?","R","E","R","T","M","M","E"],"build_version":"2019-01-23","purchased_purges":1,"victory":false,"max_hp_per_floor":[75,75,75,75,75,75,75,75,85,85,85,85],"card_choices":[{"not_picked":["Thunderclap","Havoc","Warcry"],"picked":"SKIP","floor":1},{"not_picked":["Flex","Perfected Strike","Clash"],"picked":"SKIP","floor":4},{"not_picked":["Thunderclap","Reckless Charge","Twin Strike"],"picked":"SKIP","floor":7},{"not_picked":["Iron Wave","Blood for Blood"],"picked":"Uppercut","floor":10},{"not_picked":["Hemokinesis","Entrench"],"picked":"Body Slam","floor":11}],"player_experience":531247,"relics_obtained":[{"floor":7,"key":"Ornamental Fan"},{"floor":9,"key":"Pear"}],"event_choices":[{"cards_removed":["Strike_R"],"damage_healed":0,"gold_gain":0,"player_choice":"Card Removal","damage_taken":7,"max_hp_gain":0,"max_hp_loss":0,"event_name":"Golden Wing","floor":2,"gold_loss":0},{"damage_healed":0,"gold_gain":0,"player_choice":"Take Damage","damage_taken":26,"relics_obtained":["Golden Idol"],"max_hp_gain":0,"max_hp_loss":0,"event_name":"Golden Idol","floor":5,"gold_loss":0}],"is_beta":false,"boss_relics":[],"items_purged_floors":[3],"is_endless":false,"potions_floor_spawned":[7],"killed_by":"Gremlin Nob","ascension_level":15}