{"gold_per_floor":[111,129,129,129,143,186,186,211,211,211,229,242,66,82,82,207,207,198,28,42,42,42,81,94,142,188,188,206,24,24,43,43,162,162,181,204,204,57,81,81,81,95,118,139,472,472,14,32,32,32],"floor_reached":51,"playtime":2466,"items_purged":["Strike_B","Strike_B"],"score":814,"play_id":"4360f8fe-26cc-45ad-9a01-431b3bad8240","local_time":"20190107111745","is_ascension_mode":true,"campfire_choices":[{"data":"Rainbow","floor":7,"key":"SMITH"},{"floor":10,"key":"REST"},{"floor":15,"key":"REST"},{"data":"Apotheosis","floor":27,"key":"SMITH"},{"floor":32,"key":"REST"},{"floor":40,"key":"REST"},{"floor":46,"key":"REST"},{"floor":49,"key":"REST"}],"neow_cost":"NONE","seed_source_timestamp":1498959973999244,"circlet_count":0,"master_deck":["Strike_B","Strike_B","Defend_B","Defend_B","Defend_B","Zap","Dualcast","Double Energy","Fusion","Rainbow+1","Coolheaded","Coolheaded","Turbo","Cold Snap","Cold Snap","Apotheosis+1","Lockon","Seek","Streamline","Turbo","Conserve Battery","Coolheaded","Blizzard+1","Capacitor","Defragment","Meteor Strike","Capacitor","Loop","Stack","Blizzard","Parasite","Stack+1","Tempest+1","Reinforced Body","Redo"],"relics":["Cracked Core","NeowsBlessing","Pocketwatch","Bird Faced Urn","Inserter","DataDisk","Dodecahedron","Bronze Scales","Dream Catcher","Art of War","Runic Dome","Ancient Tea Set","Emotion Chip"],"potions_floor_usage":[16,16,23,30,31,33,42,50,50],"damage_taken":[{"damage":0,"enemies":"Cultist","floor":1,"turns":1},{"damage":0,"enemies":"2 Louse","floor":2,"turns":1},{"damage":0,"enemies":"Jaw Worm","floor":5,"turns":1},{"damage":37,"enemies":"Lagavulin","floor":6,"turns":8},{"damage":3,"enemies":"Large Slime","floor":8,"turns":5},{"damage":18,"enemies":"Gremlin Gang","floor":11,"turns":4},{"damage":6,"enemies":"Looter","floor":12,"turns":3},{"damage":13,"enemies":"3 Louse","floor":14,"turns":3},{"damage":6,"enemies":"The Guardian","floor":16,"turns":7},{"damage":25,"enemies":"2 Thieves","floor":18,"turns":4},{"damage":2,"enemies":"3 Byrds","floor":20,"turns":4},{"damage":14,"enemies":"Slavers","floor":23,"turns":5},{"damage":2,"enemies":"Shelled Parasite and Fungi","floor":24,"turns":5},{"damage":13,"enemies":"Centurion and Healer","floor":28,"turns":8},{"damage":0,"enemies":"Snake Plant","floor":31,"turns":3},{"damage":13,"enemies":"Champ","floor":33,"turns":10},{"damage":14,"enemies":"3 Shapes","floor":35,"turns":6},{"damage":10,"enemies":"Orb Walker","floor":36,"turns":4},{"damage":47,"enemies":"3 Darklings","floor":39,"turns":5},{"damage":55,"enemies":"Transient","floor":42,"turns":5},{"damage":7,"enemies":"Writhing Mass","floor":44,"turns":7},{"damage":0,"enemies":"Sphere and 2 Shapes","floor":48,"turns":5},{"damage":31,"enemies":"Time Eater","floor":50,"turns":9}],"seed_played":"8198451381553084643","potions_obtained":[{"floor":1,"key":"Fire Potion"},{"floor":5,"key":"FairyPotion"},{"floor":12,"key":"Strength Potion"},{"floor":18,"key":"FocusPotion"},{"floor":23,"key":"Block Potion"},{"floor":28,"key":"Fire Potion"},{"floor":30,"key":"Fruit Juice"},{"floor":30,"key":"AttackPotion"},{"floor":31,"key":"FocusPotion"},{"floor":36,"key":"Strength Potion"},{"floor":39,"key":"PowerPotion"},{"floor":44,"key":"Weak Potion"}],"is_trial":false,"path_per_floor":["M","M","?","?","M","E","R","M","T","R","M","M","$","M","R","B",null,"M","$","M","$","?","E","M","T","T","R","M","$","?","M","R","B",null,"M","M","?","$","M","R","?","M","T","M","?","R","$","M","R","B",null],"character_chosen":"DEFECT","items_purchased":["Apotheosis","DataDisk","Turbo","Art of War","Capacitor","Loop","Emotion Chip","FearPotion"],"campfire_rested":6,"item_purchase_floors":[13,19,19,29,29,38,47,47],"current_hp_per_floor":[75,75,69,69,69,32,32,29,29,49,31,25,25,12,32,26,69,44,44,42,42,42,28,26,26,26,26,13,13,18,18,40,31,74,64,56,56,56,13,35,35,7,7,6,6,28,28,36,58,37],"gold":32,"neow_bonus":"THREE_ENEMY_KILL","is_prod":false,"is_daily":false,"chose_seed":false,"campfire_upgraded":2,"win_rate":0,"timestamp":1546877865,"path_taken":["M","?","?","?","M","E","R","M","T","R","M","M","$","M","R","BOSS","M","$","?","?","?","E","M","?","T","R","M","$","?","M","R","BOSS","M","?","?","$","M","R","?","?","T","M","?","R","$","M","R","BOSS"],"build_version":"2019-01-03v4","purchased_purges":2,"victory":true,"max_hp_per_floor":[75,75,69,69,69,69,69,69,69,69,69,69,69,69,69,69,69,69,69,69,69,69,69,69,69,69,69,69,69,74,74,74,74,74,74,74,74,74,74,74,74,74,74,74,74,74,74,74,74,74],"card_choices":[{"not_picked":["Sweeping Beam","Aggregate"],"picked":"Double Energy","floor":1},{"not_picked":["Ball Lightning","Coolheaded"],"picked":"Fusion","floor":2},{"not_picked":["Static Discharge","Aggregate"],"picked":"Coolheaded","floor":5},{"not_picked":["Auto Shields","Reprogram"],"picked":"Coolheaded","floor":6},{"not_picked":["Auto Shields","Leap"],"picked":"Turbo","floor":8},{"not_picked":["Genetic Algorithm","Lockon"],"picked":"Cold Snap","floor":11},{"not_picked":["Genetic Algorithm","Compile Driver"],"picked":"Cold Snap","floor":12},{"not_picked":["Rebound","Reinforced Body"],"picked":"Lockon","floor":14},{"not_picked":["Thunder Strike","Reboot"],"picked":"Seek","floor":16},{"not_picked":["Skim","Scrape"],"picked":"Streamline","floor":18},{"not_picked":["Beam Cell+1","Stack"],"picked":"Conserve Battery","floor":20},{"not_picked":["Steam","Compile Driver"],"picked":"Coolheaded","floor":23},{"not_picked":["Steam Power+1","Gash+1","Leap"],"picked":"SKIP","floor":24},{"not_picked":["Cold Snap","Darkness"],"picked":"Blizzard+1","floor":28},{"not_picked":["Scrape+1","Melter"],"picked":"Defragment","floor":31},{"not_picked":["Rainbow","Creative AI"],"picked":"Meteor Strike","floor":33},{"not_picked":["Steam+1","Streamline+1","Recycle+1"],"picked":"SKIP","floor":35},{"not_picked":["Beam Cell","Heatsinks"],"picked":"Capacitor","floor":36},{"not_picked":["Barrage","Gash"],"picked":"Stack","floor":39},{"not_picked":["Steam","Streamline"],"picked":"Blizzard","floor":40},{"not_picked":["Heatsinks+1","Hello World+1","Go for the Eyes"],"picked":"SKIP","floor":42},{"not_picked":["Conserve Battery","Turbo"],"picked":"Stack+1","floor":44},{"not_picked":["Reprogram+1","Cold Snap+1"],"picked":"Tempest+1","floor":46},{"not_picked":["Biased Cognition","Rebound"],"picked":"Reinforced Body","floor":48},{"not_picked":["Reprogram+1","Sweeping Beam"],"picked":"Redo","floor":49}],"player_experience":331043,"relics_obtained":[{"floor":6,"key":"Pocketwatch"},{"floor":9,"key":"Bird Faced Urn"},{"floor":23,"key":"Dodecahedron"},{"floor":25,"key":"Bronze Scales"},{"floor":26,"key":"Dream Catcher"},{"floor":43,"key":"Ancient Tea Set"}],"event_choices":[{"damage_healed":0,"gold_gain":0,"player_choice":"Lose Max HP","damage_taken":0,"relics_obtained":["Golden Idol"],"max_hp_gain":0,"max_hp_loss":6,"event_name":"Golden Idol","floor":3,"gold_loss":0},{"damage_healed":0,"gold_gain":0,"player_choice":"1 cards matched","damage_taken":0,"max_hp_gain":0,"max_hp_loss":0,"event_name":"Match and Keep!","floor":4,"gold_loss":0,"cards_obtained":["Rainbow"]},{"damage_healed":0,"gold_gain":0,"player_choice":"Ignored","damage_taken":0,"max_hp_gain":0,"max_hp_loss":0,"event_name":"Cursed Tome","floor":22,"gold_loss":0},{"damage_healed":0,"gold_gain":0,"player_choice":"Got Potions","damage_taken":0,"max_hp_gain":0,"max_hp_loss":0,"event_name":"Lab","floor":30,"gold_loss":0},{"cards_removed":["Defend_B"],"damage_healed":0,"gold_gain":0,"player_choice":"Removed Skill","damage_taken":0,"max_hp_gain":0,"max_hp_loss":0,"event_name":"Falling","floor":37,"gold_loss":0},{"damage_healed":0,"gold_gain":0,"player_choice":"Bought 0 Potions","damage_taken":0,"max_hp_gain":0,"max_hp_loss":0,"event_name":"The Woman in Blue","floor":41,"gold_loss":0},{"damage_healed":0,"gold_gain":333,"player_choice":"Gave Idol","damage_taken":0,"max_hp_gain":0,"max_hp_loss":0,"event_name":"The Moai Head","floor":45,"relics_lost":["Golden Idol"],"gold_loss":0}],"is_beta":false,"boss_relics":[{"not_picked":["Nuclear Battery","Black Star"],"picked":"Inserter"},{"not_picked":["Astrolabe","Fusion Hammer"],"picked":"Runic Dome"}],"items_purged_floors":[38,47],"is_endless":false,"potions_floor_spawned":[1,5,12,14,18,23,28,31,36,39,44,48],"ascension_level":3}