{"gold_per_floor":[117,267,282,297,297,297,332,332,332,332,344,344,356,431,431,431],"floor_reached":16,"playtime":602,"items_purged":[],"score":185,"play_id":"c0a3b9ad-df3e-42f4-a55a-3bbb443f6cd0","local_time":"20190302205954","is_ascension_mode":true,"campfire_choices":[{"data":"Well Laid Plans","floor":6,"key":"SMITH"},{"floor":8,"key":"REST"},{"data":"Predator","floor":10,"key":"SMITH"},{"data":"Storm of Steel","floor":12,"key":"SMITH"},{"floor":15,"key":"REST"}],"neow_cost":"NONE","seed_source_timestamp":220284750342477,"circlet_count":0,"master_deck":["AscendersBane","Defend_G","Defend_G","Defend_G","Defend_G","Defend_G","Strike_G","Strike_G","Strike_G","Strike_G","Strike_G","Survivor","Neutralize+1","Predator+1","Doubt","Well Laid Plans+1","Storm of Steel+1","Cloak And Dagger"],"special_seed":0,"relics":["Lizard Tail","Dodecahedron","Mummified Hand"],"potions_floor_usage":[7,16],"damage_taken":[{"damage":8.0,"enemies":"Jaw Worm","floor":1.0,"turns":8.0},{"damage":3,"enemies":"Small Slimes","floor":3,"turns":3},{"damage":0,"enemies":"Cultist","floor":4,"turns":4},{"damage":20,"enemies":"3 Sentries","floor":7,"turns":7},{"damage":6,"enemies":"Looter","floor":11,"turns":4},{"damage":8,"enemies":"Blue Slaver","floor":13,"turns":6},{"damage":42,"enemies":"Hexaghost","floor":16,"turns":12}],"seed_played":"3673447939830629170","potions_obtained":[{"floor":1.0,"key":"Explosive Potion"},{"floor":11,"key":"Strength Potion"},{"floor":13,"key":"Ancient Potion"}],"is_trial":false,"path_per_floor":["M","?","M","M","?","R","E","R","T","R","M","R","M","?","R","B"],"character_chosen":"THE_SILENT","items_purchased":[],"campfire_rested":2,"item_purchase_floors":[],"current_hp_per_floor":[51,51,48,48,48,48,28,47,47,47,41,41,33,22,41,33],"gold":431,"neow_bonus":"BOSS_RELIC","is_prod":false,"is_daily":false,"chose_seed":false,"campfire_upgraded":3,"win_rate":0,"timestamp":1551589194,"path_taken":["M","?","M","M","?","R","E","R","T","R","?","R","M","?","R","BOSS"],"build_version":"2019-01-23","purchased_purges":0,"victory":false,"max_hp_per_floor":[66,66,66,66,66,66,66,66,66,66,66,66,66,66,66,66],"card_choices":[{"not_picked":["Choke","Dagger Throw"],"picked":"Predator","floor":1.0},{"not_picked":["Dagger Spray","Prepared","Outmaneuver"],"picked":"SKIP","floor":3},{"not_picked":["Acrobatics","Underhanded Strike"],"picked":"Well Laid Plans","floor":4},{"not_picked":["Prepared","Quick Slash","Accuracy"],"picked":"SKIP","floor":7},{"not_picked":["Flying Knee","Eviscerate"],"picked":"Storm of Steel","floor":11},{"not_picked":["PiercingWail","Masterful Stab"],"picked":"Cloak And Dagger","floor":13}],"player_experience":587366,"relics_obtained":[{"floor":7,"key":"Dodecahedron"},{"floor":9,"key":"Mummified Hand"}],"event_choices":[{"damage_healed":0.0,"max_hp_gain":0.0,"max_hp_loss":0.0,"gold_gain":150.0,"event_name":"Liars Game","player_choice":"AGREE","floor":2.0,"gold_loss":0.0,"damage_taken":0.0,"cards_obtained":["Doubt"]},{"damage_healed":0,"gold_gain":0,"player_choice":"Upgraded","damage_taken":0,"max_hp_gain":0,"max_hp_loss":0,"event_name":"Upgrade Shrine","floor":5,"gold_loss":0,"cards_upgraded":["Neutralize"]},{"damage_healed":0,"gold_gain":75,"player_choice":"Gather Gold","damage_taken":11,"max_hp_gain":0,"max_hp_loss":0,"event_name":"World of Goop","floor":14,"gold_loss":0}],"is_beta":false,"boss_relics":[],"items_purged_floors":[],"is_endless":false,"potions_floor_spawned":[1,11,13],"killed_by":"Hexaghost","ascension_level":17}