{"gold_per_floor":[116,127,127,140,54,54,72,85,85,85,115,142,154,191,203,215],"floor_reached":16,"playtime":1211,"items_purged":[],"score":208,"play_id":"5951c896-acdb-413c-aba8-d05ebc6c79ff","local_time":"20190304231731","is_ascension_mode":true,"campfire_choices":[{"data":"Sucker Punch","floor":6,"key":"SMITH"},{"floor":15,"key":"REST"}],"neow_cost":"NONE","seed_source_timestamp":3523839503328952,"circlet_count":0,"master_deck":["AscendersBane","Defend_G","Defend_G","Defend_G","Defend_G","Defend_G","Strike_G","Strike_G","Strike_G","Strike_G","Survivor","Neutralize+1","Sucker Punch+1","Cloak And Dagger","Blade Dance","Well Laid Plans","Cloak And Dagger","Doppelganger","Poisoned Stab","Injury","Leg Sweep"],"relics":["Ring of the Snake","Snake Skull","MawBank","Golden Idol"],"potions_floor_usage":[11,16,16],"damage_taken":[{"damage":2,"enemies":"Jaw Worm","floor":1,"turns":6},{"damage":0,"enemies":"Cultist","floor":2,"turns":4},{"damage":1,"enemies":"Small Slimes","floor":4,"turns":4},{"damage":4,"enemies":"2 Fungi Beasts","floor":7,"turns":4},{"damage":0,"enemies":"Looter","floor":8,"turns":4},{"damage":4,"enemies":"3 Sentries","floor":11,"turns":9},{"damage":1,"enemies":"Blue Slaver","floor":12,"turns":4},{"damage":42,"enemies":"Exordium Wildlife","floor":14,"turns":6},{"damage":47,"enemies":"The Guardian","floor":16,"turns":19}],"seed_played":"4940839812730535439","potions_obtained":[{"floor":2,"key":"PowerPotion"},{"floor":4,"key":"SteroidPotion"},{"floor":14,"key":"GamblersBrew"}],"is_trial":false,"path_per_floor":["M","M","?","M","$","R","M","M","T","?","E","M","?","M","R","B"],"character_chosen":"THE_SILENT","items_purchased":["Well Laid Plans"],"campfire_rested":1,"item_purchase_floors":[5],"current_hp_per_floor":[63,63,63,62,62,62,58,58,58,58,54,53,53,11,32,0],"gold":215,"neow_bonus":"TEN_PERCENT_HP_BONUS","is_prod":false,"is_daily":false,"chose_seed":false,"campfire_upgraded":1,"win_rate":0,"timestamp":1551763051,"path_taken":["M","M","?","M","$","R","M","?","T","?","E","?","?","M","R","BOSS"],"build_version":"2019-02-06","purchased_purges":0,"victory":false,"max_hp_per_floor":[72,72,72,72,72,72,72,72,72,72,72,72,72,72,72,72],"card_choices":[{"not_picked":["Acrobatics","Poisoned Stab"],"picked":"Sucker Punch","floor":1},{"not_picked":["Dodge and Roll","Sucker Punch"],"picked":"Cloak And Dagger","floor":2},{"not_picked":["Slice","Bane"],"picked":"Blade Dance","floor":4},{"not_picked":["Blade Dance","Escape Plan"],"picked":"Cloak And Dagger","floor":7},{"not_picked":["Outmaneuver","Masterful Stab"],"picked":"Doppelganger","floor":8},{"not_picked":["Endless Agony","Deflect"],"picked":"Poisoned Stab","floor":11},{"not_picked":["Acrobatics","Quick Slash","Sucker Punch"],"picked":"SKIP","floor":12},{"not_picked":["Slice","Dodge and Roll"],"picked":"Leg Sweep","floor":14}],"player_experience":854396,"relics_obtained":[{"floor":9,"key":"Snake Skull"},{"floor":11,"key":"MawBank"}],"event_choices":[{"damage_healed":0,"gold_gain":0,"player_choice":"Upgraded","damage_taken":0,"max_hp_gain":0,"max_hp_loss":0,"event_name":"Upgrade Shrine","floor":3,"gold_loss":0,"cards_upgraded":["Neutralize"]},{"cards_removed":["Strike_G"],"damage_healed":0,"gold_gain":0,"player_choice":"Purged","damage_taken":0,"max_hp_gain":0,"max_hp_loss":0,"event_name":"Purifier","floor":10,"gold_loss":0},{"damage_healed":0,"gold_gain":0,"player_choice":"Take Wound","damage_taken":0,"relics_obtained":["Golden Idol"],"max_hp_gain":0,"max_hp_loss":0,"event_name":"Golden Idol","floor":13,"gold_loss":0,"cards_obtained":["Injury"]}],"is_beta":true,"boss_relics":[],"items_purged_floors":[],"is_endless":false,"potions_floor_spawned":[2,4,7,14],"killed_by":"The Guardian","ascension_level":20}