{"gold_per_floor":[219,219,234,28,28,28,40,40,40,73,137,239,239,289,289,386,386,396,465,117,178,248,266,316,316,316,366,162,182,182,200,200,304,304,322,1371,1421,829,847,906,906,926,926,926,937,955,955,0,0,0],"floor_reached":51,"playtime":1619,"items_purged":["Strike_R","Writhe","Strike_R"],"score":777,"play_id":"7bee9667-6fc2-49d7-a035-a6548646acf2","local_time":"20190305171916","is_ascension_mode":false,"campfire_choices":[{"data":"Inflame","floor":6,"key":"SMITH"},{"data":"Bash","floor":8,"key":"SMITH"},{"data":"Heavy Blade","floor":13,"key":"SMITH"},{"data":"Blind","floor":15,"key":"SMITH"},{"data":"Uppercut","floor":25,"key":"SMITH"},{"data":"Whirlwind","floor":30,"key":"SMITH"},{"data":"Feed","floor":32,"key":"SMITH"},{"data":"Sword Boomerang","floor":41,"key":"SMITH"},{"data":"Battle Trance","floor":44,"key":"SMITH"},{"data":"Flash of Steel","floor":47,"key":"SMITH"},{"data":"Shrug It Off","floor":49,"key":"SMITH"}],"neow_cost":"NONE","seed_source_timestamp":5546122473429,"circlet_count":0,"master_deck":["Strike_R","Strike_R","Defend_R","Defend_R","Defend_R","Defend_R","Bash+1","Battle Trance+1","Inflame+1","Shrug It Off+1","Heavy Blade+1","Sword Boomerang+1","Blind+1","Feed+1","Whirlwind+1","Thunderclap","Uppercut+1","True Grit+1","Evolve+1","Headbutt+1","J.A.X.+1","Inflame+1","Exhume+1","Intimidate+1","Metallicize+1","Limit Break+1","Whirlwind+1","Corruption+1","Disarm+1","Flash of Steel+1","Transmutation+1","Twin Strike+1","Limit Break+1"],"relics":["Burning Blood","Membership Card","SsserpentHead","Pear","Frozen Egg 2","Bag of Preparation","Philosopher\u0027s Stone","Toxic Egg 2","Kunai","Blue Candle","Omamori","Coffee Dripper","HandDrill","Gremlin Horn","Centennial Puzzle","Bottled Tornado","Mercury Hourglass","Red Mask"],"potions_floor_usage":[11,22,33,50,50,50],"damage_taken":[{"damage":4,"enemies":"2 Louse","floor":1,"turns":3},{"damage":0,"enemies":"Cultist","floor":3,"turns":4},{"damage":3,"enemies":"Jaw Worm","floor":7,"turns":4},{"damage":27,"enemies":"3 Sentries","floor":10,"turns":9},{"damage":17,"enemies":"Exordium Thugs","floor":11,"turns":4},{"damage":27,"enemies":"Hexaghost","floor":16,"turns":8},{"damage":12,"enemies":"Shell Parasite","floor":18,"turns":4},{"damage":0,"enemies":"3 Byrds","floor":19,"turns":4},{"damage":17,"enemies":"Cultist and Chosen","floor":21,"turns":5},{"damage":18,"enemies":"Snake Plant","floor":22,"turns":3},{"damage":15,"enemies":"Shelled Parasite and Fungi","floor":23,"turns":7},{"damage":7,"enemies":"Centurion and Healer","floor":29,"turns":4},{"damage":3,"enemies":"Snecko","floor":31,"turns":3},{"damage":58,"enemies":"Automaton","floor":33,"turns":7},{"damage":4,"enemies":"3 Shapes","floor":35,"turns":2},{"damage":19,"enemies":"Orb Walker","floor":39,"turns":3},{"damage":20,"enemies":"Reptomancer","floor":40,"turns":4},{"damage":10,"enemies":"Writhing Mass","floor":42,"turns":4},{"damage":25,"enemies":"Sphere and 2 Shapes","floor":45,"turns":3},{"damage":14,"enemies":"4 Shapes","floor":46,"turns":2},{"damage":22,"enemies":"Donu and Deca","floor":50,"turns":5}],"seed_played":"8377511924487129828","potions_obtained":[{"floor":3,"key":"Weak Potion"},{"floor":10,"key":"Dexterity Potion"},{"floor":11,"key":"SpeedPotion"},{"floor":18,"key":"Regen Potion"},{"floor":23,"key":"Swift Potion"},{"floor":33,"key":"EssenceOfSteel"}],"is_trial":false,"path_per_floor":["M","?","M","$","?","R","M","R","T","E","M","T","R","?","R","B",null,"M","M","$","M","M","M","?","R","T","?","$","M","R","M","R","B",null,"M","?","?","$","M","E","R","M","T","R","M","M","R","?","R","B",null],"character_chosen":"IRONCLAD","items_purchased":["Membership Card","Toxic Egg 2","Uppercut","True Grit+1","Kunai","Inflame+1","Exhume+1","Intimidate+1","Corruption+1","Disarm+1","HandDrill","Gremlin Horn","Centennial Puzzle","Ancient Potion","Flash of Steel","Transmutation+1"],"campfire_rested":0,"item_purchase_floors":[4,20,20,20,20,28,28,28,38,38,38,38,38,38,38,38],"current_hp_per_floor":[80,80,80,80,80,80,80,80,90,69,58,58,58,58,58,37,90,87,96,96,88,76,70,70,70,70,70,70,69,69,72,72,35,102,102,102,97,97,84,70,70,66,66,66,55,47,47,47,47,31],"gold":0,"neow_bonus":"HUNDRED_GOLD","is_prod":false,"is_daily":false,"chose_seed":false,"campfire_upgraded":11,"win_rate":0,"timestamp":1551827956,"path_taken":["M","?","?","$","?","R","M","R","T","E","?","?","R","?","R","BOSS","M","?","$","?","?","M","?","R","T","?","$","M","R","M","R","BOSS","M","?","?","$","M","E","R","M","T","R","M","M","R","?","R","BOSS"],"build_version":"2019-01-23","purchased_purges":3,"victory":true,"max_hp_per_floor":[80,80,80,80,80,80,80,80,90,90,90,90,90,90,90,90,90,93,96,96,99,99,102,102,102,102,102,102,102,102,102,102,102,102,102,102,97,97,97,97,97,97,97,97,105,105,105,105,105,105],"card_choices":[{"not_picked":["Iron Wave","Wild Strike"],"picked":"Battle Trance","floor":1},{"not_picked":["Infernal Blade","Body Slam"],"picked":"Inflame","floor":3},{"not_picked":["Pummel","Rage"],"picked":"Shrug It Off","floor":7},{"not_picked":["Perfected Strike","Body Slam"],"picked":"Heavy Blade","floor":10},{"not_picked":["Dual Wield","Twin Strike"],"picked":"Sword Boomerang","floor":11},{"not_picked":["Barricade+1","Berserk+1"],"picked":"Feed","floor":16},{"not_picked":["Burning Pact","Thunderclap"],"picked":"Whirlwind","floor":18},{"not_picked":["True Grit","Perfected Strike"],"picked":"Thunderclap","floor":19},{"not_picked":["Wild Strike","Entrench+1"],"picked":"Evolve+1","floor":21},{"not_picked":["Sword Boomerang","Hemokinesis"],"picked":"Headbutt+1","floor":22},{"not_picked":["Clothesline","Sword Boomerang","Headbutt+1"],"picked":"SKIP","floor":23},{"not_picked":["Flex+1","Sword Boomerang+1"],"picked":"Metallicize+1","floor":29},{"not_picked":["Pommel Strike","Cleave","Reckless Charge"],"picked":"SKIP","floor":31},{"not_picked":["Barricade+1","Double Tap+1"],"picked":"Limit Break+1","floor":33},{"not_picked":["Heavy Blade","Intimidate+1"],"picked":"Whirlwind+1","floor":35},{"not_picked":["Wild Strike","Body Slam+1","Iron Wave"],"picked":"SKIP","floor":39},{"not_picked":["Headbutt","Rampage"],"picked":"Twin Strike+1","floor":40},{"not_picked":["Warcry+1","Wild Strike"],"picked":"Limit Break+1","floor":42},{"not_picked":["Pommel Strike","Thunderclap","Spot Weakness+1"],"picked":"SKIP","floor":45},{"not_picked":["Wild Strike","Clothesline+1","Heavy Blade"],"picked":"SKIP","floor":46}],"player_experience":985212,"relics_obtained":[{"floor":9,"key":"Pear"},{"floor":10,"key":"Frozen Egg 2"},{"floor":12,"key":"Bag of Preparation"},{"floor":26,"key":"Omamori"},{"floor":40,"key":"Bottled Tornado"},{"floor":43,"key":"Mercury Hourglass"}],"event_choices":[{"cards_removed":["Strike_R"],"damage_healed":0,"gold_gain":0,"player_choice":"Purged","damage_taken":0,"max_hp_gain":0,"max_hp_loss":0,"event_name":"Purifier","floor":2,"gold_loss":0},{"damage_healed":0,"gold_gain":0,"player_choice":"Trade","damage_taken":0,"relics_obtained":["SsserpentHead"],"max_hp_gain":0,"max_hp_loss":0,"event_name":"FaceTrader","floor":5,"gold_loss":0},{"damage_healed":0,"gold_gain":0,"player_choice":"1 cards matched","damage_taken":0,"max_hp_gain":0,"max_hp_loss":0,"event_name":"Match and Keep!","floor":14,"gold_loss":0,"cards_obtained":["Blind"]},{"damage_healed":0,"gold_gain":0,"player_choice":"Opened","damage_taken":0,"relics_obtained":["Blue Candle"],"max_hp_gain":0,"max_hp_loss":0,"event_name":"The Mausoleum","floor":24,"gold_loss":0,"cards_obtained":["Writhe"]},{"damage_healed":0,"gold_gain":0,"player_choice":"Obtain J.A.X.","damage_taken":0,"max_hp_gain":0,"max_hp_loss":0,"event_name":"Drug Dealer","floor":27,"gold_loss":0,"cards_obtained":["J.A.X."]},{"damage_healed":0,"gold_gain":999,"player_choice":"Gold","damage_taken":0,"max_hp_gain":0,"max_hp_loss":0,"event_name":"MindBloom","floor":36,"gold_loss":0,"cards_obtained":["Normality","Normality"]},{"damage_healed":0,"gold_gain":0,"player_choice":"Max HP","damage_taken":0,"max_hp_gain":0,"max_hp_loss":5,"event_name":"Winding Halls","floor":37,"gold_loss":0},{"damage_healed":0,"gold_gain":0,"player_choice":"Paid","damage_taken":0,"relics_obtained":["Red Mask"],"max_hp_gain":0,"max_hp_loss":0,"event_name":"Tomb of Lord Red Mask","floor":48,"gold_loss":1005}],"is_beta":false,"boss_relics":[{"not_picked":["Empty Cage","Pandora\u0027s Box"],"picked":"Philosopher\u0027s Stone"},{"not_picked":["Runic Cube","White Beast Statue"],"picked":"Coffee Dripper"}],"items_purged_floors":[20,28,38],"is_endless":false,"potions_floor_spawned":[3,10,11,18,21,23,33,39,40,46],"ascension_level":0}