{"path_per_floor":["M","?","M","M","$","R","E","R","T","R","?","M","$","M","R","B",null,"M","$","?","M","?","R","$","R","T","M","M","R","E","T","R"],"character_chosen":"IRONCLAD","items_purchased":["Flex","Flash of Steel"],"gold_per_floor":[110,110,125,140,40,40,68,68,68,68,68,88,88,106,106,208,238,256,61,61,73,73,73,73,73,98,115,132,132,163,219,219,219],"floor_reached":33,"campfire_rested":4,"playtime":1312,"current_hp_per_floor":[72,72,68,68,68,68,43,67,67,67,67,73,73,64,80,40,85,66,66,85,83,83,83,83,83,83,72,32,57,52,52,81,0],"items_purged":["Strike_R","Regret"],"gold":219,"score":288,"play_id":"8a0b50ee-8123-4179-a6f9-ffc4dc653ff9","local_time":"20180418001513","is_prod":false,"is_daily":false,"chose_seed":false,"is_ascension_mode":false,"campfire_upgraded":4,"timestamp":1524035713,"path_taken":["M","?","M","M","$","R","E","R","T","R","?","M","$","M","R","BOSS","M","$","?","M","?","R","$","R","T","M","M","R","E","?","R","BOSS"],"build_version":"2018-04-12","seed_source_timestamp":605762609167427,"purchased_purges":2,"victory":false,"master_deck":["Strike_R","Strike_R","Strike_R","Defend_R","Defend_R+1","Defend_R","Defend_R","Bash","Flame Barrier+1","Anger+1","Flex+1","Clash+1","Flash of Steel+1"],"max_hp_per_floor":[80,80,80,80,80,80,80,80,80,80,80,80,80,80,80,80,85,85,85,85,85,85,85,85,85,85,85,85,85,99,99,99,99],"relics":["Burning Blood","Oddly Smooth Stone","Paper Frog","Ancient Tea Set","Tiny House","Lantern","Mango","Tiny Chest"],"card_choices":[{"not_picked":["Reckless Charge","Evolve"],"picked":"Flame Barrier","floor":1},{"not_picked":["Shockwave","Havoc"],"picked":"Anger","floor":4},{"not_picked":["Uppercut","Sentinel"],"picked":"Clash","floor":18}],"player_experience":48374,"potions_floor_usage":[16,28,33,33],"damage_taken":[{"damage":14,"enemies":"Small Slimes","floor":1,"turns":4},{"damage":10,"enemies":"Cultist","floor":3,"turns":4},{"damage":6,"enemies":"2 Louse","floor":4,"turns":3},{"damage":31,"enemies":"Lagavulin","floor":7,"turns":7},{"damage":0,"enemies":"2 Fungi Beasts","floor":12,"turns":3},{"damage":15,"enemies":"3 Louse","floor":14,"turns":4},{"damage":46,"enemies":"Hexaghost","floor":16,"turns":11},{"damage":25,"enemies":"Spheric Guardian","floor":18,"turns":6},{"damage":8,"enemies":"2 Thieves","floor":21,"turns":4},{"damage":17,"enemies":"Snecko","floor":27,"turns":5},{"damage":46,"enemies":"Cultist and Chosen","floor":28,"turns":9},{"damage":25,"enemies":"Book of Stabbing","floor":30,"turns":6},{"damage":84,"enemies":"Champ","floor":33,"turns":10}],"event_choices":[{"event_name":"Upgrade Shrine","player_choice":"Upgraded","floor":2,"damage_taken":0},{"event_name":"Big Fish","player_choice":"Box","floor":11,"damage_taken":0},{"event_name":"Wheel of Change","player_choice":"Full Heal","floor":20,"damage_taken":0},{"event_name":"Bonfire Elementals","player_choice":"BASIC","floor":22,"damage_taken":0}],"boss_relics":[{"not_picked":["Snecko Eye","Runic Pyramid"],"picked":"Tiny House"}],"potions_floor_spawned":[4,14,21,30],"seed_played":"2153239507753226292","killed_by":"Champ","ascension_level":0,"is_trial":false}