{"gold_per_floor":[118,136,136,156,156,156,156,170,195,214,59,84,29,57,57,129,129,149,49,49,49,49,49],"floor_reached":23,"playtime":1031,"items_purged":["Strike_G","Strike_G"],"score":411,"play_id":"f6f5a425-b469-4ae1-ad41-28c2ef780bca","local_time":"20190221234355","is_ascension_mode":true,"campfire_choices":[{"data":"Neutralize","floor":6,"key":"SMITH"},{"data":"Footwork","floor":15,"key":"SMITH"}],"neow_cost":"TEN_PERCENT_HP_LOSS","seed_source_timestamp":219168601342537,"circlet_count":0,"master_deck":["AscendersBane","Defend_G","Defend_G+1","Defend_G","Defend_G+1","Defend_G","Strike_G","Survivor","Neutralize+1","Quick Slash","PiercingWail","Poisoned Stab+1","Crippling Poison","Dodge and Roll","Footwork+1","Sucker Punch","Escape Plan","Doppelganger","Concentrate","Footwork","Writhe"],"relics":["Ring of the Snake","FaceOfCleric","Vajra","Regal Pillow","Bottled Lightning","Runic Pyramid","Gremlin Horn","Art of War"],"potions_floor_usage":[12,12,18,23],"damage_taken":[{"damage":1,"enemies":"2 Louse","floor":1,"turns":3},{"damage":0,"enemies":"Cultist","floor":2,"turns":5},{"damage":2,"enemies":"Jaw Worm","floor":4,"turns":4},{"damage":0,"enemies":"Large Slime","floor":8,"turns":8},{"damage":0,"enemies":"Blue Slaver","floor":10,"turns":4},{"damage":9,"enemies":"3 Sentries","floor":12,"turns":11},{"damage":0,"enemies":"Lagavulin","floor":14,"turns":8},{"damage":4,"enemies":"Hexaghost","floor":16,"turns":11},{"damage":0,"enemies":"Spheric Guardian","floor":18,"turns":3},{"damage":63,"enemies":"Slavers","floor":23,"turns":12}],"seed_played":"1866776321698791105","potions_obtained":[{"floor":1,"key":"Explosive Potion"},{"floor":4,"key":"Explosive Potion"},{"floor":14,"key":"Poison Potion"},{"floor":16,"key":"Poison Potion"}],"is_trial":false,"path_per_floor":["M","M","?","M","?","R","?","M","T","M","$","E","$","E","R","B",null,"M","$","T","?","?","E"],"character_chosen":"THE_SILENT","items_purchased":["Footwork","FearPotion"],"campfire_rested":0,"item_purchase_floors":[11,13],"current_hp_per_floor":[58,58,58,57,57,57,39,40,40,41,41,33,33,34,34,31,57,58,58,58,58,58,0],"gold":49,"neow_bonus":"REMOVE_TWO","is_prod":false,"is_daily":false,"chose_seed":false,"campfire_upgraded":2,"win_rate":0,"timestamp":1550810635,"path_taken":["M","M","?","?","?","R","?","M","T","M","$","E","?","E","R","BOSS","M","$","?","?","?","E"],"build_version":"2019-01-23","purchased_purges":2,"victory":false,"max_hp_per_floor":[60,60,60,61,61,61,61,62,62,63,63,64,64,65,65,66,66,67,67,67,67,67,67],"card_choices":[{"not_picked":["Distraction","Accuracy"],"picked":"Quick Slash","floor":1},{"not_picked":["Bane","All Out Attack"],"picked":"PiercingWail","floor":2},{"not_picked":["Choke","Riddle With Holes"],"picked":"Poisoned Stab","floor":4},{"not_picked":["Masterful Stab","Deflect"],"picked":"Crippling Poison","floor":8},{"not_picked":["Reflex","Dash"],"picked":"Dodge and Roll","floor":10},{"not_picked":["Flying Knee","Endless Agony"],"picked":"Sucker Punch","floor":12},{"not_picked":["Quick Slash","Tactician"],"picked":"Escape Plan","floor":14},{"not_picked":["A Thousand Cuts","Bullet Time"],"picked":"Doppelganger","floor":16},{"not_picked":["Underhanded Strike","Bane"],"picked":"Concentrate","floor":18}],"player_experience":823074,"relics_obtained":[{"floor":9,"key":"Vajra"},{"floor":12,"key":"Regal Pillow"},{"floor":14,"key":"Bottled Lightning"},{"floor":20,"key":"Gremlin Horn"}],"event_choices":[{"damage_healed":0,"gold_gain":0,"player_choice":"Trade","damage_taken":0,"relics_obtained":["FaceOfCleric"],"max_hp_gain":0,"max_hp_loss":0,"event_name":"FaceTrader","floor":3,"gold_loss":0},{"damage_healed":0,"gold_gain":0,"player_choice":"Grow","damage_taken":0,"max_hp_gain":0,"max_hp_loss":0,"event_name":"Living Wall","floor":5,"gold_loss":0,"cards_upgraded":["Poisoned Stab"]},{"damage_healed":0,"gold_gain":0,"player_choice":"Entered Light","damage_taken":18,"max_hp_gain":0,"max_hp_loss":0,"event_name":"Shining Light","floor":7,"gold_loss":0,"cards_upgraded":["Defend_G","Defend_G"]},{"damage_healed":0,"gold_gain":0,"player_choice":"Read","damage_taken":0,"max_hp_gain":0,"max_hp_loss":0,"event_name":"The Library","floor":21,"gold_loss":0,"cards_obtained":["Footwork"]},{"damage_healed":0,"gold_gain":0,"player_choice":"Opened","damage_taken":0,"relics_obtained":["Art of War"],"max_hp_gain":0,"max_hp_loss":0,"event_name":"The Mausoleum","floor":22,"gold_loss":0,"cards_obtained":["Writhe"]}],"is_beta":false,"boss_relics":[{"not_picked":["Runic Dome","Lizard Tail"],"picked":"Runic Pyramid"}],"items_purged_floors":[11,19],"is_endless":false,"potions_floor_spawned":[1,4,14,16],"killed_by":"Slavers","ascension_level":17}