{"gold_per_floor":[114,125,125,125,7,7,37,212,237,237,262,262,90,90,90,191,191,209,134,154,168,184,184,196,196,219,219,229,229],"floor_reached":29,"playtime":1251,"items_purged":["Strike_B","Doubt"],"score":254,"play_id":"cd8a2ae0-ebd6-426b-a5d5-3fe8a6443e15","local_time":"20181024165821","is_ascension_mode":true,"campfire_choices":[{"data":"Tempest","floor":6,"key":"SMITH"},{"floor":10,"key":"REST"},{"data":"Loop","floor":12,"key":"SMITH"},{"data":"Zap","floor":15,"key":"SMITH"},{"floor":23,"key":"REST"},{"floor":25,"key":"REST"}],"neow_cost":"NONE","seed_source_timestamp":774042779323673,"circlet_count":0,"master_deck":["Strike_B","Defend_B","Defend_B","Defend_B","Defend_B","Zap+1","Dualcast","Tempest+1","Consume+1","Loop+1","Steam","Core Surge","Machine Learning","Reprogram","Conserve Battery","Coolheaded+1","Self Repair","Aggregate","RitualDagger","Defragment"],"relics":["White Beast Statue","The Courier","Smiling Mask","Bronze Scales","Darkstone Periapt","Art of War","Nuclear Battery","Lantern"],"potions_floor_usage":[7,16,18,20,21,22,28,28,28,29],"damage_taken":[{"damage":10,"enemies":"Small Slimes","floor":1,"turns":3},{"damage":0,"enemies":"2 Louse","floor":2,"turns":3},{"damage":24,"enemies":"3 Sentries","floor":7,"turns":7},{"damage":8,"enemies":"Lagavulin","floor":11,"turns":7},{"damage":7,"enemies":"The Guardian","floor":16,"turns":8},{"damage":22,"enemies":"2 Thieves","floor":18,"turns":2},{"damage":19,"enemies":"3 Byrds","floor":20,"turns":3},{"damage":7,"enemies":"Cultist and Chosen","floor":21,"turns":5},{"damage":23,"enemies":"Snecko","floor":22,"turns":4},{"damage":23,"enemies":"Centurion and Healer","floor":24,"turns":7},{"damage":23,"enemies":"Snake Plant","floor":28,"turns":4},{"damage":20,"enemies":"Book of Stabbing","floor":29,"turns":2}],"seed_played":"-7352749199543243584","potions_obtained":[{"floor":1,"key":"EssenceOfSteel"},{"floor":2,"key":"SteroidPotion"},{"floor":7,"key":"Fire Potion"},{"floor":11,"key":"Weak Potion"},{"floor":16,"key":"FearPotion"},{"floor":18,"key":"Dexterity Potion"},{"floor":20,"key":"FearPotion"},{"floor":21,"key":"Fire Potion"},{"floor":22,"key":"GamblersBrew"},{"floor":24,"key":"EssenceOfSteel"},{"floor":28,"key":"Fruit Juice"}],"is_trial":false,"path_per_floor":["M","M","?","?","$","R","E","?","T","R","E","R","$","?","R","B",null,"M","?","M","M","M","R","M","R","T","?","M"],"character_chosen":"DEFECT","items_purchased":["Loop","Art of War"],"campfire_rested":3,"item_purchase_floors":[5,13],"current_hp_per_floor":[65,65,62,62,62,62,38,38,38,60,52,52,52,45,45,38,75,53,53,34,27,4,26,10,32,32,26,15,0],"gold":229,"neow_bonus":"BOSS_RELIC","is_prod":false,"is_daily":false,"chose_seed":false,"campfire_upgraded":3,"win_rate":0,"timestamp":1540414701,"path_taken":["M","M","?","?","$","R","E","?","T","R","E","R","?","?","R","BOSS","M","?","M","?","M","R","M","R","T","?","M","E"],"build_version":"2018-10-18","purchased_purges":2,"victory":false,"max_hp_per_floor":[75,75,75,75,75,75,75,75,75,75,75,75,75,75,75,75,75,75,75,75,75,75,75,75,75,75,75,80,80],"card_choices":[{"not_picked":["Ball Lightning","Go for the Eyes"],"picked":"Tempest","floor":1},{"not_picked":["Beam Cell","Cold Snap"],"picked":"Consume","floor":2},{"not_picked":["Gash","Double Energy"],"picked":"Steam","floor":7},{"not_picked":["Heatsinks","Streamline"],"picked":"Core Surge","floor":11},{"not_picked":["Creative AI","Hyperbeam"],"picked":"Machine Learning","floor":16},{"not_picked":["Turbo+1","Sweeping Beam+1"],"picked":"Reprogram","floor":18},{"not_picked":["Stack","Beam Cell"],"picked":"Conserve Battery","floor":20},{"not_picked":["Rebound","Glacier"],"picked":"Coolheaded+1","floor":21},{"not_picked":["Leap","Beam Cell"],"picked":"Self Repair","floor":22},{"not_picked":["Stack","Rebound+1"],"picked":"Aggregate","floor":24},{"not_picked":["Hologram","Steam"],"picked":"Defragment","floor":28}],"player_experience":238128,"relics_obtained":[{"floor":7,"key":"Smiling Mask"},{"floor":9,"key":"Bronze Scales"},{"floor":11,"key":"Darkstone Periapt"},{"floor":26,"key":"Lantern"}],"event_choices":[{"damage_healed":0,"gold_gain":0,"player_choice":"Success","damage_taken":3,"relics_obtained":["The Courier"],"max_hp_gain":0,"max_hp_loss":0,"event_name":"Scrap Ooze","floor":3,"gold_loss":0},{"damage_healed":0,"gold_gain":0,"player_choice":"Grow","damage_taken":0,"max_hp_gain":0,"max_hp_loss":0,"event_name":"Living Wall","floor":4,"gold_loss":0,"cards_upgraded":["Consume"]},{"damage_healed":0,"gold_gain":175,"player_choice":"AGREE","damage_taken":0,"max_hp_gain":0,"max_hp_loss":0,"event_name":"Liars Game","floor":8,"gold_loss":0,"cards_obtained":["Doubt"]},{"cards_removed":["Strike_B"],"damage_healed":0,"gold_gain":0,"player_choice":"Card Removal","damage_taken":7,"max_hp_gain":0,"max_hp_loss":0,"event_name":"Golden Wing","floor":14,"gold_loss":0},{"cards_removed":["Strike_B"],"damage_healed":0,"gold_gain":0,"player_choice":"Gave Gold","damage_taken":0,"max_hp_gain":0,"max_hp_loss":0,"event_name":"Beggar","floor":19,"gold_loss":75},{"damage_healed":0,"gold_gain":0,"player_choice":"Joined the Cult","damage_taken":6,"max_hp_gain":0,"max_hp_loss":0,"event_name":"Nest","floor":27,"gold_loss":0,"cards_obtained":["RitualDagger"]}],"is_beta":false,"boss_relics":[{"not_picked":["Calling Bell","Sozu"],"picked":"Nuclear Battery"}],"items_purged_floors":[5,13],"is_endless":false,"potions_floor_spawned":[1,2,7,11,16,18,20,21,22,24,28],"killed_by":"Book of Stabbing","ascension_level":2}