{"gold_per_floor":[141,155,430,440,213,213,213,213,294,328,328,328,361,382,382,512,512,533,556,569,569,73,89,89,4,4,22,22,36,49,62,62,158,158,177,77,77,89,108,108,108,108,108,108,108,139,139,0,0,0],"floor_reached":51,"playtime":2146,"items_purged":["Regret","Defend_R"],"score":829,"play_id":"4cef9416-2643-49b7-99d6-f3e45c501bf0","local_time":"20181014102544","is_ascension_mode":true,"campfire_choices":[{"data":"Heavy Blade","floor":6,"key":"SMITH"},{"data":"Inflame","floor":8,"key":"SMITH"},{"data":"Bash","floor":12,"key":"SMITH"},{"data":"Limit Break","floor":15,"key":"SMITH"},{"floor":24,"key":"REST"},{"data":"Flex","floor":28,"key":"SMITH"},{"data":"Immolate","floor":32,"key":"SMITH"},{"data":"Burning Pact","floor":40,"key":"SMITH"},{"data":"Double Tap","floor":42,"key":"SMITH"},{"data":"Pummel","floor":47,"key":"SMITH"},{"floor":49,"key":"REST"}],"neow_cost":"NONE","seed_source_timestamp":410069971208280,"circlet_count":0,"master_deck":["Strike_R","Strike_R","Strike_R","Defend_R","Bash+1","Heavy Blade+1","Inflame+1","Combust","Limit Break+1","Demon Form","Flex+1","Flex+1","Burning Pact+1","Immolate+1","Burning Pact+1","Double Tap+1","Heavy Blade+1","Pummel+1","Heavy Blade+1"],"relics":["Burning Blood","Tiny Chest","Red Skull","Sundial","Pocketwatch","Bloody Idol","Blood Vial","Runic Dome","Vajra","Brimstone","Juzu Bracelet","Bag of Marbles","Dream Catcher","Bottled Flame","Empty Cage","Mummified Hand","Thread and Needle","Boot","Red Mask"],"potions_floor_usage":[16,29,31,33,39,50,50,50],"damage_taken":[{"damage":15,"enemies":"Small Slimes","floor":1,"turns":4},{"damage":6,"enemies":"Cultist","floor":2,"turns":4},{"damage":12,"enemies":"Jaw Worm","floor":4,"turns":2},{"damage":17,"enemies":"Gremlin Nob","floor":10,"turns":4},{"damage":16,"enemies":"3 Sentries","floor":13,"turns":4},{"damage":14,"enemies":"3 Louse","floor":14,"turns":2},{"damage":0,"enemies":"Slime Boss","floor":16,"turns":4},{"damage":33,"enemies":"2 Thieves","floor":18,"turns":4},{"damage":31,"enemies":"3 Byrds","floor":20,"turns":4},{"damage":17,"enemies":"Shelled Parasite and Fungi","floor":23,"turns":2},{"damage":0,"enemies":"Snake Plant","floor":27,"turns":1},{"damage":13,"enemies":"Sentry and Sphere","floor":29,"turns":3},{"damage":0,"enemies":"3 Cultists","floor":30,"turns":2},{"damage":0,"enemies":"Snecko","floor":31,"turns":1},{"damage":20,"enemies":"Collector","floor":33,"turns":3},{"damage":12,"enemies":"3 Shapes","floor":35,"turns":2},{"damage":24,"enemies":"3 Darklings","floor":38,"turns":2},{"damage":12,"enemies":"Sphere and 2 Shapes","floor":39,"turns":2},{"damage":12,"enemies":"Mind Bloom Boss Battle","floor":45,"turns":2},{"damage":35,"enemies":"Nemesis","floor":46,"turns":3},{"damage":40,"enemies":"Time Eater","floor":50,"turns":3}],"seed_played":"5702923117038504271","potions_obtained":[{"floor":13,"key":"GamblersBrew"},{"floor":14,"key":"Regen Potion"},{"floor":16,"key":"FearPotion"},{"floor":23,"key":"Dexterity Potion"},{"floor":27,"key":"BloodPotion"},{"floor":29,"key":"SpeedPotion"},{"floor":33,"key":"Fire Potion"},{"floor":38,"key":"SpeedPotion"},{"floor":39,"key":"Fruit Juice"},{"floor":41,"key":"Fire Potion"},{"floor":41,"key":"LiquidBronze"}],"is_trial":false,"path_per_floor":["M","M","?","M","$","R","?","R","T","E","?","R","E","M","R","B",null,"M","T","M","?","$","M","R","?","T","M","R","M","M","M","R","B",null,"M","$","?","M","M","R","?","R","T","$","?","E","R","?","R","B"],"character_chosen":"IRONCLAD","items_purchased":["Red Skull","Brimstone","Juzu Bracelet","Bag of Marbles"],"campfire_rested":2,"item_purchase_floors":[5,22,22,22],"current_hp_per_floor":[71,71,71,65,65,65,65,65,65,54,34,34,24,18,18,35,80,53,53,30,30,30,26,50,50,50,63,63,71,80,80,80,71,80,79,79,79,67,73,73,73,73,73,73,69,47,47,47,72,40],"gold":0,"neow_bonus":"RANDOM_COMMON_RELIC","is_prod":false,"is_daily":false,"chose_seed":false,"campfire_upgraded":9,"win_rate":0,"timestamp":1539527144,"path_taken":["M","M","?","M","$","R","?","R","T","E","?","R","E","M","R","BOSS","M","?","M","?","$","M","R","?","T","M","R","M","M","M","R","BOSS","M","$","?","M","M","R","?","R","T","$","?","E","R","?","R","BOSS"],"build_version":"2018-10-11","purchased_purges":2,"victory":true,"max_hp_per_floor":[80,80,80,80,80,80,80,80,80,80,80,80,80,80,80,80,80,80,80,80,80,80,80,80,80,80,80,80,80,80,80,80,80,80,80,80,80,80,85,85,85,85,85,85,85,85,85,85,85,85],"card_choices":[{"not_picked":["Cleave","Searing Blow"],"picked":"Heavy Blade","floor":1},{"not_picked":["Power Through","Iron Wave"],"picked":"Inflame","floor":2},{"not_picked":["Wild Strike","Headbutt"],"picked":"Combust","floor":4},{"not_picked":["Havoc","True Grit","Perfected Strike"],"picked":"SKIP","floor":10},{"not_picked":["Pommel Strike","Searing Blow"],"picked":"Limit Break","floor":13},{"not_picked":["Armaments","Headbutt","Sword Boomerang"],"picked":"SKIP","floor":14},{"not_picked":["Barricade","Feed"],"picked":"Demon Form","floor":16},{"not_picked":["Disarm","Clash+1"],"picked":"Flex+1","floor":18},{"not_picked":["Disarm","Sword Boomerang"],"picked":"Flex","floor":20},{"not_picked":["Havoc+1","Clash"],"picked":"Burning Pact+1","floor":23},{"not_picked":["True Grit","Clothesline+1","Headbutt"],"picked":"SKIP","floor":27},{"not_picked":["Iron Wave+1","Wild Strike"],"picked":"Immolate","floor":29},{"not_picked":["Bloodletting","Iron Wave"],"picked":"Burning Pact","floor":30},{"not_picked":["Cleave","Havoc","Body Slam"],"picked":"SKIP","floor":31},{"not_picked":["Juggernaut","Berserk"],"picked":"Double Tap","floor":33},{"not_picked":["Perfected Strike","Pommel Strike+1"],"picked":"Heavy Blade+1","floor":35},{"not_picked":["Headbutt+1","Twin Strike","Sword Boomerang+1"],"picked":"SKIP","floor":38},{"not_picked":["Warcry+1","Rage+1"],"picked":"Pummel","floor":39},{"not_picked":["Dropkick","Clash"],"picked":"Heavy Blade+1","floor":45},{"not_picked":["True Grit+1","Barricade","Armaments+1"],"picked":"SKIP","floor":46}],"player_experience":149138,"relics_obtained":[{"floor":9,"key":"Sundial"},{"floor":10,"key":"Pocketwatch"},{"floor":13,"key":"Blood Vial"},{"floor":19,"key":"Vajra"},{"floor":26,"key":"Bottled Flame"},{"floor":43,"key":"Mummified Hand"},{"floor":45,"key":"Thread and Needle"},{"floor":46,"key":"Boot"}],"event_choices":[{"event_name":"Golden Shrine","player_choice":"Desecrate","floor":3,"damage_taken":0},{"event_name":"Living Wall","player_choice":"Forget","floor":7,"damage_taken":0},{"event_name":"Golden Idol","player_choice":"Take Damage","floor":11,"damage_taken":0},{"event_name":"Forgotten Altar","player_choice":"Gave Idol","floor":21,"damage_taken":0},{"event_name":"Addict","player_choice":"Obtained Relic","floor":25,"damage_taken":0},{"event_name":"Falling","player_choice":"Removed Skill","floor":37,"damage_taken":0},{"event_name":"The Lab","player_choice":"Got Potions","floor":41,"damage_taken":0},{"event_name":"MindBloom","player_choice":"Fight","floor":45,"damage_taken":0},{"event_name":"Tomb of Lord Red Mask","player_choice":"Paid","floor":48,"damage_taken":0}],"is_beta":false,"boss_relics":[{"not_picked":["White Beast Statue","Busted Crown"],"picked":"Runic Dome"},{"not_picked":["Pandora\u0027s Box","Runic Pyramid"],"picked":"Empty Cage"}],"items_purged_floors":[5,36],"is_endless":false,"potions_floor_spawned":[13,14,16,23,27,29,33,38,39],"ascension_level":2}