{"gold_per_floor":[113,113,34,34,50,50,75,37,61,26,39,58,86,99,99,199,199,218,234,0,15,33,33,50,50,50,50,69,69,69,87,87,87],"floor_reached":33,"playtime":1412,"items_purged":[],"score":369,"play_id":"1bb5e901-1e2e-4062-8995-a8b9d388e43e","local_time":"20190304142022","is_ascension_mode":true,"campfire_choices":[{"data":"Neutralize","floor":6.0,"key":"SMITH"},{"data":"Caltrops","floor":15.0,"key":"SMITH"},{"data":"Bouncing Flask","floor":23.0,"key":"SMITH"},{"data":"Footwork","floor":25.0,"key":"SMITH"},{"data":"Footwork","floor":27.0,"key":"SMITH"},{"data":"Prepared","floor":29.0,"key":"SMITH"},{"data":"Prepared","floor":32.0,"key":"SMITH"}],"neow_cost":"NONE","seed_source_timestamp":10423015793737,"circlet_count":0,"master_deck":["Defend_G","Defend_G","Defend_G","Defend_G","Defend_G","Strike_G","Strike_G","Strike_G","Strike_G","Strike_G","Survivor","Neutralize+1","Footwork+1","Caltrops+1","Cloak And Dagger","Backstab","Finisher","Bouncing Flask+1","Footwork+1","Leg Sweep","Prepared+1","Corpse Explosion","Setup","Prepared+1","Bane","Backflip","Flechettes","Masterful Stab"],"special_seed":0,"relics":["Ring of the Snake","NeowsBlessing","Torii","Bottled Flame","Happy Flower","Pear","Eternal Feather","Paper Crane"],"potions_floor_usage":[33,33],"damage_taken":[{"damage":0.0,"enemies":"Jaw Worm","floor":1.0,"turns":1.0},{"damage":0.0,"enemies":"2 Louse","floor":5.0,"turns":1.0},{"damage":0.0,"enemies":"Lagavulin","floor":7.0,"turns":1.0},{"damage":0.0,"enemies":"Small Slimes","floor":11.0,"turns":3.0},{"damage":3.0,"enemies":"Exordium Thugs","floor":12.0,"turns":5.0},{"damage":28.0,"enemies":"Gremlin Nob","floor":13.0,"turns":4.0},{"damage":0.0,"enemies":"Blue Slaver","floor":14.0,"turns":3.0},{"damage":12.0,"enemies":"Hexaghost","floor":16.0,"turns":10.0},{"damage":1.0,"enemies":"3 Byrds","floor":18.0,"turns":3.0},{"damage":10.0,"enemies":"2 Thieves","floor":19.0,"turns":4.0},{"damage":22.0,"enemies":"Snecko","floor":21.0,"turns":7.0},{"damage":1.0,"enemies":"Centurion and Healer","floor":22.0,"turns":6.0},{"damage":2.0,"enemies":"3 Cultists","floor":24.0,"turns":4.0},{"damage":35.0,"enemies":"Chosen and Byrds","floor":28.0,"turns":9.0},{"damage":1.0,"enemies":"Snake Plant","floor":31.0,"turns":4.0},{"damage":71,"enemies":"Collector","floor":33,"turns":9}],"seed_played":"451382125931124346","potions_obtained":[{"floor":5.0,"key":"Ancient Potion"},{"floor":7.0,"key":"SpeedPotion"},{"floor":13.0,"key":"Weak Potion"},{"floor":16.0,"key":"Dexterity Potion"},{"floor":21.0,"key":"GhostInAJar"},{"floor":28.0,"key":"Explosive Potion"}],"is_trial":false,"path_per_floor":["M","?","$","?","M","R","E","$","T","?","M","M","E","M","R","B",null,"M","M","?","M","M","R","M","R","T","R","M","R","$","M","R","B"],"character_chosen":"THE_SILENT","items_purchased":["Caltrops","Finisher"],"campfire_rested":0,"item_purchase_floors":[3,8],"current_hp_per_floor":[63,63,63,38,38,38,38,38,38,55,55,52,34,34,34,22,66,65,55,55,33,32,47,45,60,60,75,40,55,55,54,69,0],"gold":87,"neow_bonus":"THREE_ENEMY_KILL","is_prod":false,"is_daily":false,"chose_seed":false,"campfire_upgraded":7,"win_rate":0,"timestamp":1551676822,"path_taken":["M","?","$","?","M","R","E","$","T","?","M","M","E","M","R","BOSS","M","M","?","M","M","R","M","R","T","R","M","R","$","M","R","BOSS"],"build_version":"2019-01-23","purchased_purges":0,"victory":false,"max_hp_per_floor":[70,70,70,70,70,70,70,70,70,70,70,70,80,80,80,80,80,80,80,80,80,80,80,80,80,80,80,80,80,80,80,80,80],"card_choices":[{"not_picked":["Prepared","Flechettes"],"picked":"Footwork","floor":1.0},{"not_picked":["Backflip","Flying Knee"],"picked":"Cloak And Dagger","floor":5.0},{"not_picked":["Flechettes","Accuracy"],"picked":"Backstab","floor":7.0},{"not_picked":["Setup","Sucker Punch"],"picked":"Bouncing Flask","floor":11.0},{"not_picked":["Dagger Throw","Acrobatics"],"picked":"Footwork","floor":12.0},{"not_picked":["Slice","Sucker Punch"],"picked":"Leg Sweep","floor":13.0},{"not_picked":["Choke","Dodge and Roll"],"picked":"Prepared","floor":14.0},{"not_picked":["Die Die Die","Bullet Time"],"picked":"Corpse Explosion","floor":16.0},{"not_picked":["Eviscerate","Leg Sweep"],"picked":"Setup","floor":18.0},{"not_picked":["Underhanded Strike","Blade Dance+1"],"picked":"Prepared","floor":19.0},{"not_picked":["Choke+1","Dash"],"picked":"Bane","floor":21.0},{"not_picked":["Underhanded Strike","Poisoned Stab","Slice"],"picked":"SKIP","floor":22.0},{"not_picked":["Sucker Punch","Prepared"],"picked":"Backflip","floor":24.0},{"not_picked":["Skewer+1","Acrobatics"],"picked":"Flechettes","floor":28.0},{"not_picked":["Acrobatics+1","Cloak And Dagger+1"],"picked":"Masterful Stab","floor":31.0}],"player_experience":378521,"relics_obtained":[{"floor":7.0,"key":"Bottled Flame"},{"floor":9.0,"key":"Happy Flower"},{"floor":13.0,"key":"Pear"},{"floor":26.0,"key":"Paper Crane"}],"event_choices":[{"damage_healed":0.0,"max_hp_gain":0.0,"max_hp_loss":0.0,"gold_gain":0.0,"event_name":"Liars Game","player_choice":"Ignored","floor":2.0,"gold_loss":0.0,"damage_taken":0.0},{"damage_healed":0.0,"max_hp_gain":0.0,"max_hp_loss":0.0,"gold_gain":0.0,"event_name":"Scrap Ooze","player_choice":"Success","floor":4.0,"gold_loss":0.0,"damage_taken":25.0,"relics_obtained":["Torii"]},{"damage_healed":17.0,"max_hp_gain":0.0,"max_hp_loss":0.0,"gold_gain":0.0,"event_name":"The Cleric","player_choice":"Healed","floor":10.0,"gold_loss":35.0,"damage_taken":0.0},{"damage_healed":0.0,"max_hp_gain":0.0,"max_hp_loss":0.0,"gold_gain":0.0,"event_name":"Masked Bandits","player_choice":"Paid Fearfully","floor":20.0,"gold_loss":234.0,"damage_taken":0.0}],"is_beta":false,"boss_relics":[{"not_picked":["Busted Crown","Pandora\u0027s Box"],"picked":"Eternal Feather"}],"items_purged_floors":[],"is_endless":false,"potions_floor_spawned":[5,7,13,16,18,19,21,28],"killed_by":"Collector","ascension_level":6}