{"gold_per_floor":[115,128,128,142,33,33,57,57,57,90,102,114,126,154,166,278,290,317,329,352,376,438,450,462],"floor_reached":24,"playtime":1001,"items_purged":["Strike_R"],"score":285,"play_id":"a3e95a49-1ed7-4270-969c-a79d9edb6406","local_time":"20190209175329","is_ascension_mode":true,"campfire_choices":[{"data":"Demon Form","floor":6,"key":"SMITH"},{"data":"Heavy Blade","floor":8,"key":"SMITH"},{"data":"Shockwave","floor":13,"key":"SMITH"},{"floor":15,"key":"REST"},{"data":"True Grit","floor":23,"key":"SMITH"}],"neow_cost":"CURSE","seed_source_timestamp":39057904940409,"circlet_count":0,"master_deck":["Strike_R","Strike_R","Strike_R","Strike_R","Defend_R","Defend_R","Defend_R","Defend_R","Bash","Heavy Blade+1","Demon Form+1","Shockwave+1","Flame Barrier","True Grit+1","Limit Break"],"special_seed":0,"relics":["Burning Blood","Magic Flower","Odd Mushroom","Ornamental Fan","MawBank","Busted Crown"],"potions_floor_usage":[24],"damage_taken":[{"damage":2.0,"enemies":"Small Slimes","floor":1.0,"turns":3.0},{"damage":6,"enemies":"Cultist","floor":2,"turns":4},{"damage":0,"enemies":"2 Louse","floor":4,"turns":3},{"damage":50,"enemies":"The Mushroom Lair","floor":7,"turns":7},{"damage":5,"enemies":"Lagavulin","floor":10,"turns":5},{"damage":23,"enemies":"Exordium Wildlife","floor":14,"turns":4},{"damage":33,"enemies":"The Guardian","floor":16,"turns":8},{"damage":32,"enemies":"2 Thieves","floor":18,"turns":5},{"damage":8,"enemies":"Shell Parasite","floor":20,"turns":4},{"damage":13,"enemies":"Snecko","floor":21,"turns":5},{"damage":42,"enemies":"Slavers","floor":24,"turns":4}],"seed_played":"-954846824432893900","potions_obtained":[{"floor":2,"key":"Dexterity Potion"},{"floor":16,"key":"Weak Potion"},{"floor":20,"key":"Ancient Potion"},{"floor":21,"key":"Block Potion"}],"is_trial":false,"path_per_floor":["M","M","?","M","$","R","?","R","T","E","$","$","R","M","R","B",null,"M","?","M","M","?","R","E"],"character_chosen":"IRONCLAD","items_purchased":["Shockwave"],"campfire_rested":1,"item_purchase_floors":[5],"current_hp_per_floor":[79,80,80,80,80,80,39,39,39,43,43,43,43,29,53,29,67,44,44,45,41,41,41,0],"gold":462,"neow_bonus":"ONE_RARE_RELIC","is_prod":false,"is_daily":false,"chose_seed":false,"campfire_upgraded":4,"win_rate":0,"timestamp":1549763609,"path_taken":["M","M","?","?","?","R","?","R","T","E","?","$","R","M","R","BOSS","M","?","M","?","?","R","E"],"build_version":"2019-01-23","purchased_purges":1,"victory":false,"max_hp_per_floor":[80,80,80,80,80,80,80,80,80,80,80,80,80,80,80,80,80,80,80,80,80,80,80,80],"card_choices":[{"not_picked":["Havoc","Sword Boomerang","Rampage"],"picked":"SKIP","floor":1.0},{"not_picked":["Anger","Thunderclap"],"picked":"Heavy Blade","floor":2},{"not_picked":["Rampage","Cleave"],"picked":"Demon Form","floor":4},{"not_picked":["Pommel Strike","Armaments"],"picked":"Flame Barrier","floor":10},{"not_picked":["Pommel Strike","Rupture"],"picked":"True Grit","floor":14},{"not_picked":["Dark Embrace","Demon Form"],"picked":"Limit Break","floor":16},{"not_picked":["Perfected Strike"],"picked":"SKIP","floor":18},{"not_picked":["Anger+1"],"picked":"SKIP","floor":20},{"not_picked":["Pommel Strike"],"picked":"SKIP","floor":21}],"player_experience":315394,"relics_obtained":[{"floor":7,"key":"Odd Mushroom"},{"floor":9,"key":"Ornamental Fan"},{"floor":10,"key":"MawBank"}],"event_choices":[{"cards_removed":["Regret"],"damage_healed":0,"gold_gain":0,"player_choice":"Removed Curses","damage_taken":0,"max_hp_gain":0,"max_hp_loss":0,"event_name":"Fountain of Cleansing","floor":3,"gold_loss":0},{"damage_healed":0,"gold_gain":0,"player_choice":"Fought Mushrooms","damage_taken":0,"max_hp_gain":0,"max_hp_loss":0,"event_name":"Mushrooms","floor":7,"gold_loss":0},{"damage_healed":0,"gold_gain":0,"player_choice":"0 cards matched","damage_taken":0,"max_hp_gain":0,"max_hp_loss":0,"event_name":"Match and Keep!","floor":19,"gold_loss":0,"cards_obtained":[]},{"damage_healed":0,"gold_gain":100,"player_choice":"Bet on Murderer","damage_taken":0,"max_hp_gain":0,"max_hp_loss":0,"event_name":"The Joust","floor":22,"gold_loss":50}],"is_beta":false,"boss_relics":[{"not_picked":["Runic Cube","Pandora\u0027s Box"],"picked":"Busted Crown"}],"items_purged_floors":[5],"is_endless":false,"potions_floor_spawned":[2,16,20,21],"killed_by":"Slavers","ascension_level":6}