{"gold_per_floor":[113,113,126,126,36,36,52,52,52,52,78,88,116,5,5,82,82,102,118,118,118,131,131,50,50,96,96,127,138,28,55,55,134,134,151,8,0,0,19,19,33,62,62,72,72,104,153,153],"floor_reached":48,"playtime":3974,"items_purged":[],"score":1152,"play_id":"6b0d80bc-9f79-4d0c-a010-0f2df2e4eb77","local_time":"20190128222216","is_ascension_mode":true,"campfire_choices":[{"data":"Zap","floor":6.0,"key":"SMITH"},{"data":"Discovery","floor":8.0,"key":"SMITH"},{"data":"Static Discharge","floor":10.0,"key":"SMITH"},{"floor":15.0,"key":"REST"},{"data":"Chill","floor":23.0,"key":"SMITH"},{"data":"Buffer","floor":25.0,"key":"SMITH"},{"data":"Rainbow","floor":27.0,"key":"SMITH"},{"floor":32.0,"key":"REST"},{"data":"Buffer","floor":40,"key":"SMITH"},{"floor":45,"key":"RECALL"}],"neow_cost":"NONE","seed_source_timestamp":389147693521184,"circlet_count":0,"master_deck":["AscendersBane","Strike_B","Strike_B","Strike_B","Strike_B","Defend_B","Defend_B","Defend_B","Zap+1","Dualcast","Sweeping Beam","Static Discharge+1","Cold Snap","Discovery+1","Coolheaded","Rip and Tear","Conserve Battery","Echo Form","Glacier","Sweeping Beam+1","Rainbow+1","Lockon+1","Capacitor","Chill+1","Buffer+1","Buffer+1","Cold Snap","Double Energy","Machine Learning","Compile Driver","Blizzard","Gash","Madness","Madness","Compile Driver","Sweeping Beam+1","Tempest+1","Regret","Skim","Hologram","Rainbow"],"special_seed":0,"relics":["Cracked Core","NeowsBlessing","Vajra","Bottled Tornado","Oddly Smooth Stone","Bag of Preparation","Cursed Key","MutagenicStrength","Orichalcum","Dodecahedron","Bottled Lightning","Coffee Dripper","Red Mask","Bottled Flame","Gremlin Horn","StoneCalendar"],"potions_floor_usage":[33,35,39,47,48],"damage_taken":[{"damage":0.0,"enemies":"Cultist","floor":1.0,"turns":1.0},{"damage":0.0,"enemies":"Small Slimes","floor":3.0,"turns":1.0},{"damage":0.0,"enemies":"2 Louse","floor":7.0,"turns":1.0},{"damage":11.0,"enemies":"3 Sentries","floor":11.0,"turns":4.0},{"damage":7.0,"enemies":"Exordium Thugs","floor":12.0,"turns":2.0},{"damage":9.0,"enemies":"Lagavulin","floor":13.0,"turns":5.0},{"damage":16.0,"enemies":"The Guardian","floor":16.0,"turns":11.0},{"damage":16.0,"enemies":"2 Thieves","floor":18.0,"turns":2.0},{"damage":0.0,"enemies":"Chosen","floor":19.0,"turns":4.0},{"damage":12.0,"enemies":"Snake Plant","floor":22.0,"turns":2.0},{"damage":17.0,"enemies":"Book of Stabbing","floor":28.0,"turns":5.0},{"damage":11.0,"enemies":"Centurion and Healer","floor":29.0,"turns":6.0},{"damage":1.0,"enemies":"Gremlin Leader","floor":31.0,"turns":9.0},{"damage":0,"enemies":"Champ","floor":33,"turns":13},{"damage":3,"enemies":"Orb Walker","floor":35,"turns":4},{"damage":0,"enemies":"3 Darklings","floor":39,"turns":4},{"damage":0,"enemies":"4 Shapes","floor":41,"turns":5},{"damage":0,"enemies":"Giant Head","floor":42,"turns":10},{"damage":0,"enemies":"Maw","floor":44,"turns":7},{"damage":18,"enemies":"Reptomancer","floor":46,"turns":7},{"damage":13,"enemies":"2 Orb Walkers","floor":47,"turns":4},{"damage":29,"enemies":"Nemesis","floor":48,"turns":2}],"seed_played":"-2036360200284607154","potions_obtained":[{"floor":1.0,"key":"SpeedPotion"},{"floor":3.0,"key":"SkillPotion"},{"floor":13.0,"key":"Strength Potion"},{"floor":31.0,"key":"Regen Potion"},{"floor":33,"key":"Fruit Juice"},{"floor":35,"key":"AttackPotion"},{"floor":39,"key":"Swift Potion"},{"floor":47,"key":"SpeedPotion"}],"is_trial":false,"path_per_floor":["M","?","M","?","$","R","M","R","T","R","E","M","E","$","R","B",null,"M","M","?","$","M","R","$","R","T","R","E","M","?","E","R","B",null,"M","$","?","?","M","R","M","E","T","M","R","E","?","E"],"character_chosen":"DEFECT","items_purchased":["Discovery","Glacier","Sweeping Beam","Buffer","Blizzard","Gash"],"campfire_rested":2,"item_purchase_floors":[5,14,14,24,36,36],"current_hp_per_floor":[64,64,64,53,53,53,53,53,53,53,42,35,26,26,47,31,61,45,45,45,45,33,33,33,33,33,33,16,5,5,4,25,40,63,65,65,65,51,51,51,51,51,51,51,51,33,20,0],"gold":153,"neow_bonus":"THREE_ENEMY_KILL","is_prod":false,"is_daily":false,"chose_seed":false,"campfire_upgraded":7,"win_rate":0,"timestamp":1548710536,"path_taken":["M","?","?","?","$","R","M","R","T","R","E","M","E","$","R","BOSS","M","M","?","?","?","R","$","R","T","R","E","M","?","E","R","BOSS","M","?","?","?","M","R","M","E","T","M","R","E","?","E"],"build_version":"2019-01-23","purchased_purges":0,"victory":false,"max_hp_per_floor":[71,71,71,71,71,71,71,71,71,71,71,71,71,71,71,71,71,71,71,71,71,71,71,71,71,71,71,71,71,71,71,71,71,71,76,76,76,76,76,76,76,76,76,76,76,76,76,76],"card_choices":[{"not_picked":["Undo","Conserve Battery"],"picked":"Sweeping Beam","floor":1.0},{"not_picked":["Sweeping Beam","Streamline"],"picked":"Cold Snap","floor":3.0},{"not_picked":["Compile Driver","Capacitor"],"picked":"Coolheaded","floor":7.0},{"not_picked":["Compile Driver","Cold Snap"],"picked":"Rip and Tear","floor":11.0},{"not_picked":["Hologram","Ball Lightning"],"picked":"Conserve Battery","floor":12.0},{"not_picked":["Barrage","Sunder"],"picked":"Echo Form","floor":13.0},{"not_picked":["Biased Cognition","Buffer"],"picked":"Rainbow","floor":16.0},{"not_picked":["Hologram","Barrage+1"],"picked":"Lockon+1","floor":18.0},{"not_picked":["Force Field","Beam Cell"],"picked":"Capacitor","floor":19.0},{"not_picked":["Coolheaded","Scrape+1"],"picked":"Chill","floor":22.0},{"not_picked":["Skim","Static Discharge"],"picked":"Buffer","floor":28.0},{"not_picked":["Beam Cell","Steam+1"],"picked":"Cold Snap","floor":29.0},{"not_picked":["Lockon","Leap"],"picked":"Double Energy","floor":31.0},{"not_picked":["Core Surge","All For One"],"picked":"Machine Learning","floor":33},{"not_picked":["Gash","Coolheaded"],"picked":"Compile Driver","floor":35},{"not_picked":["Rebound","Turbo"],"picked":"Compile Driver","floor":39},{"not_picked":["Cold Snap","Coolheaded+1"],"picked":"Sweeping Beam+1","floor":41},{"not_picked":["Coolheaded","Chill"],"picked":"Tempest+1","floor":42},{"not_picked":["Turbo","Compile Driver+1"],"picked":"Skim","floor":44},{"not_picked":["Blizzard","Steam"],"picked":"Hologram","floor":46},{"not_picked":["Doom and Gloom","Streamline+1"],"picked":"Rainbow","floor":47}],"player_experience":629502,"relics_obtained":[{"floor":9.0,"key":"Bottled Tornado"},{"floor":11.0,"key":"Oddly Smooth Stone"},{"floor":13.0,"key":"Bag of Preparation"},{"floor":26.0,"key":"Orichalcum"},{"floor":28.0,"key":"Dodecahedron"},{"floor":31.0,"key":"Bottled Lightning"},{"floor":42,"key":"Bottled Flame"},{"floor":46,"key":"Gremlin Horn"},{"floor":47,"key":"StoneCalendar"}],"event_choices":[{"damage_healed":0.0,"max_hp_gain":0.0,"max_hp_loss":0.0,"gold_gain":0.0,"cards_transformed":["Defend_B"],"event_name":"Transmorgrifier","player_choice":"Transformed","floor":2.0,"gold_loss":0.0,"damage_taken":0.0,"cards_obtained":["Static Discharge"]},{"damage_healed":0.0,"max_hp_gain":0.0,"max_hp_loss":0.0,"gold_gain":0.0,"event_name":"Scrap Ooze","player_choice":"Success","floor":4.0,"gold_loss":0.0,"damage_taken":11.0,"relics_obtained":["Vajra"]},{"damage_healed":0.0,"max_hp_gain":0.0,"max_hp_loss":0.0,"gold_gain":0.0,"event_name":"Drug Dealer","player_choice":"Inject Mutagens","floor":20.0,"gold_loss":0.0,"damage_taken":0.0,"relics_obtained":["MutagenicStrength"]},{"cards_removed":["Writhe"],"damage_healed":0.0,"max_hp_gain":0.0,"max_hp_loss":0.0,"gold_gain":0.0,"event_name":"Designer","player_choice":"Upgrade and Remove","floor":30.0,"gold_loss":110.0,"damage_taken":0.0,"cards_upgraded":["Sweeping Beam"]},{"damage_healed":0,"gold_gain":0,"player_choice":"Paid","damage_taken":0,"relics_obtained":["Red Mask"],"max_hp_gain":0,"max_hp_loss":0,"event_name":"Tomb of Lord Red Mask","floor":37,"gold_loss":8},{"damage_healed":0,"gold_gain":0,"player_choice":"Embrace Madness","damage_taken":14,"max_hp_gain":0,"max_hp_loss":0,"event_name":"Winding Halls","floor":38,"gold_loss":0,"cards_obtained":["Madness","Madness"]},{"damage_healed":0,"gold_gain":0,"player_choice":"Fight","damage_taken":0,"max_hp_gain":0,"max_hp_loss":0,"event_name":"Mysterious Sphere","floor":47,"gold_loss":0}],"is_beta":false,"boss_relics":[{"not_picked":["White Beast Statue","FrozenCore"],"picked":"Cursed Key"},{"not_picked":["Runic Pyramid","Empty Cage"],"picked":"Coffee Dripper"}],"items_purged_floors":[],"is_endless":false,"potions_floor_spawned":[1,3,13,31,33,35,39,47],"killed_by":"Nemesis","ascension_level":17}