{"path_per_floor":["M","?","M","T","M","$","R","?","T","M","?","M","M","R"],"character_chosen":"IRONCLAD","items_purchased":["Oddly Smooth Stone"],"gold_per_floor":[216,216,226,226,241,98,98,128,155,170,193,207,287,287,287],"floor_reached":15,"campfire_rested":0,"playtime":749,"current_hp_per_floor":[76,76,80,80,80,80,80,87,87,87,61,53,53,53,0],"items_purged":[],"gold":287,"score":107,"play_id":"fd85278f-7389-4ef5-9c21-d34b83389a19","local_time":"20180513161832","is_prod":false,"is_daily":false,"chose_seed":false,"is_ascension_mode":true,"campfire_upgraded":2,"timestamp":1526253512,"path_taken":["M","?","M","?","M","$","R","?","T","M","?","M","?","M","R","BOSS"],"build_version":"2018-05-10","seed_source_timestamp":0,"purchased_purges":0,"victory":false,"master_deck":["Strike_R","Strike_R","Strike_R","Strike_R","Strike_R","Defend_R","Defend_R","Defend_R","Defend_R","Bash","Body Slam+1","True Grit+1","Clothesline+1","Spot Weakness","Cleave"],"max_hp_per_floor":[80,80,80,80,80,80,80,87,87,87,87,87,87,87,87],"relics":["Burning Blood","Sundial","Oddly Smooth Stone","Strawberry","Blood Vial","Odd Mushroom"],"card_choices":[{"not_picked":["Havoc","Wild Strike"],"picked":"Body Slam","floor":1.0},{"not_picked":["Heavy Blade","Thunderclap"],"picked":"True Grit","floor":3.0},{"not_picked":["Twin Strike","Anger"],"picked":"Clothesline","floor":5.0},{"not_picked":["Burning Pact","Perfected Strike"],"picked":"Spot Weakness","floor":10.0},{"not_picked":["Dual Wield","Sword Boomerang"],"picked":"Cleave","floor":12.0}],"player_experience":167675,"potions_floor_usage":[],"damage_taken":[{"damage":10.0,"enemies":"Small Slimes","floor":1.0,"turns":4.0},{"damage":1.0,"enemies":"2 Louse","floor":3.0,"turns":3.0},{"damage":6.0,"enemies":"Jaw Worm","floor":5.0,"turns":4.0},{"damage":4.0,"enemies":"2 Fungi Beasts","floor":10.0,"turns":5.0},{"damage":32.0,"enemies":"The Mushroom Lair","floor":11.0,"turns":6.0},{"damage":16.0,"enemies":"Large Slime","floor":12.0,"turns":9.0},{"damage":9.0,"enemies":"Blue Slaver","floor":13.0,"turns":4.0},{"damage":7,"enemies":"2 Fungi Beasts","floor":13,"turns":3},{"damage":60,"enemies":"Hexaghost","floor":15,"turns":11}],"event_choices":[{"event_name":"Living Wall","player_choice":"Grow","floor":2.0,"damage_taken":0.0},{"event_name":"Dead Adventurer","player_choice":"Searched \u00273\u0027 times","floor":8.0,"damage_taken":0.0},{"event_name":"Mushrooms","player_choice":"Fought Mushrooms","floor":11.0,"damage_taken":0.0},{"event_name":"Golden Wing","player_choice":"Gained Gold","floor":13,"damage_taken":0}],"boss_relics":[],"potions_floor_spawned":[3,13],"seed_played":"9101476527911321564","killed_by":"Hexaghost","ascension_level":4,"is_trial":false}