{"gold_per_floor":[111,40,40,215,94,94,112,123,149,184,214,214,214,229,229,229],"floor_reached":16,"playtime":514,"items_purged":["Doubt"],"score":143,"play_id":"883f0f51-fb05-4ad3-ba20-a65b3eac1da0","local_time":"20181220190240","is_ascension_mode":true,"campfire_choices":[{"data":"Infinite Blades","floor":6,"key":"SMITH"},{"floor":12,"key":"REST"},{"data":"Choke","floor":15,"key":"SMITH"}],"neow_cost":"PERCENT_DAMAGE","seed_source_timestamp":191877269183145,"circlet_count":0,"master_deck":["Defend_G","Defend_G","Defend_G","Defend_G","Defend_G+1","Strike_G","Strike_G","Strike_G","Strike_G","Strike_G","Survivor+1","Neutralize","Infinite Blades+1","Choke+1","Blade Dance","Backstab","Blade Dance","Backstab"],"relics":["Ring of the Snake","Pocketwatch","Odd Mushroom","War Paint"],"potions_floor_usage":[10],"damage_taken":[{"damage":4,"enemies":"Jaw Worm","floor":1,"turns":6},{"damage":5,"enemies":"Small Slimes","floor":7,"turns":3},{"damage":7,"enemies":"2 Louse","floor":8,"turns":2},{"damage":26,"enemies":"Lagavulin","floor":10,"turns":6},{"damage":8,"enemies":"The Mushroom Lair","floor":11,"turns":4},{"damage":2,"enemies":"Exordium Wildlife","floor":14,"turns":4},{"damage":17,"enemies":"Hexaghost","floor":16,"turns":9}],"seed_played":"9075585336020002330","potions_obtained":[{"floor":1,"key":"Fire Potion"},{"floor":11,"key":"GamblersBrew"}],"is_trial":false,"path_per_floor":["M","$","?","?","$","R","M","M","T","E","?","R","?","M","R","B"],"character_chosen":"THE_SILENT","items_purchased":["Choke","Blade Dance"],"campfire_rested":1,"item_purchase_floors":[2,5],"current_hp_per_floor":[59,59,64,64,64,64,59,52,52,26,18,44,19,17,17,0],"gold":229,"neow_bonus":"TWENTY_PERCENT_HP_BONUS","is_prod":false,"is_daily":false,"chose_seed":false,"campfire_upgraded":2,"win_rate":0,"timestamp":1545350560,"path_taken":["M","$","?","?","?","R","M","?","T","E","?","R","?","M","R","BOSS"],"build_version":"2018-12-13","purchased_purges":1,"victory":false,"max_hp_per_floor":[84,84,89,89,89,89,89,89,89,89,89,89,89,89,89,89],"card_choices":[{"not_picked":["Sucker Punch","All Out Attack"],"picked":"Infinite Blades","floor":1},{"not_picked":["Leg Sweep","Underhanded Strike"],"picked":"Backstab","floor":7},{"not_picked":["PiercingWail","Dagger Throw","Outmaneuver"],"picked":"SKIP","floor":8},{"not_picked":["Concentrate","Poisoned Stab"],"picked":"Blade Dance","floor":10},{"not_picked":["Quick Slash","Slice"],"picked":"Backstab","floor":11},{"not_picked":["Sucker Punch","Bouncing Flask","Bane"],"picked":"SKIP","floor":14}],"player_experience":302481,"relics_obtained":[{"floor":10,"key":"Pocketwatch"},{"floor":11,"key":"Odd Mushroom"}],"event_choices":[{"damage_healed":0,"gold_gain":0,"player_choice":"Donut","damage_taken":0,"max_hp_gain":5,"max_hp_loss":0,"event_name":"Big Fish","floor":3,"gold_loss":0},{"damage_healed":0,"gold_gain":175,"player_choice":"AGREE","damage_taken":0,"max_hp_gain":0,"max_hp_loss":0,"event_name":"Liars Game","floor":4,"gold_loss":0,"cards_obtained":["Doubt"]},{"damage_healed":0,"gold_gain":0,"player_choice":"Fought Mushrooms","damage_taken":0,"max_hp_gain":0,"max_hp_loss":0,"event_name":"Mushrooms","floor":11,"gold_loss":0},{"damage_healed":0,"gold_gain":0,"player_choice":"Success","damage_taken":25,"relics_obtained":["War Paint"],"max_hp_gain":0,"max_hp_loss":0,"event_name":"Scrap Ooze","floor":13,"gold_loss":0}],"is_beta":false,"boss_relics":[],"items_purged_floors":[5],"is_endless":false,"potions_floor_spawned":[1,11],"killed_by":"Hexaghost","ascension_level":4}