{"gold_per_floor":[219,494,508,520,536,536,536,536,561,113,113,123,140,140,140,213,213,224,224,239,254,254],"floor_reached":22,"playtime":1072,"items_purged":["Regret"],"score":294,"play_id":"5e7236c7-00fc-4012-813a-17d4af0e97f4","local_time":"20190224083154","is_ascension_mode":true,"campfire_choices":[{"data":"Zap","floor":6,"key":"SMITH"},{"data":"Sunder","floor":8,"key":"SMITH"},{"floor":11,"key":"REST"},{"data":"Conserve Battery","floor":15,"key":"SMITH"}],"neow_cost":"NONE","seed_source_timestamp":91966057695483,"circlet_count":0,"master_deck":["AscendersBane","Strike_B","Strike_B","Strike_B","Defend_B","Defend_B","Defend_B","Defend_B","Zap+1","Dualcast+1","Conserve Battery+1","Sunder+1","Seek+1","Echo Form","Coolheaded+1","Rip and Tear","Loop+1"],"relics":["Cracked Core","The Courier","Omamori","Bronze Scales","Tiny Chest","War Paint","Question Card","Black Star"],"potions_floor_usage":[13,16,21],"damage_taken":[{"damage":4,"enemies":"Jaw Worm","floor":1,"turns":4},{"damage":5,"enemies":"Cultist","floor":3,"turns":4},{"damage":22,"enemies":"Small Slimes","floor":4,"turns":4},{"damage":8,"enemies":"Red Slaver","floor":5,"turns":5},{"damage":0,"enemies":"Exordium Wildlife","floor":12,"turns":2},{"damage":0,"enemies":"Blue Slaver","floor":13,"turns":1},{"damage":21,"enemies":"The Guardian","floor":16,"turns":12},{"damage":36,"enemies":"2 Thieves","floor":18,"turns":5},{"damage":0,"enemies":"Chosen","floor":20,"turns":5},{"damage":12,"enemies":"Snake Plant","floor":21,"turns":4},{"damage":15,"enemies":"Centurion and Healer","floor":22,"turns":2}],"seed_played":"3454666998844402839","potions_obtained":[{"floor":4,"key":"Weak Potion"},{"floor":12,"key":"Energy Potion"},{"floor":13,"key":"LiquidBronze"},{"floor":16,"key":"EssenceOfSteel"}],"is_trial":false,"path_per_floor":["M","?","M","M","M","R","T","R","T","$","R","M","M","?","R","B",null,"M","?","M","M","M"],"character_chosen":"DEFECT","items_purchased":["Seek","Bronze Scales","Tiny Chest","War Paint"],"campfire_rested":1,"item_purchase_floors":[10,10,10,10],"current_hp_per_floor":[64,64,59,37,29,29,29,29,29,29,51,51,51,33,33,12,59,23,23,23,11,0],"gold":254,"neow_bonus":"HUNDRED_GOLD","is_prod":false,"is_daily":false,"chose_seed":false,"campfire_upgraded":3,"win_rate":0,"timestamp":1551025914,"path_taken":["M","?","M","M","?","R","?","R","T","$","R","M","?","?","R","BOSS","M","?","M","?","M"],"build_version":"2019-01-23","purchased_purges":1,"victory":false,"max_hp_per_floor":[75,75,75,75,75,75,75,75,75,75,75,75,75,75,75,75,75,75,75,75,75,75],"card_choices":[{"not_picked":["Redo","Stack"],"picked":"Conserve Battery","floor":1},{"not_picked":["Barrage","Turbo","Steam"],"picked":"SKIP","floor":3},{"not_picked":["Leap","Chaos","Stack"],"picked":"SKIP","floor":4},{"not_picked":["Gash","Stack"],"picked":"Sunder","floor":5},{"not_picked":["Aggregate","Leap","Turbo"],"picked":"SKIP","floor":12},{"not_picked":["Ball Lightning","Rebound","Stack"],"picked":"SKIP","floor":13},{"not_picked":["Thunder Strike","Multi-Cast","Buffer"],"picked":"Echo Form","floor":16},{"not_picked":["Tempest","Barrage","Gash"],"picked":"Coolheaded+1","floor":18},{"not_picked":["Sweeping Beam","Consume","Leap"],"picked":"Loop+1","floor":20},{"not_picked":["Leap","Gash","Heatsinks+1","Barrage+1"],"picked":"SKIP","floor":21}],"player_experience":492861,"relics_obtained":[{"floor":7,"key":"The Courier"},{"floor":9,"key":"Omamori"}],"event_choices":[{"damage_healed":0,"gold_gain":275,"player_choice":"Desecrate","damage_taken":0,"max_hp_gain":0,"max_hp_loss":0,"event_name":"Golden Shrine","floor":2,"gold_loss":0,"cards_obtained":["Regret"]},{"damage_healed":0,"gold_gain":0,"player_choice":"Success","damage_taken":18,"relics_obtained":["Question Card"],"max_hp_gain":0,"max_hp_loss":0,"event_name":"Scrap Ooze","floor":14,"gold_loss":0},{"damage_healed":0,"gold_gain":0,"cards_transformed":["Strike_B"],"player_choice":"Transformed","damage_taken":0,"max_hp_gain":0,"max_hp_loss":0,"event_name":"Transmorgrifier","floor":19,"gold_loss":0,"cards_obtained":["Rip and Tear"]}],"is_beta":false,"boss_relics":[{"not_picked":["Snecko Eye","Coffee Dripper"],"picked":"Black Star"}],"items_purged_floors":[10],"is_endless":false,"potions_floor_spawned":[4,12,13,16,18],"killed_by":"Centurion and Healer","ascension_level":13}