{"gold_per_floor":[114,114,114,114,189,189,206,239,266,284,44,61,78,78,78,78],"floor_reached":16,"playtime":438,"items_purged":["Strike_G"],"score":185,"play_id":"837a8439-e976-452b-9ec5-0fafddc0e749","local_time":"20190225213028","is_ascension_mode":true,"campfire_choices":[{"floor":6,"key":"REST"},{"floor":15,"key":"REST"}],"neow_cost":"NONE","seed_source_timestamp":557394285833676,"circlet_count":0,"master_deck":["AscendersBane","Defend_G","Defend_G","Defend_G","Defend_G","Defend_G+1","Strike_G","Strike_G","Strike_G","Survivor","Neutralize","Flying Knee+1","Dagger Throw","Expertise","Dagger Throw","Malaise","Phantasmal Killer","Dodge and Roll"],"relics":["Lizard Tail","Tingsha","Juzu Bracelet","Happy Flower","Bird Faced Urn"],"potions_floor_usage":[13,16],"damage_taken":[{"damage":16,"enemies":"Cultist","floor":1,"turns":5},{"damage":3,"enemies":"2 Louse","floor":7,"turns":4},{"damage":36,"enemies":"Gremlin Nob","floor":8,"turns":6},{"damage":0,"enemies":"Small Slimes","floor":10,"turns":4},{"damage":2,"enemies":"3 Louse","floor":12,"turns":5},{"damage":10,"enemies":"Exordium Thugs","floor":13,"turns":5},{"damage":31,"enemies":"Slime Boss","floor":16,"turns":7}],"seed_played":"-324481999347791365","potions_obtained":[{"floor":12,"key":"GhostInAJar"},{"floor":13,"key":"Poison Potion"}],"is_trial":false,"path_per_floor":["M","T","?","?","?","R","M","E","T","M","$","M","M","T","R","B"],"character_chosen":"THE_SILENT","items_purchased":["Malaise"],"campfire_rested":2,"item_purchase_floors":[11],"current_hp_per_floor":[43,43,23,16,5,24,21,21,21,21,21,19,9,9,28,0],"gold":78,"neow_bonus":"BOSS_RELIC","is_prod":false,"is_daily":false,"chose_seed":false,"campfire_upgraded":0,"win_rate":0,"timestamp":1551148228,"path_taken":["M","?","?","?","?","R","M","E","T","M","$","M","M","?","R","BOSS"],"build_version":"2019-01-23","purchased_purges":1,"victory":false,"max_hp_per_floor":[66,66,66,66,66,66,66,66,66,66,66,66,66,66,66,66],"card_choices":[{"not_picked":["Slice","Deflect"],"picked":"Flying Knee","floor":1},{"not_picked":["Outmaneuver","Slice"],"picked":"Dagger Throw","floor":7},{"not_picked":["Cloak And Dagger","Poisoned Stab"],"picked":"Expertise","floor":8},{"not_picked":["Flying Knee","Bane"],"picked":"Dagger Throw","floor":10},{"not_picked":["PiercingWail","Poisoned Stab"],"picked":"Phantasmal Killer","floor":12},{"not_picked":["Flying Knee","Poisoned Stab"],"picked":"Dodge and Roll","floor":13}],"player_experience":844522,"relics_obtained":[{"floor":2,"key":"Tingsha"},{"floor":8,"key":"Juzu Bracelet"},{"floor":9,"key":"Happy Flower"},{"floor":14,"key":"Bird Faced Urn"}],"event_choices":[{"damage_healed":0,"gold_gain":0,"player_choice":"Entered Light","damage_taken":20,"max_hp_gain":0,"max_hp_loss":0,"event_name":"Shining Light","floor":3,"gold_loss":0,"cards_upgraded":["Defend_G","Flying Knee"]},{"cards_removed":["Strike_G"],"damage_healed":0,"gold_gain":0,"player_choice":"Card Removal","damage_taken":7,"max_hp_gain":0,"max_hp_loss":0,"event_name":"Golden Wing","floor":4,"gold_loss":0},{"damage_healed":0,"gold_gain":75,"player_choice":"Gather Gold","damage_taken":11,"max_hp_gain":0,"max_hp_loss":0,"event_name":"World of Goop","floor":5,"gold_loss":0}],"is_beta":false,"boss_relics":[],"items_purged_floors":[11],"is_endless":false,"potions_floor_spawned":[12,13],"killed_by":"Slime Boss","ascension_level":17}