{"gold_per_floor":[110,120,120,120,45,45,80,94,94,122,138,138],"floor_reached":12,"playtime":510,"items_purged":["Defend_R"],"score":158,"play_id":"0d2cb981-df0a-4599-8c30-49ef43e03bcd","local_time":"20190126101927","is_ascension_mode":true,"campfire_choices":[{"data":"Spot Weakness","floor":6,"key":"SMITH"}],"neow_cost":"PERCENT_DAMAGE","seed_source_timestamp":726925963578617,"circlet_count":0,"master_deck":["AscendersBane","Strike_R","Strike_R","Strike_R","Defend_R","Defend_R","Defend_R","Bash","Perfected Strike+1","Spot Weakness+1","Battle Trance","Sword Boomerang","Sentinel+1"],"relics":["Burning Blood","Bottled Flame","Toxic Egg 2","Paper Frog"],"potions_floor_usage":[12],"damage_taken":[{"damage":0,"enemies":"2 Louse","floor":1,"turns":4},{"damage":8,"enemies":"Jaw Worm","floor":2,"turns":4},{"damage":40,"enemies":"Lagavulin","floor":7,"turns":6},{"damage":0,"enemies":"Small Slimes","floor":8,"turns":3},{"damage":24,"enemies":"Gremlin Nob","floor":10,"turns":4},{"damage":5,"enemies":"3 Louse","floor":11,"turns":4},{"damage":13,"enemies":"3 Sentries","floor":12,"turns":5}],"seed_played":"3258669374317330038","potions_obtained":[{"floor":7,"key":"Dexterity Potion"},{"floor":11,"key":"FearPotion"}],"is_trial":false,"path_per_floor":["M","M","?","?","$","R","E","M","T","E","M","E"],"character_chosen":"IRONCLAD","items_purchased":[],"campfire_rested":0,"item_purchase_floors":[],"current_hp_per_floor":[56,54,54,54,54,54,20,26,26,8,9,0],"gold":138,"neow_bonus":"REMOVE_TWO","is_prod":false,"is_daily":false,"chose_seed":false,"campfire_upgraded":1,"win_rate":0,"timestamp":1548515967,"path_taken":["M","M","?","?","$","R","E","M","T","E","?","E"],"build_version":"2019-01-23","purchased_purges":1,"victory":false,"max_hp_per_floor":[75,75,75,75,75,75,75,75,75,75,75,75],"card_choices":[{"not_picked":["Pommel Strike","Havoc"],"picked":"Perfected Strike","floor":1},{"not_picked":["Cleave","Pummel"],"picked":"Spot Weakness","floor":2},{"not_picked":["Wild Strike","Warcry"],"picked":"Battle Trance","floor":7},{"not_picked":["Seeing Red","Reckless Charge"],"picked":"Sword Boomerang","floor":8},{"not_picked":["Entrench+1","Warcry+1"],"picked":"Sentinel+1","floor":10},{"not_picked":["Armaments+1","Headbutt","Corruption"],"picked":"SKIP","floor":11}],"player_experience":464966,"relics_obtained":[{"floor":7,"key":"Bottled Flame"},{"floor":9,"key":"Toxic Egg 2"},{"floor":10,"key":"Paper Frog"}],"event_choices":[{"damage_healed":0,"gold_gain":0,"player_choice":"Ignored","damage_taken":0,"max_hp_gain":0,"max_hp_loss":0,"event_name":"Shining Light","floor":3,"gold_loss":0},{"damage_healed":0,"gold_gain":0,"player_choice":"Grow","damage_taken":0,"max_hp_gain":0,"max_hp_loss":0,"event_name":"Living Wall","floor":4,"gold_loss":0,"cards_upgraded":["Perfected Strike"]}],"is_beta":false,"boss_relics":[],"items_purged_floors":[5],"is_endless":false,"potions_floor_spawned":[7,11],"killed_by":"3 Sentries","ascension_level":16}