{"gold_per_floor":[110,122,122,132,132,132,17,17,44,59,59,82,82,125,125,251,251,235,235,275,275,8,283,308,329,356,356,381,381,395,434,434,434],"floor_reached":33,"playtime":3713,"items_purged":["Pain"],"score":265,"play_id":"5a2d2131-3a74-4d40-806b-dc6af34dcf87","local_time":"20190218093924","is_ascension_mode":false,"campfire_choices":[{"data":"Neutralize","floor":6,"key":"SMITH"},{"data":"Footwork","floor":8,"key":"SMITH"},{"floor":13,"key":"REST"},{"data":"Cloak And Dagger","floor":15,"key":"SMITH"},{"data":"Cloak And Dagger","floor":27,"key":"SMITH"},{"data":"Cloak And Dagger","floor":29,"key":"SMITH"},{"data":"Quick Slash","floor":32,"key":"SMITH"}],"neow_cost":"NONE","seed_source_timestamp":5607466605719,"circlet_count":0,"master_deck":["Defend_G","Defend_G","Defend_G+1","Defend_G","Defend_G","Strike_G","Strike_G","Strike_G","Strike_G","Strike_G","Survivor","Neutralize+1","Clumsy","Infinite Blades+1","Cloak And Dagger+1","Footwork+1","Well Laid Plans","Footwork","Cloak And Dagger+1","Tools of the Trade","Cloak And Dagger+1","Quick Slash+1","Dagger Throw+1","Outmaneuver+1","Shame","Dash+1","Backflip"],"relics":["Calling Bell","Omamori","Singing Bowl","Bird Faced Urn","Golden Idol","Pen Nib","Cursed Key","MutagenicStrength","Red Mask","The Courier","Bottled Lightning","Blood Vial","Boot"],"potions_floor_usage":[18,20,33],"damage_taken":[{"damage":11,"enemies":"Jaw Worm","floor":1,"turns":8},{"damage":9,"enemies":"Cultist","floor":2,"turns":5},{"damage":5,"enemies":"Small Slimes","floor":4,"turns":5},{"damage":5,"enemies":"2 Fungi Beasts","floor":10,"turns":4},{"damage":4,"enemies":"3 Louse","floor":12,"turns":3},{"damage":21,"enemies":"Gremlin Nob","floor":14,"turns":6},{"damage":7,"enemies":"The Guardian","floor":16,"turns":15},{"damage":11,"enemies":"2 Thieves","floor":18,"turns":4},{"damage":36,"enemies":"Masked Bandits","floor":20,"turns":8},{"damage":3,"enemies":"Shell Parasite","floor":24,"turns":6},{"damage":15,"enemies":"Centurion and Healer","floor":25,"turns":7},{"damage":8,"enemies":"Shelled Parasite and Fungi","floor":28,"turns":7},{"damage":13,"enemies":"Snake Plant","floor":30,"turns":7},{"damage":24,"enemies":"Slavers","floor":31,"turns":9},{"damage":50,"enemies":"Automaton","floor":33,"turns":6}],"seed_played":"-6176774727937569289","potions_obtained":[{"floor":1,"key":"SkillPotion"},{"floor":4,"key":"Explosive Potion"},{"floor":16,"key":"Dexterity Potion"},{"floor":20,"key":"EssenceOfSteel"},{"floor":30,"key":"Ancient Potion"}],"is_trial":false,"path_per_floor":["M","M","?","M","?","R","$","R","T","M","?","M","R","E","R","B",null,"M","?","?","?","$","?","M","M","T","R","M","R","M","E","R","B"],"character_chosen":"THE_SILENT","items_purchased":["Well Laid Plans","Bottled Lightning","Cloak And Dagger","Quick Slash"],"campfire_rested":1,"item_purchase_floors":[7,22,22,22],"current_hp_per_floor":[59,52,52,49,35,35,35,35,35,38,20,20,41,26,26,27,72,71,71,46,46,46,46,53,48,48,48,52,52,51,39,39,0],"gold":434,"neow_bonus":"BOSS_RELIC","is_prod":false,"is_daily":false,"chose_seed":false,"campfire_upgraded":6,"win_rate":0,"timestamp":1550511564,"path_taken":["M","M","?","?","?","R","$","R","T","M","?","M","R","E","R","BOSS","M","?","?","?","$","?","M","?","T","R","M","R","M","E","R","BOSS"],"build_version":"2019-01-23","purchased_purges":1,"victory":false,"max_hp_per_floor":[70,70,70,70,70,70,70,70,70,72,72,72,72,72,72,72,72,74,74,76,76,76,76,76,76,76,76,78,78,78,78,78,78],"card_choices":[{"not_picked":["Riddle With Holes","Flying Knee"],"picked":"Infinite Blades","floor":1},{"not_picked":["Dagger Throw","All Out Attack"],"picked":"Cloak And Dagger","floor":2},{"not_picked":["Underhanded Strike","Dagger Throw"],"picked":"Footwork","floor":4},{"not_picked":["Concentrate","Expertise","Bane"],"picked":"Singing Bowl","floor":10},{"not_picked":["Expertise","Bane"],"picked":"Footwork","floor":12},{"not_picked":["Quick Slash","Deflect"],"picked":"Cloak And Dagger","floor":14},{"not_picked":["Phantasmal Killer","Malaise"],"picked":"Tools of the Trade","floor":16},{"not_picked":["Expertise+1","Choke+1","Deadly Poison"],"picked":"Singing Bowl","floor":18},{"not_picked":["Heel Hook","Dodge and Roll","Dagger Spray"],"picked":"Singing Bowl","floor":20},{"not_picked":["Prepared","Quick Slash"],"picked":"Dagger Throw+1","floor":24},{"not_picked":["Cloak And Dagger","Endless Agony"],"picked":"Outmaneuver+1","floor":25},{"not_picked":["Dodge and Roll+1","Flying Knee+1","Outmaneuver"],"picked":"Singing Bowl","floor":28},{"not_picked":["Quick Slash+1","Bouncing Flask+1"],"picked":"Dash+1","floor":30},{"not_picked":["Caltrops","Tools of the Trade"],"picked":"Backflip","floor":31}],"player_experience":420283,"relics_obtained":[{"floor":0,"key":"Omamori"},{"floor":0,"key":"Singing Bowl"},{"floor":0,"key":"Bird Faced Urn"},{"floor":14,"key":"Pen Nib"},{"floor":20,"key":"Red Mask"},{"floor":26,"key":"Blood Vial"},{"floor":31,"key":"Boot"}],"event_choices":[{"cards_removed":["Normality"],"damage_healed":0,"gold_gain":0,"player_choice":"Purged","damage_taken":0,"max_hp_gain":0,"max_hp_loss":0,"event_name":"Purifier","floor":3,"gold_loss":0},{"damage_healed":0,"gold_gain":0,"player_choice":"Entered Light","damage_taken":14,"max_hp_gain":0,"max_hp_loss":0,"event_name":"Shining Light","floor":5,"gold_loss":0,"cards_upgraded":["Infinite Blades","Defend_G"]},{"damage_healed":0,"gold_gain":0,"player_choice":"Take Damage","damage_taken":18,"relics_obtained":["Golden Idol"],"max_hp_gain":0,"max_hp_loss":0,"event_name":"Golden Idol","floor":11,"gold_loss":0},{"damage_healed":0,"gold_gain":0,"player_choice":"Inject Mutagens","damage_taken":0,"relics_obtained":["MutagenicStrength"],"max_hp_gain":0,"max_hp_loss":0,"event_name":"Drug Dealer","floor":19,"gold_loss":0},{"damage_healed":0,"gold_gain":0,"player_choice":"Fought Bandits","damage_taken":0,"max_hp_gain":0,"max_hp_loss":0,"event_name":"Masked Bandits","floor":20,"gold_loss":0},{"damage_healed":0,"gold_gain":0,"player_choice":"Opened","damage_taken":0,"relics_obtained":["The Courier"],"max_hp_gain":0,"max_hp_loss":0,"event_name":"The Mausoleum","floor":21,"gold_loss":0,"cards_obtained":["Writhe"]},{"damage_healed":0,"gold_gain":275,"player_choice":"Desecrate","damage_taken":0,"max_hp_gain":0,"max_hp_loss":0,"event_name":"Golden Shrine","floor":23,"gold_loss":0,"cards_obtained":["Regret"]}],"is_beta":false,"boss_relics":[{"not_picked":["Busted Crown","Ectoplasm"],"picked":"Cursed Key"}],"items_purged_floors":[7],"is_endless":false,"potions_floor_spawned":[1,4,16,20,30,31],"killed_by":"Automaton","ascension_level":0}