{"gold_per_floor":[118,43,53,69,87,115,115,146,219,245,245,263,288,208,208,208],"floor_reached":16,"playtime":609,"items_purged":["Strike_R","Strike_R"],"score":163,"play_id":"69bf7584-60da-4117-9681-811379c0963e","local_time":"20190112150415","is_ascension_mode":true,"campfire_choices":[{"data":"Spot Weakness","floor":7,"key":"SMITH"},{"floor":11,"key":"REST"},{"floor":15,"key":"REST"}],"neow_cost":"NONE","seed_source_timestamp":23311171838612,"circlet_count":0,"master_deck":["Strike_R","Strike_R","Strike_R","Defend_R","Defend_R","Defend_R","Defend_R","Bash","Immolate","Spot Weakness+1","Flame Barrier","Second Wind","Shrug It Off","Metallicize","Corruption","Whirlwind","Body Slam","Flex"],"relics":["Burning Blood","Ancient Tea Set","Shovel","The Courier","Anchor","Dream Catcher"],"potions_floor_usage":[8,10,13,16],"damage_taken":[{"damage":1,"enemies":"Cultist","floor":1,"turns":3},{"damage":8,"enemies":"2 Louse","floor":3,"turns":3},{"damage":0,"enemies":"Jaw Worm","floor":4,"turns":3},{"damage":0,"enemies":"2 Fungi Beasts","floor":5,"turns":2},{"damage":48,"enemies":"Lagavulin","floor":6,"turns":7},{"damage":10,"enemies":"3 Sentries","floor":8,"turns":4},{"damage":31,"enemies":"Gremlin Nob","floor":10,"turns":5},{"damage":0,"enemies":"Large Slime","floor":12,"turns":5},{"damage":10,"enemies":"3 Sentries","floor":13,"turns":3},{"damage":75,"enemies":"Hexaghost","floor":16,"turns":11}],"seed_played":"3941939887732196496","potions_obtained":[{"floor":1,"key":"Regen Potion"},{"floor":5,"key":"Poison Potion"},{"floor":6,"key":"LiquidBronze"},{"floor":12,"key":"Fire Potion"},{"floor":13,"key":"AttackPotion"}],"is_trial":false,"path_per_floor":["M","$","M","M","M","E","R","E","T","E","R","M","E","$","R","B"],"character_chosen":"IRONCLAD","items_purchased":[],"campfire_rested":2,"item_purchase_floors":[],"current_hp_per_floor":[80,80,78,80,80,38,38,46,46,21,45,51,47,47,71,0],"gold":208,"neow_bonus":"ONE_RANDOM_RARE_CARD","is_prod":false,"is_daily":false,"chose_seed":false,"campfire_upgraded":1,"win_rate":0,"timestamp":1547273055,"path_taken":["M","$","M","M","M","E","R","E","T","E","R","M","E","?","R","BOSS"],"build_version":"2019-01-10","purchased_purges":2,"victory":false,"max_hp_per_floor":[80,80,80,80,80,80,80,80,80,80,80,80,80,80,80,80],"card_choices":[{"not_picked":["Power Through","Anger"],"picked":"Spot Weakness","floor":1},{"not_picked":["Carnage","Havoc"],"picked":"Flame Barrier","floor":3},{"not_picked":["Carnage","Perfected Strike","Sentinel"],"picked":"SKIP","floor":4},{"not_picked":["Sentinel","Perfected Strike"],"picked":"Second Wind","floor":5},{"not_picked":["Armaments","Thunderclap"],"picked":"Shrug It Off","floor":6},{"not_picked":["Iron Wave","True Grit"],"picked":"Metallicize","floor":8},{"not_picked":["Inflame","Double Tap"],"picked":"Corruption","floor":10},{"not_picked":["Havoc","Warcry"],"picked":"Whirlwind","floor":12},{"not_picked":["Armaments","Headbutt"],"picked":"Body Slam","floor":13},{"not_picked":["Sword Boomerang","Blood for Blood"],"picked":"Flex","floor":15}],"player_experience":215165,"relics_obtained":[{"floor":6,"key":"Ancient Tea Set"},{"floor":8,"key":"Shovel"},{"floor":9,"key":"The Courier"},{"floor":10,"key":"Anchor"},{"floor":13,"key":"Dream Catcher"}],"event_choices":[],"is_beta":false,"boss_relics":[],"items_purged_floors":[2,14],"is_endless":false,"potions_floor_spawned":[1,5,6,12,13],"killed_by":"Hexaghost","ascension_level":5}