{"gold_per_floor":[16,35,35,35,54,54,86,86,86,86,86,97,113,130,130,230,230,242,242,341,89,105,105,105],"floor_reached":24,"playtime":1002,"items_purged":[],"score":231,"play_id":"a6e7a87a-a270-47e7-923a-dfc268e21a9c","local_time":"20180907232416","is_ascension_mode":true,"campfire_choices":[{"data":"Zap","floor":6,"key":"SMITH"},{"data":"Defragment","floor":10,"key":"SMITH"},{"floor":15,"key":"REST"},{"data":"Double Energy","floor":23,"key":"SMITH"}],"neow_cost":"NO_GOLD","seed_source_timestamp":147854922435596,"circlet_count":0,"master_deck":["Strike_B","Defend_B","Defend_B","Defend_B","Zap+1","Dualcast","Cold Snap","Self Repair","Go for the Eyes","Defragment+1","Leap","Beam Cell","Machine Learning","Ball Lightning+1","Blizzard+1","Fission+1","Necronomicurse","Double Energy+1"],"relics":["Cracked Core","Du-Vu Doll","Pear","Bottled Tornado","Astrolabe","Necronomicon","Matryoshka"],"potions_floor_usage":[],"damage_taken":[{"damage":0,"enemies":"Cultist","floor":1,"turns":4},{"damage":8,"enemies":"2 Louse","floor":2,"turns":3},{"damage":3,"enemies":"Small Slimes","floor":5,"turns":3},{"damage":35,"enemies":"3 Sentries","floor":7,"turns":9},{"damage":8,"enemies":"Red Slaver","floor":12,"turns":2},{"damage":8,"enemies":"Blue Slaver","floor":13,"turns":2},{"damage":1,"enemies":"2 Fungi Beasts","floor":14,"turns":2},{"damage":14,"enemies":"The Guardian","floor":16,"turns":13},{"damage":0,"enemies":"Chosen","floor":18,"turns":4},{"damage":35,"enemies":"3 Byrds","floor":22,"turns":5},{"damage":48,"enemies":"Slavers","floor":24,"turns":3}],"seed_played":"3686631766292461758","potions_obtained":[{"floor":5,"key":"Fire Potion"},{"floor":12,"key":"FearPotion"},{"floor":13,"key":"FearPotion"},{"floor":16,"key":"PowerPotion"}],"is_trial":false,"path_per_floor":["M","M","$","?","M","R","E","$","T","R","?","M","M","M","R","B",null,"M","?","?","$","M","R"],"character_chosen":"DEFECT","items_purchased":["Matryoshka"],"campfire_rested":1,"item_purchase_floors":[21],"current_hp_per_floor":[75,67,67,60,64,64,46,46,46,46,51,43,42,41,68,61,90,90,74,74,74,46,46,0],"gold":105,"neow_bonus":"ONE_RARE_RELIC","is_prod":false,"is_daily":false,"chose_seed":false,"campfire_upgraded":3,"win_rate":0,"timestamp":1536387856,"path_taken":["M","?","?","?","M","R","E","$","T","R","?","M","M","?","R","BOSS","M","?","?","$","M","R","E"],"build_version":"2018-09-06","purchased_purges":0,"victory":false,"max_hp_per_floor":[75,75,75,75,75,75,85,85,85,85,90,90,90,90,90,90,90,90,90,90,90,90,90,90],"card_choices":[{"not_picked":["Compile Driver","Rebound"],"picked":"Cold Snap","floor":1},{"not_picked":["Rebound","Genetic Algorithm"],"picked":"Self Repair","floor":2},{"not_picked":["Static Discharge","Hyperbeam"],"picked":"Go for the Eyes","floor":5},{"not_picked":["Beam Cell","Turbo"],"picked":"Defragment","floor":7},{"not_picked":["Compile Driver","Stack"],"picked":"Leap","floor":12},{"not_picked":["Hello World","Force Field"],"picked":"Beam Cell","floor":13},{"not_picked":["BootSequence","Rebound","Rip and Tear"],"picked":"SKIP","floor":14},{"not_picked":["Hyperbeam","Reboot"],"picked":"Machine Learning","floor":16},{"not_picked":["Gash","Rebound","Stack"],"picked":"SKIP","floor":18},{"not_picked":["Cold Snap","Melter+1"],"picked":"Double Energy","floor":22}],"player_experience":228764,"relics_obtained":[{"floor":7,"key":"Pear"},{"floor":9,"key":"Bottled Tornado"},{"floor":19,"key":"Necronomicon"}],"event_choices":[{"event_name":"Golden Wing","player_choice":"Card Removal","floor":4,"damage_taken":0},{"event_name":"Big Fish","player_choice":"Donut","floor":11,"damage_taken":0},{"event_name":"Cursed Tome","player_choice":"Obtained Book","floor":19,"damage_taken":0},{"event_name":"Nest","player_choice":"Stole From Cult","floor":20,"damage_taken":0}],"is_beta":false,"boss_relics":[{"not_picked":["Fusion Hammer","Inserter"],"picked":"Astrolabe"}],"items_purged_floors":[],"is_endless":false,"potions_floor_spawned":[5,12,13,16,18],"killed_by":"Slavers","ascension_level":1}