{"gold_per_floor":[117,42,52,66,77,77,92,103,103,103,103,103,119,136,136,231,231,250,250,250,267,267,267,287,34,34,133,148,148],"floor_reached":29,"playtime":1163,"items_purged":["Strike_G","Defend_G"],"score":219,"play_id":"32dda7cd-4240-4ae6-8441-80733fd33f43","local_time":"20190216152014","is_ascension_mode":false,"campfire_choices":[{"data":"Neutralize","floor":6,"key":"SMITH"},{"data":"Skewer","floor":10,"key":"SMITH"},{"data":"Bouncing Flask","floor":15,"key":"SMITH"},{"data":"Wraith Form v2","floor":23,"key":"SMITH"}],"neow_cost":"NONE","seed_source_timestamp":108777501437670,"circlet_count":0,"master_deck":["Defend_G","Defend_G","Defend_G","Defend_G","Strike_G+1","Survivor","Neutralize+1","Dash","Acrobatics+1","Dagger Spray","Sucker Punch","Skewer+1","PiercingWail","Bouncing Flask+1","Tools of the Trade","Wraith Form v2+1","Quick Slash","Crippling Poison","Die Die Die","Prepared","Corpse Explosion"],"relics":["Philosopher\u0027s Stone"],"potions_floor_usage":[18],"damage_taken":[{"damage":0,"enemies":"2 Louse","floor":1,"turns":4},{"damage":0,"enemies":"Jaw Worm","floor":3,"turns":4},{"damage":0,"enemies":"Small Slimes","floor":4,"turns":4},{"damage":0,"enemies":"Blue Slaver","floor":5,"turns":4},{"damage":8,"enemies":"Lots of Slimes","floor":7,"turns":4},{"damage":8,"enemies":"3 Louse","floor":8,"turns":3},{"damage":0,"enemies":"Blue Slaver","floor":13,"turns":2},{"damage":8,"enemies":"Lots of Slimes","floor":14,"turns":3},{"damage":4,"enemies":"Slime Boss","floor":16,"turns":9},{"damage":9,"enemies":"3 Byrds","floor":18,"turns":4},{"damage":13,"enemies":"Shell Parasite","floor":21,"turns":8},{"damage":9,"enemies":"Centurion and Healer","floor":24,"turns":8},{"damage":17,"enemies":"Snake Plant","floor":28,"turns":5},{"damage":0,"enemies":"Snecko","floor":29,"turns":1}],"seed_played":"-2942638930524074067","potions_obtained":[{"floor":1,"key":"SteroidPotion"},{"floor":3,"key":"EssenceOfSteel"},{"floor":13,"key":"LiquidBronze"},{"floor":14,"key":"Fire Potion"},{"floor":21,"key":"LiquidBronze"},{"floor":24,"key":"SteroidPotion"}],"is_trial":false,"path_per_floor":["M","$","M","M","M","R","M","M","T","R","?","?","M","M","R","B",null,"M","?","?","M","?","R","M","$","T","?","M","M"],"character_chosen":"THE_SILENT","items_purchased":["Corpse Explosion"],"campfire_rested":0,"item_purchase_floors":[25],"current_hp_per_floor":[70,70,70,70,70,70,62,54,54,54,47,33,33,25,25,21,70,61,61,52,39,39,39,30,30,30,30,13,13],"gold":148,"neow_bonus":"BOSS_RELIC","is_prod":false,"is_daily":false,"chose_seed":false,"campfire_upgraded":4,"win_rate":0,"timestamp":1550348414,"path_taken":["M","$","M","M","M","R","M","M","T","R","?","?","M","M","R","BOSS","M","?","?","M","?","R","M","$","T","?","M","M"],"build_version":"2019-01-23","purchased_purges":2,"victory":false,"max_hp_per_floor":[70,70,70,70,70,70,70,70,70,70,70,70,70,70,70,70,70,70,70,70,70,70,70,70,70,70,70,70,70],"card_choices":[{"not_picked":["Poisoned Stab","Bane"],"picked":"Dash","floor":1},{"not_picked":["Slice","Flying Knee"],"picked":"Acrobatics","floor":3},{"not_picked":["Flying Knee","Blade Dance"],"picked":"Dagger Spray","floor":4},{"not_picked":["Noxious Fumes","Underhanded Strike"],"picked":"Sucker Punch","floor":5},{"not_picked":["Bane","Acrobatics"],"picked":"Skewer","floor":7},{"not_picked":["Underhanded Strike","Backflip"],"picked":"PiercingWail","floor":8},{"not_picked":["Deadly Poison","Accuracy"],"picked":"Bouncing Flask","floor":13},{"not_picked":["Acrobatics","Prepared"],"picked":"Tools of the Trade","floor":14},{"not_picked":["After Image","Adrenaline"],"picked":"Wraith Form v2","floor":16},{"not_picked":["All Out Attack","Underhanded Strike"],"picked":"Quick Slash","floor":18},{"not_picked":["Masterful Stab+1","Bane"],"picked":"Crippling Poison","floor":21},{"not_picked":["Dagger Throw","Slice","Underhanded Strike"],"picked":"SKIP","floor":24},{"not_picked":["Cloak And Dagger","Masterful Stab","Setup"],"picked":"SKIP","floor":28}],"player_experience":779086,"relics_obtained":[],"event_choices":[{"cards_removed":["Strike_G"],"damage_healed":0,"gold_gain":0,"player_choice":"Card Removal","damage_taken":7,"max_hp_gain":0,"max_hp_loss":0,"event_name":"Golden Wing","floor":11,"gold_loss":0},{"damage_healed":0,"gold_gain":0,"player_choice":"Entered Light","damage_taken":14,"max_hp_gain":0,"max_hp_loss":0,"event_name":"Shining Light","floor":12,"gold_loss":0,"cards_upgraded":["Acrobatics","Strike_G"]},{"damage_healed":0,"gold_gain":0,"player_choice":"Ignored","damage_taken":0,"max_hp_gain":0,"max_hp_loss":0,"event_name":"Vampires","floor":19,"gold_loss":0},{"damage_healed":0,"gold_gain":0,"player_choice":"Stopped","damage_taken":9,"max_hp_gain":0,"max_hp_loss":0,"event_name":"Cursed Tome","floor":20,"gold_loss":0},{"damage_healed":0,"gold_gain":0,"cards_transformed":["Strike_G","Strike_G"],"player_choice":"Became Test Subject","damage_taken":0,"max_hp_gain":0,"max_hp_loss":0,"event_name":"Drug Dealer","floor":22,"gold_loss":0,"cards_obtained":["Die Die Die","Prepared"]},{"damage_healed":0,"gold_gain":99,"player_choice":"Stole From Cult","damage_taken":0,"max_hp_gain":0,"max_hp_loss":0,"event_name":"Nest","floor":27,"gold_loss":0}],"is_beta":false,"boss_relics":[{"not_picked":[]}],"items_purged_floors":[2,25],"is_endless":false,"potions_floor_spawned":[1,3,13,14,16,21,24],"killed_by":"Snecko","ascension_level":0}