{"gold_per_floor":[117,130,130,80,91,91,111,111,134,59,59,71,91,166,166,265,265,265,165,165,125,125,125,125,125,125,125,125,125,125,0,0,0,0,0,0,0,0,0,0,0,0,0,0,0,0,0,0,0,0],"floor_reached":51,"playtime":1612,"items_purged":["Defend_R","Defend_R","Strike_R"],"score":966,"play_id":"e4328efe-0084-4469-b404-f5e946da4da9","local_time":"20190108143755","is_ascension_mode":true,"campfire_choices":[{"data":"Demon Form","floor":6,"key":"SMITH"},{"data":"Inflame","floor":8,"key":"SMITH"},{"data":"Dropkick","floor":15,"key":"SMITH"},{"floor":23,"key":"REST"},{"floor":27,"key":"REST"},{"data":"Iron Wave","floor":29,"key":"SMITH"},{"floor":32,"key":"REST"},{"data":"Iron Wave","floor":40,"key":"SMITH"},{"data":"Limit Break","floor":42,"key":"SMITH"},{"floor":46,"key":"DIG"},{"floor":49,"key":"REST"}],"neow_cost":"NONE","seed_source_timestamp":1598229802250000,"circlet_count":0,"master_deck":["Strike_R","Defend_R","Defend_R","Bash+1","Iron Wave+1","Inflame+1","Demon Form+1","Dropkick+1","Limit Break+1","Iron Wave+1","Iron Wave+1"],"relics":["Burning Blood","Bag of Preparation","Ectoplasm","Ancient Tea Set","Unceasing Top","Velvet Choker","Red Mask","Shovel","Potion Belt","Orichalcum"],"potions_floor_usage":[16,16,24,25,39,50,50,50],"damage_taken":[{"damage":0,"enemies":"Small Slimes","floor":1,"turns":4},{"damage":4,"enemies":"2 Louse","floor":2,"turns":3},{"damage":12,"enemies":"Jaw Worm","floor":5,"turns":3},{"damage":15,"enemies":"2 Fungi Beasts","floor":7,"turns":4},{"damage":12,"enemies":"Looter","floor":12,"turns":3},{"damage":5,"enemies":"Gremlin Gang","floor":13,"turns":9},{"damage":14,"enemies":"The Guardian","floor":16,"turns":8},{"damage":7,"enemies":"Chosen","floor":18,"turns":3},{"damage":11,"enemies":"Shell Parasite","floor":20,"turns":3},{"damage":33,"enemies":"Centurion and Healer","floor":22,"turns":4},{"damage":27,"enemies":"Sentry and Sphere","floor":24,"turns":4},{"damage":42,"enemies":"Slavers","floor":25,"turns":7},{"damage":5,"enemies":"Chosen and Byrds","floor":30,"turns":4},{"damage":35,"enemies":"Collector","floor":33,"turns":6},{"damage":15,"enemies":"Orb Walker","floor":35,"turns":3},{"damage":18,"enemies":"3 Darklings","floor":38,"turns":5},{"damage":13,"enemies":"Writhing Mass","floor":39,"turns":4},{"damage":3,"enemies":"Mind Bloom Boss Battle","floor":41,"turns":5},{"damage":0,"enemies":"Transient","floor":45,"turns":5},{"damage":0,"enemies":"Spire Growth","floor":48,"turns":3},{"damage":33,"enemies":"Time Eater","floor":50,"turns":5}],"seed_played":"6137994805309121469","potions_obtained":[{"floor":2,"key":"Block Potion"},{"floor":7,"key":"PowerPotion"},{"floor":18,"key":"Explosive Potion"},{"floor":21,"key":"FairyPotion"},{"floor":21,"key":"FearPotion"},{"floor":24,"key":"FearPotion"},{"floor":30,"key":"Swift Potion"},{"floor":35,"key":"Block Potion"},{"floor":41,"key":"FearPotion"},{"floor":45,"key":"Fire Potion"},{"floor":48,"key":"Explosive Potion"}],"is_trial":false,"path_per_floor":["M","M","?","?","M","R","M","R","T","$","?","M","M","?","R","B",null,"M","$","M","?","M","R","M","E","T","R","?","R","M","$","R","B",null,"M","?","?","M","M","R","?","R","T","?","M","R","$","M","R","B",null],"character_chosen":"IRONCLAD","items_purchased":[],"campfire_rested":4,"item_purchase_floors":[],"current_hp_per_floor":[78,80,80,80,74,74,65,65,65,65,58,52,53,42,42,34,69,68,68,63,63,36,60,39,11,11,35,35,35,36,36,60,31,68,59,59,59,47,40,40,43,43,43,43,49,49,49,55,76,49],"gold":0,"neow_bonus":"UPGRADE_CARD","is_prod":false,"is_daily":false,"chose_seed":false,"campfire_upgraded":6,"win_rate":0,"timestamp":1546976275,"path_taken":["M","M","?","?","M","R","M","R","T","$","?","M","?","?","R","BOSS","M","$","M","?","?","R","M","E","T","R","?","R","M","$","R","BOSS","M","?","?","M","M","R","?","R","T","?","M","R","?","?","R","BOSS"],"build_version":"2019-01-03v4","purchased_purges":3,"victory":true,"max_hp_per_floor":[80,80,80,80,80,80,80,80,80,80,80,80,80,80,80,80,80,80,80,80,80,80,80,80,80,80,80,80,80,80,80,80,80,80,80,80,76,76,76,76,76,76,76,76,76,76,76,76,76,76],"card_choices":[{"not_picked":["Cleave","Bloodletting"],"picked":"Iron Wave","floor":1},{"not_picked":["Warcry","Sword Boomerang"],"picked":"Inflame","floor":2},{"not_picked":["Sword Boomerang","Hemokinesis"],"picked":"Demon Form","floor":5},{"not_picked":["Fire Breathing","Rage","Reckless Charge"],"picked":"SKIP","floor":7},{"not_picked":["True Grit","Perfected Strike","Armaments"],"picked":"SKIP","floor":12},{"not_picked":["Anger","Uppercut"],"picked":"Dropkick","floor":13},{"not_picked":["Fiend Fire","Impervious"],"picked":"Limit Break","floor":16},{"not_picked":["Searing Blow","Shrug It Off","Headbutt"],"picked":"SKIP","floor":18},{"not_picked":["Clash+1","Flame Barrier+1","Rupture"],"picked":"SKIP","floor":20},{"not_picked":["Sword Boomerang","Havoc+1","Clash"],"picked":"SKIP","floor":22},{"not_picked":["Spot Weakness+1","Twin Strike"],"picked":"Shrug It Off","floor":24},{"not_picked":["Rupture","Battle Trance","Perfected Strike"],"picked":"SKIP","floor":25},{"not_picked":["Fiend Fire","Clash"],"picked":"Iron Wave","floor":30},{"not_picked":["Sword Boomerang","Cleave+1"],"picked":"Iron Wave+1","floor":35},{"not_picked":["Armaments","Carnage","Fire Breathing"],"picked":"SKIP","floor":38},{"not_picked":["Flex+1","Feel No Pain+1","True Grit+1"],"picked":"SKIP","floor":39},{"not_picked":["Havoc+1","Clash+1","Thunderclap"],"picked":"SKIP","floor":45},{"not_picked":["Sword Boomerang","Havoc","Reckless Charge+1"],"picked":"SKIP","floor":48}],"player_experience":351622,"relics_obtained":[{"floor":9,"key":"Bag of Preparation"},{"floor":25,"key":"Ancient Tea Set"},{"floor":26,"key":"Unceasing Top"},{"floor":41,"key":"Shovel"},{"floor":43,"key":"Potion Belt"},{"floor":46,"key":"Orichalcum"}],"event_choices":[{"cards_removed":["Strike_R"],"damage_healed":0,"gold_gain":0,"player_choice":"Forget","damage_taken":0,"max_hp_gain":0,"max_hp_loss":0,"event_name":"Living Wall","floor":3,"gold_loss":0},{"cards_removed":["Strike_R"],"damage_healed":0,"gold_gain":0,"player_choice":"Card Removal","damage_taken":0,"max_hp_gain":0,"max_hp_loss":0,"event_name":"The Cleric","floor":4,"gold_loss":50},{"cards_removed":["Strike_R"],"damage_healed":0,"gold_gain":0,"player_choice":"Card Removal","damage_taken":7,"max_hp_gain":0,"max_hp_loss":0,"event_name":"Golden Wing","floor":11,"gold_loss":0},{"damage_healed":0,"gold_gain":75,"player_choice":"Gather Gold","damage_taken":11,"max_hp_gain":0,"max_hp_loss":0,"event_name":"World of Goop","floor":14,"gold_loss":0},{"damage_healed":0,"gold_gain":0,"player_choice":"Bought 3 Potions","damage_taken":0,"max_hp_gain":0,"max_hp_loss":0,"event_name":"The Woman in Blue","floor":21,"gold_loss":0},{"damage_healed":0,"gold_gain":0,"player_choice":"Paid","damage_taken":0,"relics_obtained":["Red Mask"],"max_hp_gain":0,"max_hp_loss":0,"event_name":"Tomb of Lord Red Mask","floor":36,"gold_loss":0},{"damage_healed":0,"gold_gain":0,"player_choice":"Max HP","damage_taken":0,"max_hp_gain":0,"max_hp_loss":4,"event_name":"Winding Halls","floor":37,"gold_loss":0},{"damage_healed":0,"gold_gain":0,"player_choice":"Fight","damage_taken":0,"max_hp_gain":0,"max_hp_loss":0,"event_name":"MindBloom","floor":41,"gold_loss":0},{"cards_removed":["Shrug It Off"],"damage_healed":0,"gold_gain":0,"player_choice":"Removed Skill","damage_taken":0,"max_hp_gain":0,"max_hp_loss":0,"event_name":"Falling","floor":44,"gold_loss":0}],"is_beta":false,"boss_relics":[{"not_picked":["Black Blood","Black Star"],"picked":"Ectoplasm"},{"not_picked":["Busted Crown","Snecko Eye"],"picked":"Velvet Choker"}],"items_purged_floors":[10,19,31],"is_endless":false,"potions_floor_spawned":[2,7,18,24,30,35,41,45,48],"ascension_level":9}