{"gold_per_floor":[114,131,141,20,30,58,58,85,85,85,96,108,137,150,150,248,248,261,261,281,241,241],"floor_reached":22,"playtime":951,"items_purged":[],"score":338,"play_id":"83f90686-711c-41f1-a602-c921ac590d26","local_time":"20190208113801","is_ascension_mode":true,"campfire_choices":[{"data":"Buffer","floor":7.0,"key":"SMITH"},{"data":"Buffer","floor":15.0,"key":"SMITH"}],"neow_cost":"TEN_PERCENT_HP_LOSS","seed_source_timestamp":6331560067941,"circlet_count":0,"master_deck":["Strike_B+1","Strike_B+1","Defend_B","Defend_B","Defend_B","Zap","Dualcast","Conserve Battery","Ball Lightning","Buffer+1","Leap","Ball Lightning","Gash","Hologram","Gash","Buffer+1","Amplify","Redo+1","Steam","Defragment"],"special_seed":0,"relics":["Cracked Core","Pen Nib","Whetstone","Centennial Puzzle","Letter Opener","Empty Cage"],"potions_floor_usage":[],"damage_taken":[{"damage":0.0,"enemies":"Small Slimes","floor":1.0,"turns":2.0},{"damage":4.0,"enemies":"Jaw Worm","floor":2.0,"turns":4.0},{"damage":0.0,"enemies":"2 Louse","floor":3.0,"turns":1.0},{"damage":0.0,"enemies":"Blue Slaver","floor":5.0,"turns":5.0},{"damage":11.0,"enemies":"Lagavulin","floor":6.0,"turns":6.0},{"damage":14.0,"enemies":"3 Sentries","floor":8.0,"turns":7.0},{"damage":0.0,"enemies":"Exordium Wildlife","floor":11.0,"turns":4.0},{"damage":0.0,"enemies":"Large Slime","floor":12.0,"turns":5.0},{"damage":0.0,"enemies":"Gremlin Nob","floor":13.0,"turns":2.0},{"damage":0.0,"enemies":"Red Slaver","floor":14.0,"turns":4.0},{"damage":35.0,"enemies":"Hexaghost","floor":16.0,"turns":11.0},{"damage":2.0,"enemies":"2 Thieves","floor":18.0,"turns":4.0},{"damage":9,"enemies":"3 Byrds","floor":20,"turns":6},{"damage":52,"enemies":"Masked Bandits","floor":22,"turns":4}],"seed_played":"-9131910665415143500","potions_obtained":[{"floor":2.0,"key":"Poison Potion"},{"floor":8.0,"key":"SkillPotion"},{"floor":12.0,"key":"Fire Potion"},{"floor":13.0,"key":"FearPotion"},{"floor":16.0,"key":"SteroidPotion"},{"floor":20,"key":"SpeedPotion"}],"is_trial":false,"path_per_floor":["M","M","M","$","M","E","R","E","T","?","M","M","E","M","R","B",null,"M","$","M","$","?"],"character_chosen":"DEFECT","items_purchased":["Buffer","Leap","Defragment"],"campfire_rested":0,"item_purchase_floors":[4,4,21],"current_hp_per_floor":[68,64,64,64,64,53,53,39,39,61,61,61,61,61,61,26,58,56,56,47,47,0],"gold":241,"neow_bonus":"REMOVE_TWO","is_prod":false,"is_daily":false,"chose_seed":false,"campfire_upgraded":2,"win_rate":0,"timestamp":1549593481,"path_taken":["M","M","M","$","M","E","R","E","T","?","M","M","E","M","R","BOSS","M","$","M","$","?"],"build_version":"2019-01-23","purchased_purges":0,"victory":false,"max_hp_per_floor":[68,68,68,68,68,68,68,68,68,68,68,68,68,68,68,68,68,68,68,68,68,68],"card_choices":[{"not_picked":["Leap","Go for the Eyes"],"picked":"Conserve Battery","floor":1.0},{"not_picked":["Doom and Gloom","Fusion"],"picked":"Ball Lightning","floor":2.0},{"not_picked":["Reinforced Body","Beam Cell"],"picked":"Coolheaded","floor":3.0},{"not_picked":["Compile Driver","Coolheaded","Steam Power"],"picked":"SKIP","floor":5.0},{"not_picked":["Coolheaded","Skim"],"picked":"Ball Lightning","floor":6.0},{"not_picked":["Force Field","Stack"],"picked":"Gash","floor":8.0},{"not_picked":["Cold Snap","Consume"],"picked":"Hologram","floor":11.0},{"not_picked":["Beam Cell","Rebound"],"picked":"Gash","floor":12.0},{"not_picked":["Ball Lightning","Chill"],"picked":"Buffer","floor":13.0},{"not_picked":["Recycle","Coolheaded","Stack"],"picked":"SKIP","floor":14.0},{"not_picked":["Hyperbeam","Seek"],"picked":"Amplify","floor":16.0},{"not_picked":["Streamline+1","Fusion"],"picked":"Redo+1","floor":18.0},{"not_picked":["Aggregate+1","Doom and Gloom"],"picked":"Steam","floor":20}],"player_experience":291763,"relics_obtained":[{"floor":6.0,"key":"Pen Nib"},{"floor":8.0,"key":"Whetstone"},{"floor":9.0,"key":"Centennial Puzzle"},{"floor":13.0,"key":"Letter Opener"}],"event_choices":[{"damage_healed":22.0,"max_hp_gain":0.0,"max_hp_loss":0.0,"gold_gain":0.0,"event_name":"Big Fish","player_choice":"Banana","floor":10.0,"gold_loss":0.0,"damage_taken":0.0},{"damage_healed":0,"gold_gain":0,"player_choice":"Fought Bandits","damage_taken":0,"max_hp_gain":0,"max_hp_loss":0,"event_name":"Masked Bandits","floor":22,"gold_loss":0}],"is_beta":false,"boss_relics":[{"not_picked":["Lizard Tail","Tiny House"],"picked":"Empty Cage"}],"items_purged_floors":[],"is_endless":false,"potions_floor_spawned":[2,8,12,13,16,20],"killed_by":"Masked Bandits","ascension_level":9}