{"gold_per_floor":[15,29,44,54,54,54,54,68,68,87,87,87,162,187,187,311,311,335,335,41,62,105,105,105,121,121,121,246,246,276,297,297,422,422,446,462,476,401,422,422,422,463,531,106,439,38,260,260,260,260],"floor_reached":51,"playtime":1396,"items_purged":["Writhe","Shame","Strike_R+1"],"score":763,"play_id":"7816f162-7ddc-418e-832a-2d2416a1ebb8","local_time":"20190303160228","is_ascension_mode":false,"campfire_choices":[{"data":"Uppercut","floor":6,"key":"SMITH"},{"data":"Whirlwind","floor":11,"key":"SMITH"},{"data":"Disarm","floor":15,"key":"SMITH"},{"data":"Intimidate","floor":23,"key":"SMITH"},{"data":"Double Tap","floor":27,"key":"SMITH"},{"data":"Infernal Blade","floor":32,"key":"SMITH"},{"data":"Immolate","floor":40,"key":"SMITH"},{"data":"Seeing Red","floor":49,"key":"SMITH"}],"neow_cost":"NO_GOLD","seed_source_timestamp":2589144122527,"circlet_count":0,"master_deck":["Strike_R+1","Strike_R+1","Defend_R+1","Defend_R+1","Defend_R+1","Defend_R+1","Bash","Pommel Strike","Uppercut+1","Whirlwind+1","Infernal Blade+1","Intimidate+1","Seeing Red+1","Disarm+1","Double Tap+1","Whirlwind+1","Ghostly","Ghostly","Ghostly","Ghostly","Ghostly","Headbutt","Metallicize","Thunderclap","Thunderclap+1","Immolate+1","Good Instincts","Spot Weakness","Disarm"],"relics":["Burning Blood","Pear","Odd Mushroom","Mark of Pain","Incense Burner","Red Mask","Gremlin Horn","Juzu Bracelet","StoneCalendar","Kunai","Tiny Chest","Busted Crown","Bronze Scales","Meat on the Bone","Dodecahedron","Medical Kit"],"potions_floor_usage":[16,28,33,50,50,50],"damage_taken":[{"damage":0,"enemies":"Cultist","floor":1,"turns":3},{"damage":0,"enemies":"Small Slimes","floor":2,"turns":2},{"damage":1,"enemies":"Jaw Worm","floor":3,"turns":2},{"damage":9,"enemies":"Looter","floor":4,"turns":3},{"damage":15,"enemies":"Exordium Wildlife","floor":8,"turns":7},{"damage":0,"enemies":"Large Slime","floor":10,"turns":4},{"damage":7,"enemies":"The Mushroom Lair","floor":14,"turns":3},{"damage":18,"enemies":"Hexaghost","floor":16,"turns":13},{"damage":0,"enemies":"3 Byrds","floor":18,"turns":3},{"damage":0,"enemies":"Spheric Guardian","floor":21,"turns":4},{"damage":4,"enemies":"Masked Bandits","floor":22,"turns":4},{"damage":8,"enemies":"Centurion and Healer","floor":25,"turns":9},{"damage":0,"enemies":"Colosseum Slavers","floor":28,"turns":3},{"damage":1,"enemies":"Colosseum Nobs","floor":28,"turns":6},{"damage":4,"enemies":"Chosen and Byrds","floor":31,"turns":6},{"damage":3,"enemies":"Automaton","floor":33,"turns":10},{"damage":9,"enemies":"3 Darklings","floor":35,"turns":3},{"damage":0,"enemies":"Orb Walker","floor":36,"turns":3},{"damage":3,"enemies":"4 Shapes","floor":37,"turns":4},{"damage":2,"enemies":"Jaw Worm Horde","floor":39,"turns":2},{"damage":0,"enemies":"Nemesis","floor":42,"turns":7},{"damage":31,"enemies":"Time Eater","floor":50,"turns":9}],"seed_played":"-4094846234050447987","potions_obtained":[{"floor":1,"key":"SkillPotion"},{"floor":3,"key":"SkillPotion"},{"floor":8,"key":"Ancient Potion"},{"floor":22,"key":"Dexterity Potion"},{"floor":33,"key":"SteroidPotion"},{"floor":35,"key":"FearPotion"},{"floor":39,"key":"PowerPotion"}],"is_trial":false,"path_per_floor":["M","M","M","M","?","R","?","M","T","M","R","?","?","?","R","B",null,"M","?","$","M","?","R","?","M","T","R","?","?","?","M","R","B",null,"M","M","M","$","M","R","?","E","T","$","?","$","?","?","R","B",null],"character_chosen":"IRONCLAD","items_purchased":["Incense Burner","Spot Weakness","Dodecahedron","Disarm","Medical Kit"],"campfire_rested":0,"item_purchase_floors":[20,44,44,46,46],"current_hp_per_floor":[80,80,80,77,57,57,49,40,50,56,56,61,50,49,49,37,95,95,47,47,47,47,47,47,45,45,45,47,47,47,47,47,47,47,44,47,47,47,47,47,47,47,47,47,47,47,47,45,45,32],"gold":260,"neow_bonus":"TRANSFORM_TWO_CARDS","is_prod":false,"is_daily":false,"chose_seed":false,"campfire_upgraded":8,"win_rate":0,"timestamp":1551650548,"path_taken":["M","M","M","M","?","R","?","?","T","M","R","?","?","?","R","BOSS","M","?","?","M","?","R","?","M","T","R","?","?","?","M","R","BOSS","M","M","M","$","M","R","?","E","T","$","?","?","?","?","R","BOSS"],"build_version":"2019-01-23","purchased_purges":3,"victory":true,"max_hp_per_floor":[80,80,80,80,80,80,80,80,90,90,90,95,95,95,95,95,95,95,47,47,47,47,47,47,47,47,47,47,47,47,47,47,47,47,47,47,47,47,47,47,47,47,47,47,47,47,47,45,45,45],"card_choices":[{"not_picked":["Clothesline","Pummel"],"picked":"Whirlwind","floor":1},{"not_picked":["Sword Boomerang","Pommel Strike"],"picked":"Infernal Blade","floor":2},{"not_picked":["Thunderclap","Cleave"],"picked":"Intimidate","floor":3},{"not_picked":["Havoc","Twin Strike","Perfected Strike"],"picked":"SKIP","floor":4},{"not_picked":["True Grit","Warcry","Havoc"],"picked":"SKIP","floor":8},{"not_picked":["Seeing Red","Rupture","Power Through"],"picked":"SKIP","floor":10},{"not_picked":["Rupture","Power Through"],"picked":"Seeing Red","floor":10},{"not_picked":["Burning Pact","Anger"],"picked":"Disarm","floor":14},{"not_picked":["Brutality","Barricade"],"picked":"Double Tap","floor":16},{"not_picked":["Sentinel","Burning Pact"],"picked":"Whirlwind+1","floor":18},{"not_picked":["Perfected Strike","Clash+1"],"picked":"Headbutt","floor":21},{"not_picked":["Combust","Headbutt"],"picked":"Metallicize","floor":25},{"not_picked":["Clash","Clothesline"],"picked":"Thunderclap","floor":28},{"not_picked":["Dark Embrace","Shrug It Off"],"picked":"Thunderclap+1","floor":31},{"not_picked":["Double Tap","Exhume"],"picked":"Immolate","floor":33},{"not_picked":["Clothesline+1"],"picked":"SKIP","floor":35},{"not_picked":["Second Wind"],"picked":"SKIP","floor":36},{"not_picked":["Clothesline"],"picked":"SKIP","floor":37},{"not_picked":["Body Slam+1"],"picked":"SKIP","floor":39},{"not_picked":[],"picked":"Good Instincts","floor":41},{"not_picked":["Perfected Strike"],"picked":"SKIP","floor":42}],"player_experience":973659,"relics_obtained":[{"floor":9,"key":"Pear"},{"floor":14,"key":"Odd Mushroom"},{"floor":22,"key":"Red Mask"},{"floor":26,"key":"Juzu Bracelet"},{"floor":28,"key":"StoneCalendar"},{"floor":28,"key":"Kunai"},{"floor":42,"key":"Bronze Scales"},{"floor":43,"key":"Meat on the Bone"}],"event_choices":[{"damage_healed":0,"gold_gain":0,"player_choice":"Take Damage","damage_taken":20,"relics_obtained":["Golden Idol"],"max_hp_gain":0,"max_hp_loss":0,"event_name":"Golden Idol","floor":5,"gold_loss":0},{"damage_healed":0,"gold_gain":0,"player_choice":"Damaged","damage_taken":8,"max_hp_gain":0,"max_hp_loss":0,"event_name":"Wheel of Change","floor":7,"gold_loss":0},{"damage_healed":0,"gold_gain":0,"player_choice":"Donut","damage_taken":0,"max_hp_gain":5,"max_hp_loss":0,"event_name":"Big Fish","floor":12,"gold_loss":0},{"damage_healed":0,"gold_gain":75,"player_choice":"Gather Gold","damage_taken":11,"max_hp_gain":0,"max_hp_loss":0,"event_name":"World of Goop","floor":13,"gold_loss":0},{"damage_healed":0,"gold_gain":0,"player_choice":"Fought Mushrooms","damage_taken":0,"max_hp_gain":0,"max_hp_loss":0,"event_name":"Mushrooms","floor":14,"gold_loss":0},{"damage_healed":0,"gold_gain":0,"player_choice":"Became a Ghost","damage_taken":0,"max_hp_gain":0,"max_hp_loss":48,"event_name":"Ghosts","floor":19,"gold_loss":0,"cards_obtained":["Ghostly","Ghostly","Ghostly","Ghostly","Ghostly"]},{"damage_healed":0,"gold_gain":0,"player_choice":"Fought Bandits","damage_taken":0,"max_hp_gain":0,"max_hp_loss":0,"event_name":"Masked Bandits","floor":22,"gold_loss":0},{"damage_healed":0,"gold_gain":0,"player_choice":"Stole Relic","damage_taken":0,"relics_obtained":["Gremlin Horn"],"max_hp_gain":0,"max_hp_loss":0,"event_name":"Addict","floor":24,"gold_loss":0,"cards_obtained":["Shame"]},{"damage_healed":0,"gold_gain":0,"player_choice":"Fight","damage_taken":0,"max_hp_gain":0,"max_hp_loss":0,"event_name":"Colosseum","floor":28,"gold_loss":0},{"damage_healed":0,"gold_gain":0,"player_choice":"Fought Nobs","damage_taken":0,"max_hp_gain":0,"max_hp_loss":0,"event_name":"Colosseum","floor":28,"gold_loss":0},{"damage_healed":0,"gold_gain":0,"player_choice":"Simplicity","damage_taken":0,"max_hp_gain":0,"max_hp_loss":0,"event_name":"Back to Basics","floor":29,"gold_loss":0,"cards_upgraded":["Strike_R","Strike_R","Strike_R","Defend_R","Defend_R","Defend_R","Defend_R"]},{"damage_healed":0,"gold_gain":0,"player_choice":"Opened","damage_taken":0,"relics_obtained":["Tiny Chest"],"max_hp_gain":0,"max_hp_loss":0,"event_name":"The Mausoleum","floor":30,"gold_loss":0,"cards_obtained":["Writhe"]},{"damage_healed":0,"gold_gain":0,"player_choice":"Memory 1","damage_taken":0,"max_hp_gain":0,"max_hp_loss":0,"event_name":"SensoryStone","floor":41,"gold_loss":0},{"damage_healed":0,"gold_gain":333,"player_choice":"Gave Idol","damage_taken":0,"max_hp_gain":0,"max_hp_loss":0,"event_name":"The Moai Head","floor":45,"relics_lost":["Golden Idol"],"gold_loss":0},{"damage_healed":0,"gold_gain":222,"player_choice":"Wore Mask","damage_taken":0,"max_hp_gain":0,"max_hp_loss":0,"event_name":"Tomb of Lord Red Mask","floor":47,"gold_loss":0},{"damage_healed":0,"gold_gain":0,"player_choice":"Max HP","damage_taken":0,"max_hp_gain":0,"max_hp_loss":2,"event_name":"Winding Halls","floor":48,"gold_loss":0}],"is_beta":false,"boss_relics":[{"not_picked":["Snecko Eye","Empty Cage"],"picked":"Mark of Pain"},{"not_picked":["Coffee Dripper","Orrery"],"picked":"Busted Crown"}],"items_purged_floors":[38,44,46],"is_endless":false,"potions_floor_spawned":[1,3,8,14,22,28,33,35,39],"ascension_level":0}