{"gold_per_floor":[114,132,144,69,85,85,112,37,37,68,68,48,60,73,73,73],"floor_reached":16,"playtime":445,"items_purged":["Strike_R"],"score":146,"play_id":"f865e4f2-51a3-43b5-a820-367b01036452","local_time":"20190114211306","is_ascension_mode":true,"campfire_choices":[{"data":"Cleave","floor":6,"key":"SMITH"},{"floor":15,"key":"REST"}],"neow_cost":"NONE","seed_source_timestamp":41257001788495,"circlet_count":0,"master_deck":["Strike_R","Strike_R","Strike_R+1","Strike_R+1","Defend_R","Defend_R","Defend_R","Defend_R","Bash","Twin Strike","Cleave+1","Limit Break","Seeing Red","Metallicize"],"relics":["Burning Blood","Whetstone","Omamori","Vajra","Self Forming Clay"],"potions_floor_usage":[10,16,16],"damage_taken":[{"damage":0,"enemies":"2 Louse","floor":1,"turns":3},{"damage":0,"enemies":"Cultist","floor":2,"turns":2},{"damage":5,"enemies":"Small Slimes","floor":3,"turns":3},{"damage":9,"enemies":"Blue Slaver","floor":5,"turns":4},{"damage":40,"enemies":"Lagavulin","floor":7,"turns":5},{"damage":32,"enemies":"Gremlin Nob","floor":10,"turns":4},{"damage":0,"enemies":"Large Slime","floor":13,"turns":4},{"damage":9,"enemies":"3 Louse","floor":14,"turns":3},{"damage":48,"enemies":"Hexaghost","floor":16,"turns":9}],"seed_played":"-8665684359404176233","potions_obtained":[{"floor":2,"key":"LiquidBronze"},{"floor":3,"key":"Explosive Potion"},{"floor":12,"key":"AttackPotion"},{"floor":14,"key":"FearPotion"}],"is_trial":false,"path_per_floor":["M","M","M","$","M","R","E","$","T","E","?","?","M","M","R","B"],"character_chosen":"IRONCLAD","items_purchased":["Metallicize"],"campfire_rested":1,"item_purchase_floors":[8],"current_hp_per_floor":[78,80,80,80,77,77,43,43,43,17,17,17,23,20,44,0],"gold":73,"neow_bonus":"RANDOM_COMMON_RELIC","is_prod":false,"is_daily":false,"chose_seed":false,"campfire_upgraded":1,"win_rate":0,"timestamp":1547467986,"path_taken":["M","M","M","$","M","R","E","$","T","E","?","?","?","M","R","BOSS"],"build_version":"2019-01-10","purchased_purges":1,"victory":false,"max_hp_per_floor":[80,80,80,80,80,80,80,80,80,80,80,80,80,80,80,80],"card_choices":[{"not_picked":["Shrug It Off","Iron Wave"],"picked":"Twin Strike","floor":1},{"not_picked":["True Grit","Feel No Pain","Burning Pact"],"picked":"SKIP","floor":2},{"not_picked":["Wild Strike","Warcry"],"picked":"Cleave","floor":3},{"not_picked":["Battle Trance","Feel No Pain"],"picked":"Limit Break","floor":5},{"not_picked":["Sword Boomerang","Cleave"],"picked":"Seeing Red","floor":7},{"not_picked":["Dropkick","Cleave","Corruption"],"picked":"SKIP","floor":10},{"not_picked":["Havoc","Warcry","Perfected Strike"],"picked":"SKIP","floor":13},{"not_picked":["Anger","Havoc","Twin Strike"],"picked":"SKIP","floor":14}],"player_experience":231129,"relics_obtained":[{"floor":7,"key":"Omamori"},{"floor":9,"key":"Vajra"},{"floor":10,"key":"Self Forming Clay"}],"event_choices":[{"damage_healed":0,"gold_gain":0,"player_choice":"Searched \u00270\u0027 times","damage_taken":0,"max_hp_gain":0,"max_hp_loss":0,"event_name":"Dead Adventurer","floor":11,"gold_loss":0},{"damage_healed":0,"gold_gain":0,"player_choice":"Bought 1 Potion","damage_taken":0,"max_hp_gain":0,"max_hp_loss":0,"event_name":"The Woman in Blue","floor":12,"gold_loss":0}],"is_beta":false,"boss_relics":[],"items_purged_floors":[4],"is_endless":false,"potions_floor_spawned":[2,3,14],"killed_by":"Hexaghost","ascension_level":6}