{"gold_per_floor":[115,115,115,40,115,115,150,167,167,4,39,53,78,78,78,182,182,165,176,276,296,296],"floor_reached":22,"playtime":792,"items_purged":["Strike_G"],"score":250,"play_id":"0630e527-51e3-4310-a0bd-0abb04055da8","local_time":"20190110141406","is_ascension_mode":true,"campfire_choices":[{"data":"Neutralize","floor":6,"key":"SMITH"},{"data":"Noxious Fumes","floor":15,"key":"SMITH"}],"neow_cost":"NONE","seed_source_timestamp":12932634179545,"circlet_count":0,"master_deck":["Defend_G+1","Defend_G","Defend_G","Defend_G","Defend_G","Strike_G","Strike_G","Strike_G","Survivor+1","Neutralize+1","Noxious Fumes+1","Dodge and Roll","Footwork","Terror","PiercingWail","Deflect","Backflip","Catalyst","Burst","Bouncing Flask+1","Catalyst"],"relics":["Ring of the Snake","NeowsBlessing","Kunai","War Paint","Bag of Marbles","Bottled Flame","Boot","Sozu"],"potions_floor_usage":[11],"damage_taken":[{"damage":0,"enemies":"Cultist","floor":1,"turns":1},{"damage":0,"enemies":"Lagavulin","floor":7,"turns":1},{"damage":0,"enemies":"Jaw Worm","floor":8,"turns":1},{"damage":21,"enemies":"Gremlin Nob","floor":11,"turns":5},{"damage":0,"enemies":"2 Louse","floor":12,"turns":3},{"damage":15,"enemies":"3 Sentries","floor":13,"turns":9},{"damage":2,"enemies":"Hexaghost","floor":16,"turns":12},{"damage":7,"enemies":"2 Thieves","floor":18,"turns":4},{"damage":8,"enemies":"3 Byrds","floor":19,"turns":4},{"damage":35,"enemies":"3 Cultists","floor":21,"turns":6},{"damage":26,"enemies":"Snecko","floor":22,"turns":4}],"seed_played":"-3546083848171839809","potions_obtained":[{"floor":8,"key":"Block Potion"},{"floor":12,"key":"Swift Potion"}],"is_trial":false,"path_per_floor":["M","?","?","$","?","R","E","M","T","$","E","M","E","?","R","B",null,"M","M","?","M","M"],"character_chosen":"THE_SILENT","items_purchased":["Footwork","Terror","PiercingWail"],"campfire_rested":0,"item_purchase_floors":[10,10,10],"current_hp_per_floor":[70,63,56,56,49,49,49,49,49,49,28,28,13,13,13,11,70,63,55,55,20,0],"gold":296,"neow_bonus":"THREE_ENEMY_KILL","is_prod":false,"is_daily":false,"chose_seed":false,"campfire_upgraded":2,"win_rate":0,"timestamp":1547097246,"path_taken":["M","?","?","$","?","R","E","?","T","$","E","M","E","?","R","BOSS","M","M","?","M","?"],"build_version":"2019-01-03v4","purchased_purges":1,"victory":false,"max_hp_per_floor":[70,70,70,70,70,70,70,70,70,70,70,70,70,70,70,70,70,70,70,70,70,70],"card_choices":[{"not_picked":["Acrobatics","PiercingWail"],"picked":"Choke","floor":1},{"not_picked":["Bane","Poisoned Stab"],"picked":"Noxious Fumes","floor":7},{"not_picked":["Well Laid Plans","Terror"],"picked":"Dodge and Roll","floor":8},{"not_picked":["Skewer","Outmaneuver"],"picked":"Deflect","floor":11},{"not_picked":["Bane","Dodge and Roll"],"picked":"Backflip","floor":12},{"not_picked":["PiercingWail","Predator"],"picked":"Catalyst","floor":13},{"not_picked":["Phantasmal Killer","Venomology"],"picked":"Burst","floor":16},{"not_picked":["Quick Slash","Backstab+1"],"picked":"Bouncing Flask+1","floor":18},{"not_picked":["Caltrops+1","Slice+1","Bouncing Flask+1"],"picked":"SKIP","floor":19},{"not_picked":["Bane+1","Heel Hook"],"picked":"Catalyst","floor":21}],"player_experience":195034,"relics_obtained":[{"floor":7,"key":"War Paint"},{"floor":9,"key":"Bag of Marbles"},{"floor":11,"key":"Bottled Flame"},{"floor":13,"key":"Boot"}],"event_choices":[{"cards_removed":["Strike_G"],"damage_healed":0,"gold_gain":0,"player_choice":"Card Removal","damage_taken":7,"max_hp_gain":0,"max_hp_loss":0,"event_name":"Golden Wing","floor":2,"gold_loss":0},{"damage_healed":0,"gold_gain":0,"player_choice":"Success","damage_taken":7,"relics_obtained":["Kunai"],"max_hp_gain":0,"max_hp_loss":0,"event_name":"Scrap Ooze","floor":3,"gold_loss":0},{"damage_healed":0,"gold_gain":75,"player_choice":"Touch","damage_taken":7,"max_hp_gain":0,"max_hp_loss":0,"event_name":"FaceTrader","floor":5,"gold_loss":0},{"cards_removed":["Choke"],"damage_healed":0,"gold_gain":0,"player_choice":"Forget","damage_taken":0,"max_hp_gain":0,"max_hp_loss":0,"event_name":"Living Wall","floor":14,"gold_loss":0},{"damage_healed":0,"gold_gain":100,"player_choice":"Pray","damage_taken":0,"max_hp_gain":0,"max_hp_loss":0,"event_name":"Golden Shrine","floor":20,"gold_loss":0}],"is_beta":false,"boss_relics":[{"not_picked":["Black Star","Runic Pyramid"],"picked":"Sozu"}],"items_purged_floors":[4],"is_endless":false,"potions_floor_spawned":[8,12,18,21],"killed_by":"Snecko","ascension_level":2}