{"path_per_floor":["M","?","M","?","M","E","R","M","T","$","M","?","E","?","R","B",null,"M","$","M","?","?","R","M","R","T","M","E","M","R","?","R","B",null,"M","$","M","M","M","E","R","M","T","M","$","E","?","M","R","B"],"character_chosen":"IRONCLAD","items_purchased":["Rampage","Kunai"],"gold_per_floor":[111,111,122,122,140,174,174,191,191,35,45,120,147,97,97,200,200,219,119,136,136,136,136,155,155,206,224,256,270,270,270,270,369,369,388,8,19,37,49,84,84,95,95,108,108,135,135,145,145,145],"floor_reached":51,"campfire_rested":3,"playtime":4692,"current_hp_per_floor":[79,79,80,73,79,47,47,53,53,53,54,43,27,27,51,13,80,57,57,47,47,47,47,36,36,43,43,22,8,34,63,63,7,87,87,87,87,78,80,49,49,30,30,26,26,40,62,58,84,46],"items_purged":["Combust","Strike_R","Writhe"],"gold":145,"score":739,"play_id":"45c96ba4-b13b-42cc-8ec2-78203c8313af","local_time":"20180415172827","is_prod":false,"is_daily":false,"chose_seed":false,"is_ascension_mode":false,"campfire_upgraded":5,"timestamp":1523838507,"path_taken":["M","?","M","?","M","E","R","M","T","$","M","?","E","?","R","BOSS","M","$","M","?","?","R","M","R","T","M","E","M","R","?","R","BOSS","M","$","M","M","M","E","R","M","T","M","$","E","?","M","R","BOSS"],"build_version":"2018-04-12","seed_source_timestamp":0,"purchased_purges":3,"victory":true,"master_deck":["Strike_R+1","Strike_R+1","Defend_R+1","Defend_R+1","Defend_R+1","Defend_R+1","Bash","Cleave","Thunderclap+1","Flex","Rampage+1","Impervious","Barricade+1","Headbutt","Uppercut+1","Shrug It Off+1","Pommel Strike","Offering","Iron Wave+1","Body Slam+1","Iron Wave+1","Intimidate+1","Pain","Writhe","Rage+1"],"max_hp_per_floor":[80,80,80,80,80,80,80,80,80,80,80,80,80,80,80,80,80,80,80,80,80,80,80,80,80,87,87,87,87,87,87,87,87,87,87,87,87,87,87,87,87,87,87,87,87,87,87,87,87,87],"relics":["Burning Blood","Oddly Smooth Stone","Dream Catcher","Letter Opener","Juzu Bracelet","Cursed Key","Strawberry","Anchor","Velvet Choker","Kunai","Ginger","Pantograph","Orichalcum"],"card_choices":[{"not_picked":["Intimidate","Twin Strike"],"picked":"Cleave","floor":1.0},{"not_picked":["Ghostly Armor","Inflame"],"picked":"Thunderclap","floor":3.0},{"not_picked":["True Grit","Power Through"],"picked":"Flex","floor":8.0},{"not_picked":["Iron Wave","True Grit"],"picked":"Impervious","floor":13.0},{"not_picked":["Berserk","Reaper"],"picked":"Barricade","floor":16.0},{"not_picked":["Second Wind","Twin Strike"],"picked":"Headbutt","floor":18.0},{"not_picked":["Anger","Armaments"],"picked":"Uppercut","floor":20.0},{"not_picked":["Thunderclap","Blood for Blood"],"picked":"Shrug It Off","floor":24.0},{"not_picked":["Searing Blow","Twin Strike"],"picked":"Pommel Strike","floor":27.0},{"not_picked":["Limit Break","Berserk"],"picked":"Offering","floor":33.0},{"not_picked":["Clash","Clothesline"],"picked":"Iron Wave","floor":35.0},{"not_picked":["Clothesline","Warcry"],"picked":"Body Slam","floor":37.0},{"not_picked":["Perfected Strike","Infernal Blade"],"picked":"Iron Wave","floor":39.0},{"not_picked":["Warcry","Anger"],"picked":"Intimidate","floor":42.0},{"not_picked":["Pummel","Shrug It Off"],"picked":"Rage","floor":48}],"player_experience":9952,"potions_floor_usage":[46,50],"damage_taken":[{"damage":7.0,"enemies":"Small Slimes","floor":1.0,"turns":4.0},{"damage":5.0,"enemies":"Cultist","floor":3.0,"turns":4.0},{"damage":0.0,"enemies":"2 Louse","floor":5.0,"turns":2.0},{"damage":38.0,"enemies":"3 Sentries","floor":6.0,"turns":8.0},{"damage":0.0,"enemies":"Large Slime","floor":8.0,"turns":5.0},{"damage":5.0,"enemies":"3 Louse","floor":11.0,"turns":2.0},{"damage":22.0,"enemies":"Gremlin Nob","floor":13.0,"turns":5.0},{"damage":59.0,"enemies":"Slime Boss","floor":16.0,"turns":11.0},{"damage":29.0,"enemies":"3 Byrds","floor":18.0,"turns":5.0},{"damage":16.0,"enemies":"Spheric Guardian","floor":20.0,"turns":6.0},{"damage":17.0,"enemies":"Chosen and Byrds","floor":24.0,"turns":7.0},{"damage":6.0,"enemies":"Snake Plant","floor":27.0,"turns":4.0},{"damage":27.0,"enemies":"Book of Stabbing","floor":28.0,"turns":6.0},{"damage":20.0,"enemies":"Slaver and Parasite","floor":29.0,"turns":5.0},{"damage":77.0,"enemies":"Collector","floor":33.0,"turns":14.0},{"damage":4.0,"enemies":"3 Shapes","floor":35.0,"turns":5.0},{"damage":4.0,"enemies":"Orb Walker","floor":37.0,"turns":3.0},{"damage":15.0,"enemies":"Sphere and 2 Shapes","floor":38.0,"turns":4.0},{"damage":4.0,"enemies":"Maw","floor":39.0,"turns":7.0},{"damage":37.0,"enemies":"2 Orb Walkers","floor":40.0,"turns":7.0},{"damage":25.0,"enemies":"4 Shapes","floor":42.0,"turns":4.0},{"damage":10.0,"enemies":"Sphere and 2 Shapes","floor":44.0,"turns":5.0},{"damage":7,"enemies":"Nemesis","floor":46,"turns":9},{"damage":10,"enemies":"Maw","floor":48,"turns":7},{"damage":47,"enemies":"Awakened One","floor":50,"turns":14}],"event_choices":[{"event_name":"The Woman in Blue","player_choice":"Bought 0 Potions","floor":2.0,"damage_taken":0.0},{"event_name":"Scrap Ooze","player_choice":"success","floor":4.0,"damage_taken":7.0},{"event_name":"World of Goop","player_choice":"Gather Gold","floor":12.0,"damage_taken":0.0},{"event_name":"The Cleric","player_choice":"Card Removal","floor":14.0,"damage_taken":0.0},{"event_name":"Upgrade Shrine","player_choice":"Upgraded","floor":21.0,"damage_taken":0.0},{"event_name":"Back to Basics","player_choice":"Simplicity","floor":22.0,"damage_taken":0.0},{"event_name":"The Library","player_choice":"Heal","floor":31.0,"damage_taken":0.0},{"event_name":"Winding Halls","player_choice":"Writhe","floor":47,"damage_taken":0}],"boss_relics":[],"potions_floor_spawned":[1,5,11,13,16,18,24,29,33,35,38,39,48],"seed_played":"-3277452642389785137","ascension_level":0,"is_trial":false}