{"gold_per_floor":[110,129,145,145,145,145,177,177,177,207,20,20,50,64,64,160,160,178,26,39,51,69,69,101,101,131,40,71,86,86,112,112,211,211,222,222,222,232,87,87,116,116],"floor_reached":42,"playtime":2770,"items_purged":["Strike_G","Survivor"],"score":803,"play_id":"f4b8fa81-340d-46bf-a4aa-ee8ec9a0c42a","local_time":"20190205095946","is_ascension_mode":true,"campfire_choices":[{"data":"Dagger Spray","floor":6,"key":"SMITH"},{"floor":8,"key":"REST"},{"floor":12,"key":"REST"},{"data":"Well Laid Plans","floor":15,"key":"SMITH"},{"data":"Expertise","floor":23,"key":"SMITH"},{"floor":30,"key":"REST"},{"floor":32,"key":"REST"},{"data":"After Image","floor":40,"key":"SMITH"}],"neow_cost":"NONE","seed_source_timestamp":1587542573850534,"circlet_count":0,"master_deck":["AscendersBane","Defend_G+1","Defend_G+1","Defend_G+1","Defend_G+1","Defend_G+1","Strike_G+1","Strike_G+1","Strike_G+1","Neutralize+1","Dagger Spray+1","Backflip","Sucker Punch","Noxious Fumes","Dodge and Roll","Well Laid Plans+1","Leg Sweep","Backflip","Corpse Explosion","Heel Hook","Backflip","Dodge and Roll","Masterful Stab+1","Expertise+1","Quick Slash+1","Infinite Blades","Footwork","Terror+1","Footwork","Crippling Poison+1","After Image+1","Backstab+1","Writhe","Dodge and Roll+1","Backflip+1","Calculated Gamble+1"],"relics":["Ring of the Snake","NeowsBlessing","WingedGreaves","Dodecahedron","War Paint","Bronze Scales","Vajra","HoveringKite","Toxic Egg 2","Tiny Chest","Potion Belt","Bottled Tornado","Runic Pyramid","Pen Nib"],"potions_floor_usage":[7,10,13,20,20,28,28,28,31],"damage_taken":[{"damage":0,"enemies":"2 Louse","floor":1,"turns":1},{"damage":0,"enemies":"Cultist","floor":2,"turns":1},{"damage":0,"enemies":"Jaw Worm","floor":3,"turns":1},{"damage":44,"enemies":"Lagavulin","floor":7,"turns":10},{"damage":8,"enemies":"Gremlin Nob","floor":10,"turns":4},{"damage":2,"enemies":"Lagavulin","floor":13,"turns":7},{"damage":0,"enemies":"Looter","floor":14,"turns":3},{"damage":26,"enemies":"The Guardian","floor":16,"turns":13},{"damage":0,"enemies":"3 Byrds","floor":18,"turns":2},{"damage":15,"enemies":"Spheric Guardian","floor":20,"turns":5},{"damage":0,"enemies":"Chosen and Byrds","floor":21,"turns":5},{"damage":7,"enemies":"Centurion and Healer","floor":22,"turns":6},{"damage":6,"enemies":"Book of Stabbing","floor":24,"turns":7},{"damage":7,"enemies":"Gremlin Leader","floor":28,"turns":7},{"damage":0,"enemies":"Shelled Parasite and Fungi","floor":29,"turns":5},{"damage":14,"enemies":"Book of Stabbing","floor":31,"turns":7},{"damage":38,"enemies":"Collector","floor":33,"turns":10},{"damage":5,"enemies":"3 Shapes","floor":35,"turns":3},{"damage":4,"enemies":"Orb Walker","floor":38,"turns":4},{"damage":6,"enemies":"Giant Head","floor":41,"turns":9},{"damage":67,"enemies":"Reptomancer","floor":42,"turns":6}],"seed_played":"2021616126195623223","potions_obtained":[{"floor":3,"key":"Block Potion"},{"floor":7,"key":"SteroidPotion"},{"floor":10,"key":"Poison Potion"},{"floor":16,"key":"Swift Potion"},{"floor":18,"key":"GamblersBrew"},{"floor":22,"key":"Explosive Potion"},{"floor":24,"key":"Block Potion"},{"floor":29,"key":"Block Potion"}],"is_trial":false,"path_per_floor":["M","M","M","?","?","R","E","R","T","E","$","R","E","M","R","B",null,"M","$","M","M","M","R","E","?","T","$","E","M","R","E","R","B",null,"M","?","?","M","$","R","E","E"],"character_chosen":"THE_SILENT","items_purchased":["Well Laid Plans","Bronze Scales","Backflip","Dodge and Roll","Footwork","Dexterity Potion","Backflip+1"],"campfire_rested":4,"item_purchase_floors":[11,11,19,19,27,27,39],"current_hp_per_floor":[63,63,63,56,56,56,12,33,33,25,25,46,44,44,44,18,57,57,57,42,42,35,35,29,29,29,29,22,22,43,29,50,12,56,51,69,69,65,65,65,59,0],"gold":116,"neow_bonus":"THREE_ENEMY_KILL","is_prod":false,"is_daily":false,"chose_seed":false,"campfire_upgraded":4,"win_rate":0,"timestamp":1549378786,"path_taken":["M","M","M","?","?","R","E","R","T","E","$","R","E","M","R","BOSS","M","$","M","?","M","R","E","?","T","$","E","M","R","E","R","BOSS","M","?","?","M","?","R","E","E"],"build_version":"2019-01-23","purchased_purges":2,"victory":false,"max_hp_per_floor":[70,70,70,70,70,70,70,70,70,70,70,70,70,70,70,70,70,70,70,70,70,70,70,70,70,70,70,70,70,70,70,70,70,70,70,70,70,70,70,70,70,70],"card_choices":[{"not_picked":["Poisoned Stab","Prepared"],"picked":"Dagger Spray","floor":1},{"not_picked":["Blade Dance","Flying Knee"],"picked":"Backflip","floor":2},{"not_picked":["Backflip","Tactician"],"picked":"Sucker Punch","floor":3},{"not_picked":["Cloak And Dagger","Acrobatics"],"picked":"Noxious Fumes","floor":7},{"not_picked":["Grand Finale","Dagger Throw"],"picked":"Dodge and Roll","floor":10},{"not_picked":["Quick Slash","Poisoned Stab"],"picked":"Leg Sweep","floor":13},{"not_picked":["Setup","Bouncing Flask"],"picked":"Backflip","floor":14},{"not_picked":["Envenom","After Image"],"picked":"Corpse Explosion","floor":16},{"not_picked":["Endless Agony","Flying Knee+1"],"picked":"Heel Hook","floor":18},{"not_picked":["Slice","Concentrate+1"],"picked":"Masterful Stab+1","floor":20},{"not_picked":["Acrobatics","Blade Dance"],"picked":"Expertise","floor":21},{"not_picked":["Blade Dance","Dagger Throw"],"picked":"Quick Slash+1","floor":22},{"not_picked":["Blade Dance","All Out Attack"],"picked":"Infinite Blades","floor":24},{"not_picked":["Riddle With Holes","Flying Knee"],"picked":"Terror+1","floor":28},{"not_picked":["Accuracy","Acrobatics+1"],"picked":"Footwork","floor":29},{"not_picked":["Bullet Time+1","Flechettes+1"],"picked":"Crippling Poison+1","floor":31},{"not_picked":["Malaise+1","Corpse Explosion+1"],"picked":"After Image","floor":33},{"not_picked":["Blade Dance+1","Dagger Spray"],"picked":"Backstab+1","floor":35},{"not_picked":["Flechettes+1","Slice"],"picked":"Dodge and Roll+1","floor":38},{"not_picked":["Backflip+1","Quick Slash+1"],"picked":"Calculated Gamble+1","floor":41}],"player_experience":679943,"relics_obtained":[{"floor":7,"key":"WingedGreaves"},{"floor":9,"key":"Dodecahedron"},{"floor":10,"key":"War Paint"},{"floor":13,"key":"Vajra"},{"floor":24,"key":"Toxic Egg 2"},{"floor":26,"key":"Tiny Chest"},{"floor":28,"key":"Potion Belt"},{"floor":31,"key":"Bottled Tornado"},{"floor":41,"key":"Pen Nib"}],"event_choices":[{"cards_removed":["Strike_G"],"damage_healed":0,"gold_gain":0,"player_choice":"Card Removal","damage_taken":7,"max_hp_gain":0,"max_hp_loss":0,"event_name":"Golden Wing","floor":4,"gold_loss":0},{"damage_healed":0,"gold_gain":0,"player_choice":"Upgraded","damage_taken":0,"max_hp_gain":0,"max_hp_loss":0,"event_name":"Upgrade Shrine","floor":5,"gold_loss":0,"cards_upgraded":["Neutralize"]},{"damage_healed":0,"gold_gain":0,"player_choice":"Simplicity","damage_taken":0,"max_hp_gain":0,"max_hp_loss":0,"event_name":"Back to Basics","floor":25,"gold_loss":0,"cards_upgraded":["Defend_G","Defend_G","Defend_G","Strike_G","Strike_G","Strike_G"]},{"damage_healed":18,"gold_gain":0,"player_choice":"Writhe","damage_taken":0,"max_hp_gain":0,"max_hp_loss":0,"event_name":"Winding Halls","floor":36,"gold_loss":0,"cards_obtained":["Writhe"]},{"damage_healed":0,"gold_gain":0,"player_choice":"Ignored","damage_taken":0,"max_hp_gain":0,"max_hp_loss":0,"event_name":"Tomb of Lord Red Mask","floor":37,"gold_loss":0}],"is_beta":false,"boss_relics":[{"not_picked":["Calling Bell","Philosopher\u0027s Stone"],"picked":"HoveringKite"},{"not_picked":["Astrolabe","Lizard Tail"],"picked":"Runic Pyramid"}],"items_purged_floors":[19,39],"is_endless":false,"potions_floor_spawned":[3,7,10,16,18,22,24,29],"killed_by":"Reptomancer","ascension_level":10}