{"path_per_floor":["M","?","M","M","?","R","M","?","T","R","M","R","M","T","R","B",null,"M","M","?","$","M","R"],"character_chosen":"DEFECT","items_purchased":["Apotheosis","Redo"],"gold_per_floor":[114,189,202,214,214,214,230,230,281,281,296,296,309,309,309,410,410,425,442,442,122,140,140,140],"floor_reached":24,"campfire_rested":2,"playtime":1191,"item_purchase_floors":[21,21],"current_hp_per_floor":[37,26,17,17,17,17,14,14,14,36,30,30,31,31,31,3,75,59,15,15,15,7,29,0],"items_purged":["Pain"],"gold":140,"score":188,"play_id":"b0148e71-6ae2-4395-9f0b-358557587def","local_time":"20180611091753","is_prod":false,"is_daily":false,"chose_seed":false,"is_ascension_mode":false,"campfire_upgraded":3,"win_rate":0.0,"timestamp":1528733873,"campfire_choices":[{"data":"Zap","floor":6,"key":"SMITH"},{"floor":10,"key":"REST"},{"data":"Dualcast","floor":12,"key":"SMITH"},{"data":"Seek","floor":15,"key":"SMITH"},{"floor":23,"key":"REST"}],"path_taken":["M","?","M","M","?","R","M","?","T","R","M","R","?","?","R","BOSS","M","M","?","$","M","R","E"],"build_version":"2018-06-07v3","seed_source_timestamp":1727656493892475,"purchased_purges":1,"victory":false,"master_deck":["Strike_B+1","Strike_B","Strike_B+1","Defend_B","Defend_B","Defend_B","Defend_B","Zap+1","Dualcast+1","Seek+1","Cold Snap","All For One","Tempest","Capacitor","Echo Form","Leap","Defragment","Apotheosis","Redo","Loop"],"max_hp_per_floor":[75,75,75,75,75,75,75,75,75,75,75,75,75,75,75,75,75,75,75,75,75,75,75,75],"relics":["Cracked Core","Whetstone","Bottled Lightning","Sozu"],"card_choices":[{"not_picked":["Meteor Strike","Creative AI"],"picked":"Seek","floor":0},{"not_picked":["Streamline","Gash","Rebound"],"picked":"SKIP","floor":1},{"not_picked":["Gash","Tempest"],"picked":"Cold Snap","floor":3},{"not_picked":["Auto Shields","Cold Snap","Lockon"],"picked":"SKIP","floor":4},{"not_picked":["Cold Snap","Go for the Eyes"],"picked":"All For One","floor":7},{"not_picked":["Turbo","Rebound"],"picked":"Tempest","floor":11},{"not_picked":["Conserve Battery","Beam Cell"],"picked":"Capacitor","floor":13},{"not_picked":["Machine Learning","All For One"],"picked":"Echo Form","floor":16},{"not_picked":["Static Discharge+1","Melter"],"picked":"Leap","floor":18},{"not_picked":["Redo","Gash"],"picked":"Defragment","floor":19},{"not_picked":["Leap+1","Redo"],"picked":"Loop","floor":22}],"player_experience":190267,"potions_floor_usage":[13,16,24],"damage_taken":[{"damage":1,"enemies":"Cultist","floor":1,"turns":3},{"damage":9,"enemies":"2 Louse","floor":3,"turns":2},{"damage":0,"enemies":"Small Slimes","floor":4,"turns":3},{"damage":3,"enemies":"Exordium Thugs","floor":7,"turns":4},{"damage":6,"enemies":"Looter","floor":11,"turns":3},{"damage":4,"enemies":"Red Slaver","floor":13,"turns":3},{"damage":28,"enemies":"The Guardian","floor":16,"turns":10},{"damage":16,"enemies":"Spheric Guardian","floor":18,"turns":4},{"damage":44,"enemies":"3 Byrds","floor":19,"turns":6},{"damage":8,"enemies":"Sentry and Sphere","floor":22,"turns":5},{"damage":30,"enemies":"Slavers","floor":24,"turns":3}],"relics_obtained":[{"floor":9,"key":"Whetstone"},{"floor":14,"key":"Bottled Lightning"}],"event_choices":[{"event_name":"World of Goop","player_choice":"Gather Gold","floor":2,"damage_taken":0},{"event_name":"Bonfire Elementals","player_choice":"BASIC","floor":5,"damage_taken":0},{"event_name":"Match and Keep!","player_choice":"1 cards matched","floor":8,"damage_taken":0},{"event_name":"Ghosts","player_choice":"Ignored","floor":20,"damage_taken":0}],"boss_relics":[{"not_picked":["Black Star","Cursed Key"],"picked":"Sozu"}],"items_purged_floors":[21],"potions_floor_spawned":[3,7,11,16,19],"seed_played":"-2472156956322468641","killed_by":"Slavers","ascension_level":0,"potions_obtained":[{"floor":3,"key":"FearPotion"},{"floor":7,"key":"Regen Potion"},{"floor":11,"key":"Fire Potion"},{"floor":16,"key":"SneckoOil"}],"is_trial":false}