{"gold_per_floor":[115,190,190,190,206,236,252,252,252,12,12,44,59,70,70,169,169,189,189,189,199,199],"floor_reached":22,"playtime":942,"items_purged":[],"score":252,"play_id":"49e5aaca-5611-43bf-ac6d-1cc0913ad72c","local_time":"20190105090302","is_ascension_mode":true,"campfire_choices":[{"data":"Defragment","floor":8,"key":"SMITH"},{"floor":15,"key":"REST"}],"neow_cost":"NONE","seed_source_timestamp":1319589000308565,"circlet_count":0,"master_deck":["Strike_B+1","Strike_B+1","Strike_B+1","Strike_B+1","Defend_B+1","Defend_B+1","Defend_B+1","Defend_B+1","Zap","Dualcast","Cold Snap","Regret","Pain","Coolheaded","Amplify","Defragment+1","Apotheosis","Darkness","Glacier","Creative AI","Capacitor","RitualDagger"],"relics":["Cracked Core","NeowsBlessing","Blue Candle","WarpedTongs","PreservedInsect","Bag of Preparation","Darkstone Periapt","Sozu"],"potions_floor_usage":[16,16],"damage_taken":[{"damage":0,"enemies":"Small Slimes","floor":1,"turns":1},{"damage":2,"enemies":"2 Louse","floor":5,"turns":1},{"damage":1,"enemies":"Lagavulin","floor":6,"turns":1},{"damage":3,"enemies":"Cultist","floor":7,"turns":5},{"damage":22,"enemies":"3 Sentries","floor":12,"turns":6},{"damage":25,"enemies":"Exordium Thugs","floor":13,"turns":5},{"damage":14,"enemies":"3 Louse","floor":14,"turns":4},{"damage":26,"enemies":"The Guardian","floor":16,"turns":12},{"damage":9,"enemies":"2 Thieves","floor":18,"turns":4},{"damage":24,"enemies":"Shell Parasite","floor":21,"turns":6},{"damage":37,"enemies":"Snake Plant","floor":22,"turns":4}],"seed_played":"-5817132321485640115","potions_obtained":[{"floor":6,"key":"EssenceOfSteel"},{"floor":12,"key":"Strength Potion"},{"floor":14,"key":"FearPotion"}],"is_trial":false,"path_per_floor":["M","?","?","?","M","E","M","R","T","$","?","E","M","M","R","B",null,"M","?","?","M","M"],"character_chosen":"DEFECT","items_purchased":["Apotheosis","Darkness"],"campfire_rested":1,"item_purchase_floors":[10,10],"current_hp_per_floor":[75,64,64,64,62,61,58,58,58,58,75,53,28,14,36,10,75,66,66,60,36,0],"gold":199,"neow_bonus":"THREE_ENEMY_KILL","is_prod":false,"is_daily":false,"chose_seed":false,"campfire_upgraded":1,"win_rate":0,"timestamp":1546696982,"path_taken":["M","?","?","?","M","E","?","R","T","?","?","E","?","M","R","BOSS","M","?","?","M","M"],"build_version":"2019-01-03v4","purchased_purges":0,"victory":false,"max_hp_per_floor":[75,75,75,75,75,75,75,75,75,75,75,75,75,75,75,75,75,75,75,75,75,75],"card_choices":[{"not_picked":["Aggregate","Hello World"],"picked":"Cold Snap","floor":1},{"not_picked":["Streamline","Conserve Battery"],"picked":"Coolheaded","floor":5},{"not_picked":["BootSequence","Stack"],"picked":"Amplify","floor":6},{"not_picked":["Leap","BootSequence"],"picked":"Defragment","floor":7},{"not_picked":["Reinforced Body","Barrage","Undo"],"picked":"SKIP","floor":12},{"not_picked":["Redo","Gash"],"picked":"Glacier","floor":13},{"not_picked":["Leap","Sweeping Beam","Skim"],"picked":"SKIP","floor":14},{"not_picked":["Rainbow","Echo Form"],"picked":"Creative AI","floor":16},{"not_picked":["Turbo","Glacier+1"],"picked":"Capacitor","floor":18},{"not_picked":["Scrape","Reprogram","Skim"],"picked":"SKIP","floor":21}],"player_experience":315609,"relics_obtained":[{"floor":6,"key":"PreservedInsect"},{"floor":9,"key":"Bag of Preparation"},{"floor":12,"key":"Darkstone Periapt"}],"event_choices":[{"damage_healed":0,"gold_gain":75,"player_choice":"Gather Gold","damage_taken":11,"max_hp_gain":0,"max_hp_loss":0,"event_name":"World of Goop","floor":2,"gold_loss":0},{"damage_healed":0,"gold_gain":0,"player_choice":"Box","damage_taken":0,"relics_obtained":["Blue Candle"],"max_hp_gain":0,"max_hp_loss":0,"event_name":"Big Fish","floor":3,"gold_loss":0,"cards_obtained":["Regret"]},{"damage_healed":0,"gold_gain":0,"player_choice":"Rummage","damage_taken":0,"relics_obtained":["WarpedTongs"],"max_hp_gain":0,"max_hp_loss":0,"event_name":"Accursed Blacksmith","floor":4,"gold_loss":0,"cards_obtained":["Pain"]},{"damage_healed":17,"gold_gain":0,"player_choice":"Full Heal","damage_taken":0,"max_hp_gain":0,"max_hp_loss":0,"event_name":"Wheel of Change","floor":11,"gold_loss":0},{"damage_healed":0,"gold_gain":0,"player_choice":"Simplicity","damage_taken":0,"max_hp_gain":0,"max_hp_loss":0,"event_name":"Back to Basics","floor":19,"gold_loss":0,"cards_upgraded":["Strike_B","Strike_B","Strike_B","Strike_B","Defend_B","Defend_B","Defend_B","Defend_B"]},{"damage_healed":0,"gold_gain":0,"player_choice":"Joined the Cult","damage_taken":6,"max_hp_gain":0,"max_hp_loss":0,"event_name":"Nest","floor":20,"gold_loss":0,"cards_obtained":["RitualDagger"]}],"is_beta":false,"boss_relics":[{"not_picked":["Black Star","Snecko Eye"],"picked":"Sozu"}],"items_purged_floors":[],"is_endless":false,"potions_floor_spawned":[6,12,14,18,21],"killed_by":"Snake Plant","ascension_level":3}