{"path_per_floor":["M","?","?","M","$","R","E","R","T","M","M","M","?","M","R","B",null,"M","M","M","?","M","$","M","R","T","R","?","M","E","M","R","B",null,"M","M","?"],"character_chosen":"THE_SILENT","items_purchased":["Apotheosis"],"gold_per_floor":[12,12,12,29,29,29,59,59,59,73,93,111,111,121,121,220,220,238,256,268,193,207,15,32,32,32,32,32,45,71,91,91,193,223,235,248,248,248],"floor_reached":38,"campfire_rested":4,"playtime":3816,"current_hp_per_floor":[70,70,70,70,70,70,50,50,50,50,45,42,35,35,56,40,70,55,35,25,25,16,16,6,27,27,48,48,48,15,5,26,4,75,56,30,21,0],"items_purged":[],"gold":248,"score":420,"play_id":"76591c06-dd33-4199-be4a-bb62000434af","local_time":"20180420205803","is_prod":false,"is_daily":false,"chose_seed":false,"is_ascension_mode":true,"campfire_upgraded":2,"timestamp":1524283083,"path_taken":["M","?","?","?","?","R","E","R","T","?","?","M","?","?","R","BOSS","M","M","M","?","M","$","M","R","T","R","?","M","E","M","R","BOSS","M","M","?","M"],"build_version":"2018-04-19","seed_source_timestamp":0,"purchased_purges":0,"victory":false,"master_deck":["Survivor","Neutralize+1","Dagger Throw","All Out Attack+1","Dagger Spray","Tools of the Trade","Concentrate","Backflip+1","Glass Knife","Footwork","Sucker Punch","Quick Slash","Infinite Blades","Acrobatics","Bane","Underhanded Strike","Cloak And Dagger","Well Laid Plans+1","Escape Plan","Malaise","Apotheosis","Backflip","Calculated Gamble","Deflect","Bullet Time","Tactician","Backflip+1","Madness","Madness"],"max_hp_per_floor":[70,70,70,70,70,70,70,70,70,70,70,70,70,70,70,70,70,70,70,70,70,70,70,70,70,70,70,70,70,70,70,70,70,75,75,75,75,75],"relics":["Ring of the Snake","Tingsha","Vajra","Question Card","Pandora\u0027s Box","Molten Egg 2","Prayer Wheel","Tiny House"],"card_choices":[{"not_picked":["Deflect","Predator"],"picked":"Dagger Throw","floor":1.0},{"not_picked":["Catalyst","Concentrate"],"picked":"All Out Attack","floor":7.0},{"not_picked":["Acrobatics","Poisoned Stab","Deadly Poison"],"picked":"Dagger Spray","floor":10.0},{"not_picked":["Terror","Calculated Gamble","PiercingWail"],"picked":"Tools of the Trade","floor":11.0},{"not_picked":["All Out Attack","Deadly Poison","Slice"],"picked":"Concentrate","floor":12.0},{"not_picked":["Deflect","Cloak And Dagger","Predator"],"picked":"Backflip","floor":14.0},{"not_picked":["Burst","Tools of the Trade","Envenom"],"picked":"Glass Knife","floor":16.0},{"not_picked":["Prepared","Expertise","PiercingWail"],"picked":"Cloak And Dagger","floor":18.0},{"not_picked":["Poisoned Stab","Predator","Masterful Stab"],"picked":"Well Laid Plans","floor":19.0},{"not_picked":["Bane","Endless Agony","Quick Slash"],"picked":"Escape Plan","floor":20.0},{"not_picked":["Deflect","PiercingWail","Concentrate"],"picked":"Malaise","floor":22.0},{"not_picked":["Flying Knee","Poisoned Stab","Sucker Punch"],"picked":"Backflip","floor":24.0},{"not_picked":["Dagger Throw","Glass Knife","PiercingWail"],"picked":"Calculated Gamble","floor":29.0},{"not_picked":["Backflip","Bane","Outmaneuver"],"picked":"Deflect","floor":30.0},{"not_picked":["Sucker Punch","Acrobatics","Malaise"],"picked":"Bullet Time","floor":31.0},{"not_picked":["Doppelganger","Bullet Time","Burst"],"picked":"Tactician","floor":33.0},{"not_picked":["Underhanded Strike","Reflex","Deadly Poison"],"picked":"Backflip","floor":34.0}],"player_experience":88505,"potions_floor_usage":[],"damage_taken":[{"damage":0.0,"enemies":"2 Louse","floor":1.0,"turns":4.0},{"damage":0.0,"enemies":"Small Slimes","floor":4.0,"turns":5.0},{"damage":20.0,"enemies":"Gremlin Nob","floor":7.0,"turns":5.0},{"damage":0.0,"enemies":"Cultist","floor":10.0,"turns":2.0},{"damage":5.0,"enemies":"Looter","floor":11.0,"turns":3.0},{"damage":3.0,"enemies":"Red Slaver","floor":12.0,"turns":3.0},{"damage":0.0,"enemies":"Lots of Slimes","floor":14.0,"turns":1.0},{"damage":16.0,"enemies":"The Guardian","floor":16.0,"turns":13.0},{"damage":15.0,"enemies":"3 Byrds","floor":18.0,"turns":4.0},{"damage":20.0,"enemies":"Spheric Guardian","floor":19.0,"turns":4.0},{"damage":10.0,"enemies":"Snake Plant","floor":20.0,"turns":4.0},{"damage":9.0,"enemies":"Slaver and Parasite","floor":22.0,"turns":4.0},{"damage":10.0,"enemies":"Centurion and Healer","floor":24.0,"turns":5.0},{"damage":0.0,"enemies":"Sentry and Sphere","floor":29.0,"turns":3.0},{"damage":42.0,"enemies":"Slavers","floor":30.0,"turns":4.0},{"damage":10.0,"enemies":"3 Cultists","floor":31.0,"turns":5.0},{"damage":22.0,"enemies":"Collector","floor":33.0,"turns":9.0},{"damage":19.0,"enemies":"3 Darklings","floor":35.0,"turns":5.0},{"damage":26.0,"enemies":"3 Shapes","floor":36.0,"turns":5.0},{"damage":23,"enemies":"Sphere and 2 Shapes","floor":38,"turns":3}],"event_choices":[{"event_name":"The Cleric","player_choice":"Leave","floor":2.0,"damage_taken":0.0},{"event_name":"Purifier","player_choice":"One Purge","floor":3.0,"damage_taken":0.0},{"event_name":"Golden Wing","player_choice":"Card Removal","floor":13.0,"damage_taken":0.0},{"event_name":"Beggar","player_choice":"Gave Gold","floor":21.0,"damage_taken":0.0},{"event_name":"Vampires","player_choice":"Ignored","floor":28.0,"damage_taken":0.0},{"event_name":"Winding Halls","player_choice":"Embrace Madness","floor":37.0,"damage_taken":0.0}],"boss_relics":[],"potions_floor_spawned":[4,7,11,16,19,22,24,33],"seed_played":"8601167610488555758","killed_by":"Sphere and 2 Shapes","ascension_level":1,"is_trial":false}