{"gold_per_floor":[118,132,132,33,33,33,33,33,80,92,137,163,75,88,88,187,187,202,213,88,88,101,127,141,170,195,195],"floor_reached":27,"playtime":875,"items_purged":["Strike_R","Strike_R","Defend_R"],"score":477,"play_id":"cf55ddfd-4d26-4ccb-9786-f7ecd0d0cbba","local_time":"20190108153003","is_ascension_mode":true,"campfire_choices":[{"floor":6,"key":"REST"},{"data":"Heavy Blade","floor":8,"key":"SMITH"},{"data":"Bash","floor":10,"key":"SMITH"},{"data":"Inflame","floor":15,"key":"SMITH"}],"neow_cost":"PERCENT_DAMAGE","seed_source_timestamp":1602107043864782,"circlet_count":0,"master_deck":["AscendersBane","Strike_R","Strike_R+1","Defend_R","Defend_R","Defend_R","Bash+1","Flex+1","Offering","Heavy Blade+1","Combust","Inflame+1","Burning Pact","Limit Break","Battle Trance","True Grit+1","Sentinel","Flex","Inflame"],"relics":["Burning Blood","MawBank","FossilizedHelix","Fusion Hammer","Smiling Mask","Juzu Bracelet","Potion Belt"],"potions_floor_usage":[16,18,23,23,25],"damage_taken":[{"damage":7,"enemies":"Small Slimes","floor":1,"turns":4},{"damage":12,"enemies":"Jaw Worm","floor":2,"turns":3},{"damage":33,"enemies":"3 Sentries","floor":11,"turns":8},{"damage":6,"enemies":"Cultist","floor":12,"turns":3},{"damage":17,"enemies":"Exordium Thugs","floor":14,"turns":5},{"damage":30,"enemies":"Hexaghost","floor":16,"turns":6},{"damage":0,"enemies":"Shell Parasite","floor":18,"turns":1},{"damage":6,"enemies":"Chosen","floor":19,"turns":3},{"damage":7,"enemies":"Shelled Parasite and Fungi","floor":22,"turns":3},{"damage":1,"enemies":"Gremlin Leader","floor":23,"turns":2},{"damage":6,"enemies":"Cultist and Chosen","floor":24,"turns":3},{"damage":38,"enemies":"Book of Stabbing","floor":25,"turns":5},{"damage":57,"enemies":"Slavers","floor":27,"turns":3}],"seed_played":"-8215230104863801369","potions_obtained":[{"floor":1,"key":"Swift Potion"},{"floor":14,"key":"SkillPotion"},{"floor":18,"key":"Strength Potion"},{"floor":19,"key":"Fire Potion"},{"floor":22,"key":"Weak Potion"}],"is_trial":false,"path_per_floor":["M","M","?","$","?","R","?","R","T","R","E","M","$","M","R","B",null,"M","M","$","?","M","E","M","E","T","E"],"character_chosen":"IRONCLAD","items_purchased":["Heavy Blade"],"campfire_rested":1,"item_purchase_floors":[4],"current_hp_per_floor":[66,60,65,65,45,75,75,75,75,75,48,48,48,37,37,13,79,85,85,85,85,84,89,89,57,57,0],"gold":195,"neow_bonus":"TWENTY_PERCENT_HP_BONUS","is_prod":false,"is_daily":false,"chose_seed":false,"campfire_upgraded":3,"win_rate":0,"timestamp":1546979403,"path_taken":["M","M","?","$","?","R","?","R","T","R","E","?","?","M","R","BOSS","M","M","$","?","M","E","M","E","T","E"],"build_version":"2019-01-03v4","purchased_purges":3,"victory":false,"max_hp_per_floor":[96,96,101,101,101,101,101,101,101,101,101,101,101,101,101,101,101,101,101,101,101,101,101,101,101,101,101],"card_choices":[{"not_picked":["Spot Weakness","Sword Boomerang"],"picked":"Flex","floor":1},{"not_picked":["Shrug It Off","Wild Strike"],"picked":"Offering","floor":2},{"not_picked":["Perfected Strike","Whirlwind"],"picked":"Inflame","floor":11},{"not_picked":["Hemokinesis","Anger","Pummel"],"picked":"SKIP","floor":12},{"not_picked":["Warcry","Havoc"],"picked":"Burning Pact","floor":14},{"not_picked":["Dark Embrace","Exhume"],"picked":"Limit Break","floor":16},{"not_picked":["Heavy Blade","Hemokinesis"],"picked":"Battle Trance","floor":18},{"not_picked":["Shrug It Off+1","Body Slam"],"picked":"True Grit+1","floor":19},{"not_picked":["Wild Strike+1","Perfected Strike+1"],"picked":"Sentinel","floor":22},{"not_picked":["Sever Soul+1","True Grit"],"picked":"Flex","floor":23},{"not_picked":["Clash","Twin Strike","Fire Breathing"],"picked":"SKIP","floor":24},{"not_picked":["Cleave","Dark Embrace"],"picked":"Inflame","floor":25}],"player_experience":355351,"relics_obtained":[{"floor":9,"key":"MawBank"},{"floor":11,"key":"FossilizedHelix"},{"floor":23,"key":"Smiling Mask"},{"floor":25,"key":"Juzu Bracelet"},{"floor":26,"key":"Potion Belt"}],"event_choices":[{"damage_healed":0,"gold_gain":0,"player_choice":"Donut","damage_taken":0,"max_hp_gain":5,"max_hp_loss":0,"event_name":"Big Fish","floor":3,"gold_loss":0},{"damage_healed":0,"gold_gain":0,"player_choice":"Entered Light","damage_taken":20,"max_hp_gain":0,"max_hp_loss":0,"event_name":"Shining Light","floor":5,"gold_loss":0,"cards_upgraded":["Strike_R","Flex"]},{"damage_healed":0,"gold_gain":0,"cards_transformed":["Strike_R"],"player_choice":"Transformed","damage_taken":0,"max_hp_gain":0,"max_hp_loss":0,"event_name":"Transmorgrifier","floor":7,"gold_loss":0,"cards_obtained":["Combust"]},{"damage_healed":0,"gold_gain":0,"player_choice":"Ignored","damage_taken":0,"max_hp_gain":0,"max_hp_loss":0,"event_name":"Vampires","floor":21,"gold_loss":0}],"is_beta":false,"boss_relics":[{"not_picked":["Runic Pyramid","Black Blood"],"picked":"Fusion Hammer"}],"items_purged_floors":[4,13,20],"is_endless":false,"potions_floor_spawned":[1,14,18,19,22],"killed_by":"Slavers","ascension_level":10}