{"gold_per_floor":[112,112,187,199,218,218,245,260,286,286,305,305,305,255,255,354,354,329,329,329,329,340,340,340,340,340,340,439,452,468,478,478,478],"floor_reached":33,"playtime":943,"items_purged":[],"score":306,"play_id":"53e1daea-1c61-4d94-a398-fe20b27784a0","local_time":"20190112164252","is_ascension_mode":true,"campfire_choices":[{"data":"Perfected Strike","floor":6,"key":"SMITH"},{"data":"Rage","floor":10,"key":"SMITH"},{"data":"Limit Break","floor":12,"key":"SMITH"},{"data":"Inflame","floor":15,"key":"SMITH"},{"data":"Reaper","floor":23,"key":"SMITH"},{"floor":27,"key":"REST"},{"floor":32,"key":"REST"}],"neow_cost":"NONE","seed_source_timestamp":28891860216653,"circlet_count":0,"master_deck":["Strike_R+1","Strike_R+1","Strike_R+1","Strike_R+1","Defend_R+1","Defend_R+1","Defend_R+1","Defend_R+1","Bash","Limit Break+1","Wild Strike","Rage+1","Perfected Strike+1","Inflame+1","Impervious","Clash","Reaper+1","Wild Strike","Evolve","Intimidate+1"],"relics":["Burning Blood"],"potions_floor_usage":[16,18,30],"damage_taken":[{"damage":6,"enemies":"Small Slimes","floor":1,"turns":4},{"damage":0,"enemies":"2 Louse","floor":4,"turns":3},{"damage":1,"enemies":"Cultist","floor":5,"turns":3},{"damage":30,"enemies":"Lagavulin","floor":7,"turns":5},{"damage":5,"enemies":"3 Louse","floor":8,"turns":4},{"damage":13,"enemies":"Exordium Wildlife","floor":11,"turns":4},{"damage":19,"enemies":"The Guardian","floor":16,"turns":9},{"damage":40,"enemies":"2 Thieves","floor":18,"turns":5},{"damage":2,"enemies":"Chosen","floor":22,"turns":5},{"damage":26,"enemies":"Snake Plant","floor":29,"turns":5},{"damage":12,"enemies":"Centurion and Healer","floor":30,"turns":9},{"damage":25,"enemies":"Snecko","floor":31,"turns":7},{"damage":79,"enemies":"Champ","floor":33,"turns":9}],"seed_played":"8960855442659968591","potions_obtained":[{"floor":4,"key":"Poison Potion"},{"floor":7,"key":"Block Potion"},{"floor":11,"key":"Block Potion"},{"floor":29,"key":"Fire Potion"}],"is_trial":false,"path_per_floor":["M","?","?","M","M","R","E","M","T","R","M","R","?","?","R","B",null,"M","?","?","?","M","R","$","?","T","R","?","M","M","M","R","B"],"character_chosen":"IRONCLAD","items_purchased":[],"campfire_rested":2,"item_purchase_floors":[],"current_hp_per_floor":[80,80,72,78,80,80,56,57,57,57,50,50,50,50,50,37,69,43,43,43,43,47,47,47,32,32,57,57,44,49,30,55,0],"gold":478,"neow_bonus":"ONE_RANDOM_RARE_CARD","is_prod":false,"is_daily":false,"chose_seed":false,"campfire_upgraded":5,"win_rate":0,"timestamp":1547278972,"path_taken":["M","?","?","M","M","R","E","M","T","R","?","R","?","?","R","BOSS","M","?","?","?","?","R","$","?","T","R","?","M","M","M","R","BOSS"],"build_version":"2019-01-10","purchased_purges":0,"victory":false,"max_hp_per_floor":[80,80,80,80,80,80,80,80,80,80,80,80,80,80,80,80,80,80,80,80,80,80,80,80,85,85,85,85,85,85,85,85,85],"card_choices":[{"not_picked":["Havoc","Sword Boomerang"],"picked":"Wild Strike","floor":1},{"not_picked":["Armaments","Flex"],"picked":"Rage","floor":4},{"not_picked":["Heavy Blade","Whirlwind"],"picked":"Perfected Strike","floor":5},{"not_picked":["Armaments","Pommel Strike"],"picked":"Inflame","floor":7},{"not_picked":["Sever Soul","True Grit"],"picked":"Impervious","floor":8},{"not_picked":["Infernal Blade","Armaments"],"picked":"Clash","floor":11},{"not_picked":["Double Tap","Bludgeon"],"picked":"Reaper","floor":16},{"not_picked":["Uppercut","Sever Soul"],"picked":"Wild Strike","floor":18},{"not_picked":["Pummel","Body Slam"],"picked":"Evolve","floor":22},{"not_picked":["Infernal Blade","Cleave"],"picked":"Intimidate+1","floor":29},{"not_picked":["Fire Breathing+1","Infernal Blade","Armaments"],"picked":"SKIP","floor":30},{"not_picked":["Anger","Cleave","Blood for Blood"],"picked":"SKIP","floor":31}],"player_experience":217097,"relics_obtained":[],"event_choices":[{"damage_healed":0,"gold_gain":0,"player_choice":"Ignored","damage_taken":0,"max_hp_gain":0,"max_hp_loss":0,"event_name":"Golden Idol","floor":2,"gold_loss":0},{"damage_healed":0,"gold_gain":75,"player_choice":"Touch","damage_taken":8,"max_hp_gain":0,"max_hp_loss":0,"event_name":"FaceTrader","floor":3,"gold_loss":0},{"damage_healed":0,"gold_gain":0,"player_choice":"Ignored","damage_taken":0,"max_hp_gain":0,"max_hp_loss":0,"event_name":"Shining Light","floor":13,"gold_loss":0},{"cards_removed":["Strike_R"],"damage_healed":0,"gold_gain":0,"player_choice":"Card Removal","damage_taken":0,"max_hp_gain":0,"max_hp_loss":0,"event_name":"The Cleric","floor":14,"gold_loss":50},{"damage_healed":0,"gold_gain":0,"player_choice":"Simplicity","damage_taken":0,"max_hp_gain":0,"max_hp_loss":0,"event_name":"Back to Basics","floor":19,"gold_loss":0,"cards_upgraded":["Strike_R","Strike_R","Strike_R","Strike_R","Defend_R","Defend_R","Defend_R","Defend_R"]},{"damage_healed":0,"gold_gain":0,"player_choice":"Ignored","damage_taken":0,"max_hp_gain":0,"max_hp_loss":0,"event_name":"Vampires","floor":20,"gold_loss":0},{"damage_healed":0,"gold_gain":0,"player_choice":"Ignored","damage_taken":0,"max_hp_gain":0,"max_hp_loss":0,"event_name":"The Mausoleum","floor":21,"gold_loss":0},{"damage_healed":0,"gold_gain":0,"player_choice":"Shed Blood","damage_taken":20,"max_hp_gain":5,"max_hp_loss":0,"event_name":"Forgotten Altar","floor":25,"gold_loss":0},{"damage_healed":0,"gold_gain":99,"player_choice":"Stole From Cult","damage_taken":0,"max_hp_gain":0,"max_hp_loss":0,"event_name":"Nest","floor":28,"gold_loss":0}],"is_beta":false,"boss_relics":[{"not_picked":["Empty Cage","Lizard Tail","Runic Pyramid"]}],"items_purged_floors":[],"is_endless":false,"potions_floor_spawned":[4,7,11,29],"killed_by":"Champ","ascension_level":5}