{"gold_per_floor":[117,117,117,117,130,163,163,163,244,244,259,259,259,23,23,117,117,136,136,186,86,99,134,134,178,178,90,131,154,154,173,173,266,266,282,407,426,426,450,450,489,489,489,528,26,26,42,73,73,73,73,73,19,57,57],"floor_reached":56,"playtime":5319,"items_purged":["Strike_G","Calculated Gamble+1"],"score":2277,"play_id":"56bdb255-138e-4bc1-82ef-d0ed9373c426","local_time":"20190221190418","is_ascension_mode":true,"campfire_choices":[{"data":"Neutralize","floor":7.0,"key":"SMITH"},{"data":"Unload","floor":10.0,"key":"SMITH"},{"data":"Survivor","floor":15.0,"key":"SMITH"},{"data":"Die Die Die","floor":24.0,"key":"SMITH"},{"floor":32.0,"key":"REST"},{"floor":40.0,"key":"REST"},{"floor":42.0,"key":"RECALL"},{"data":"1","floor":49,"key":"LIFT"},{"data":"2","floor":52,"key":"LIFT"}],"neow_cost":"NONE","seed_source_timestamp":0,"circlet_count":0,"master_deck":["AscendersBane","Defend_G+1","Defend_G+1","Defend_G+1","Defend_G+1","Survivor+1","Neutralize+1","Outmaneuver+1","Corpse Explosion+1","Flechettes","Unload+1","Backflip","Escape Plan+1","PiercingWail+1","Die Die Die+1","PiercingWail+1","Backflip+1","Escape Plan+1","Dodge and Roll+1","Skewer","Acrobatics+1","Burst+1","Bouncing Flask+1","Well Laid Plans+1","Night Terror+1","PanicButton+1","Blade Dance+1","Good Instincts+1","Thinking Ahead+1","Impatience+1","Parasite","After Image","Doppelganger+1"],"special_seed":0,"relics":["Astrolabe","Vajra","Toxic Egg 2","Dodecahedron","Golden Idol","Kunai","Omamori","Cursed Key","Calipers","Shuriken","Strawberry","Oddly Smooth Stone","Enchiridion","Fusion Hammer","FossilizedHelix","Anchor","Mercury Hourglass","Girya","Nunchaku","Bronze Scales"],"potions_floor_usage":[50,50,55],"damage_taken":[{"damage":3.0,"enemies":"2 Louse","floor":1.0,"turns":3.0},{"damage":0.0,"enemies":"Small Slimes","floor":5.0,"turns":3.0},{"damage":22.0,"enemies":"Lagavulin","floor":6.0,"turns":7.0},{"damage":0.0,"enemies":"Cultist","floor":11.0,"turns":2.0},{"damage":2.0,"enemies":"Hexaghost","floor":16.0,"turns":9.0},{"damage":0.0,"enemies":"2 Thieves","floor":18.0,"turns":2.0},{"damage":0.0,"enemies":"Shell Parasite","floor":22.0,"turns":6.0},{"damage":6.0,"enemies":"Book of Stabbing","floor":23.0,"turns":6.0},{"damage":4.0,"enemies":"Gremlin Leader","floor":25.0,"turns":6.0},{"damage":0.0,"enemies":"Slavers","floor":28.0,"turns":2.0},{"damage":11.0,"enemies":"Cultist and Chosen","floor":29.0,"turns":5.0},{"damage":9.0,"enemies":"Sentry and Sphere","floor":31.0,"turns":4.0},{"damage":9.0,"enemies":"Champ","floor":33.0,"turns":15.0},{"damage":0.0,"enemies":"3 Shapes","floor":35.0,"turns":3.0},{"damage":0.0,"enemies":"Mind Bloom Boss Battle","floor":36.0,"turns":4.0},{"damage":0.0,"enemies":"3 Darklings","floor":37.0,"turns":3.0},{"damage":11.0,"enemies":"Jaw Worm Horde","floor":39.0,"turns":3.0},{"damage":19.0,"enemies":"Reptomancer","floor":41.0,"turns":7.0},{"damage":0.0,"enemies":"Nemesis","floor":44.0,"turns":7.0},{"damage":0,"enemies":"Writhing Mass","floor":47,"turns":5},{"damage":0,"enemies":"Giant Head","floor":48,"turns":7},{"damage":0,"enemies":"Awakened One","floor":50,"turns":10},{"damage":12,"enemies":"Shield and Spear","floor":54,"turns":8},{"damage":25,"enemies":"The Heart","floor":55,"turns":10}],"seed_played":"115994873058587778","potions_obtained":[{"floor":5.0,"key":"PowerPotion"},{"floor":6.0,"key":"Dexterity Potion"},{"floor":16.0,"key":"Fire Potion"},{"floor":25.0,"key":"SteroidPotion"},{"floor":29.0,"key":"SpeedPotion"},{"floor":33.0,"key":"Dexterity Potion"},{"floor":41.0,"key":"Strength Potion"}],"is_trial":false,"path_per_floor":["M","?","?","?","M","E","R","?","T","R","M","?","T","$","R","B",null,"M","?","?","$","M","E","R","E","T","$","E","M","?","M","R","B",null,"M","?","M","?","M","R","E","R","T","E","$","?","M","E","R","B",null,"R","$","E","B",null],"character_chosen":"THE_SILENT","items_purchased":["Omamori","Skewer","Girya","PanicButton+1","Blade Dance+1","Energy Potion"],"campfire_rested":2,"item_purchase_floors":[14,27,45,45,45,53],"current_hp_per_floor":[56,45,45,45,45,23,23,45,45,45,45,45,45,45,45,43,56,56,56,56,56,56,50,50,46,53,53,53,42,21,12,32,23,56,56,56,56,56,45,65,46,46,46,46,46,36,36,36,36,36,59,59,59,47,22],"gold":57,"neow_bonus":"BOSS_RELIC","is_prod":false,"is_daily":false,"chose_seed":false,"campfire_upgraded":4,"win_rate":0,"timestamp":1550793858,"path_taken":["M","?","?","?","?","E","R","?","T","R","M","?","?","$","R","BOSS","M","?","?","$","M","E","R","E","T","$","E","M","?","?","R","BOSS","M","?","M","?","M","R","E","R","T","E","?","?","M","E","R","BOSS","R","$","E","BOSS"],"build_version":"2019-01-23","purchased_purges":2,"victory":true,"max_hp_per_floor":[66,66,66,66,66,66,66,66,66,66,66,60,60,60,60,60,60,60,60,60,60,60,60,60,60,67,67,67,67,67,67,67,67,67,67,67,67,67,67,67,67,67,67,67,67,67,67,67,67,67,67,67,67,67,67],"card_choices":[{"not_picked":["Bane","Riddle With Holes"],"picked":"Flechettes","floor":1.0},{"not_picked":["Underhanded Strike","Expertise"],"picked":"Backflip","floor":5.0},{"not_picked":["Blade Dance","Slice"],"picked":"Escape Plan","floor":6.0},{"not_picked":["Infinite Blades","Outmaneuver+1"],"picked":"PiercingWail+1","floor":11.0},{"not_picked":["Corpse Explosion+1","Grand Finale"],"picked":"Die Die Die","floor":16.0},{"not_picked":["Bane","Flying Knee"],"picked":"PiercingWail+1","floor":18.0},{"not_picked":["Outmaneuver+1","Dagger Spray"],"picked":"Backflip+1","floor":22.0},{"not_picked":["Backflip+1","Finisher"],"picked":"Escape Plan+1","floor":23.0},{"not_picked":["Unload","Bane+1"],"picked":"Dodge and Roll+1","floor":25.0},{"not_picked":["Poisoned Stab","Bullet Time+1"],"picked":"Acrobatics+1","floor":28.0},{"not_picked":["Calculated Gamble+1","Concentrate+1","Predator"],"picked":"SKIP","floor":29.0},{"not_picked":["Dash","Underhanded Strike","Dodge and Roll+1"],"picked":"SKIP","floor":31.0},{"not_picked":["Die Die Die","Unload"],"picked":"Burst+1","floor":33.0},{"not_picked":["Tactician+1","Dash","Dodge and Roll+1"],"picked":"SKIP","floor":35.0},{"not_picked":["Quick Slash","Dagger Spray"],"picked":"Bouncing Flask+1","floor":36.0},{"not_picked":["Heel Hook+1","Sucker Punch","Cloak And Dagger+1"],"picked":"SKIP","floor":37.0},{"not_picked":["Corpse Explosion+1","Slice"],"picked":"Well Laid Plans+1","floor":39.0},{"not_picked":["Underhanded Strike","Tactician+1","Noxious Fumes+1"],"picked":"SKIP","floor":41.0},{"not_picked":["Finisher","Bane+1"],"picked":"Night Terror+1","floor":44.0},{"not_picked":["Blind+1","Mayhem"],"picked":"Good Instincts+1","floor":46.0},{"not_picked":["Discovery+1","Dark Shackles+1"],"picked":"Thinking Ahead+1","floor":46.0},{"not_picked":["Purity+1","Enlightenment+1"],"picked":"Impatience+1","floor":46.0},{"not_picked":["Accuracy","Caltrops","Setup+1"],"picked":"SKIP","floor":47},{"not_picked":["Deadly Poison+1","Deflect+1"],"picked":"After Image","floor":48},{"not_picked":["PiercingWail+1","Slice"],"picked":"Doppelganger+1","floor":54}],"player_experience":813558,"relics_obtained":[{"floor":6.0,"key":"Toxic Egg 2"},{"floor":9.0,"key":"Dodecahedron"},{"floor":13.0,"key":"Kunai"},{"floor":23.0,"key":"Calipers"},{"floor":25.0,"key":"Shuriken"},{"floor":26.0,"key":"Strawberry"},{"floor":28.0,"key":"Oddly Smooth Stone"},{"floor":30.0,"key":"Enchiridion"},{"floor":36.0,"key":"FossilizedHelix"},{"floor":41.0,"key":"Anchor"},{"floor":44.0,"key":"Mercury Hourglass"},{"floor":48,"key":"Nunchaku"},{"floor":54,"key":"Bronze Scales"}],"event_choices":[{"damage_healed":0.0,"max_hp_gain":0.0,"max_hp_loss":0.0,"gold_gain":0.0,"event_name":"Scrap Ooze","player_choice":"Success","floor":2.0,"gold_loss":0.0,"damage_taken":11.0,"relics_obtained":["Vajra"]},{"damage_healed":0.0,"max_hp_gain":0.0,"max_hp_loss":0.0,"gold_gain":0.0,"cards_transformed":["Defend_G"],"event_name":"Living Wall","player_choice":"Change","floor":3.0,"gold_loss":0.0,"damage_taken":0.0,"cards_obtained":["Unload"]},{"cards_removed":["Strike_G"],"damage_healed":0.0,"max_hp_gain":0.0,"max_hp_loss":0.0,"gold_gain":0.0,"event_name":"Purifier","player_choice":"Purged","floor":4.0,"gold_loss":0.0,"damage_taken":0.0},{"damage_healed":22.0,"max_hp_gain":0.0,"max_hp_loss":0.0,"gold_gain":0.0,"event_name":"Big Fish","player_choice":"Banana","floor":8.0,"gold_loss":0.0,"damage_taken":0.0},{"damage_healed":0.0,"max_hp_gain":0.0,"max_hp_loss":6.0,"gold_gain":0.0,"event_name":"Golden Idol","player_choice":"Lose Max HP","floor":12.0,"gold_loss":0.0,"damage_taken":0.0,"relics_obtained":["Golden Idol"]},{"damage_healed":0.0,"max_hp_gain":0.0,"max_hp_loss":0.0,"gold_gain":0.0,"event_name":"Back to Basics","player_choice":"Simplicity","floor":19.0,"gold_loss":0.0,"damage_taken":0.0,"cards_upgraded":["Defend_G","Defend_G","Defend_G","Defend_G"]},{"damage_healed":0.0,"max_hp_gain":0.0,"max_hp_loss":0.0,"gold_gain":50.0,"event_name":"Nest","player_choice":"Stole From Cult","floor":20.0,"gold_loss":0.0,"damage_taken":0.0},{"damage_healed":0.0,"max_hp_gain":0.0,"max_hp_loss":0.0,"gold_gain":0.0,"event_name":"Cursed Tome","player_choice":"Obtained Book","floor":30.0,"gold_loss":0.0,"damage_taken":21.0},{"damage_healed":0.0,"max_hp_gain":0.0,"max_hp_loss":0.0,"gold_gain":0.0,"event_name":"MindBloom","player_choice":"Fight","floor":36.0,"gold_loss":0.0,"damage_taken":0.0},{"damage_healed":0.0,"max_hp_gain":0.0,"max_hp_loss":0.0,"gold_gain":0.0,"event_name":"Tomb of Lord Red Mask","player_choice":"Ignored","floor":38.0,"gold_loss":0.0,"damage_taken":0.0},{"damage_healed":0.0,"max_hp_gain":0.0,"max_hp_loss":0.0,"gold_gain":0.0,"event_name":"SensoryStone","player_choice":"Memory 3","floor":46.0,"gold_loss":0.0,"damage_taken":10.0}],"is_beta":false,"boss_relics":[{"not_picked":["Velvet Choker","White Beast Statue"],"picked":"Cursed Key"},{"not_picked":["Calling Bell","Orrery"],"picked":"Fusion Hammer"}],"items_purged_floors":[14,21],"is_endless":false,"potions_floor_spawned":[5,6,16,25,29,33,36,41,47,48],"ascension_level":16}