{"gold_per_floor":[115,129,144,156,9,9,26,60,60,75,75,133,133,163,163,163],"floor_reached":16,"playtime":653,"items_purged":[],"score":240,"play_id":"a0c4fb04-fe64-4f7d-b4c2-e8441ff16032","local_time":"20190125174821","is_ascension_mode":true,"campfire_choices":[{"data":"Intimidate","floor":6,"key":"SMITH"},{"data":"Clothesline","floor":11,"key":"SMITH"},{"floor":13,"key":"REST"},{"data":"Flex","floor":15,"key":"SMITH"}],"neow_cost":"NONE","seed_source_timestamp":667310332524302,"circlet_count":0,"master_deck":["AscendersBane","Strike_R","Strike_R","Strike_R","Strike_R","Strike_R","Defend_R","Defend_R","Defend_R","Defend_R","Bash","Intimidate+1","Battle Trance","Clothesline+1","Pummel","Flex+1","Reaper","Shrug It Off","Corruption"],"relics":["Burning Blood","NeowsBlessing","Vajra","Ancient Tea Set","Anchor","PreservedInsect","Singing Bowl"],"potions_floor_usage":[8,12,12,14],"damage_taken":[{"damage":0,"enemies":"Cultist","floor":1,"turns":1},{"damage":0,"enemies":"Small Slimes","floor":2,"turns":2},{"damage":0,"enemies":"Jaw Worm","floor":3,"turns":1},{"damage":38,"enemies":"Gremlin Gang","floor":4,"turns":7},{"damage":11,"enemies":"Lots of Slimes","floor":7,"turns":7},{"damage":27,"enemies":"3 Sentries","floor":8,"turns":10},{"damage":4,"enemies":"Large Slime","floor":10,"turns":5},{"damage":14,"enemies":"Gremlin Nob","floor":12,"turns":5},{"damage":0,"enemies":"Gremlin Nob","floor":14,"turns":2},{"damage":57,"enemies":"Hexaghost","floor":16,"turns":10}],"seed_played":"4222861133167693070","potions_obtained":[{"floor":2,"key":"GamblersBrew"},{"floor":3,"key":"Block Potion"},{"floor":4,"key":"SkillPotion"},{"floor":10,"key":"GamblersBrew"},{"floor":12,"key":"AttackPotion"}],"is_trial":false,"path_per_floor":["M","M","M","M","$","R","M","E","T","M","R","?","R","E","R","B"],"character_chosen":"IRONCLAD","items_purchased":["Vajra"],"campfire_rested":1,"item_purchase_floors":[5],"current_hp_per_floor":[74,75,75,43,43,43,38,17,17,22,22,19,41,49,49,0],"gold":163,"neow_bonus":"THREE_ENEMY_KILL","is_prod":false,"is_daily":false,"chose_seed":false,"campfire_upgraded":3,"win_rate":0,"timestamp":1548456501,"path_taken":["M","M","M","?","$","R","M","E","T","M","R","?","R","E","R","BOSS"],"build_version":"2019-01-23","purchased_purges":0,"victory":false,"max_hp_per_floor":[75,75,75,75,75,75,75,75,75,75,75,75,75,77,77,77],"card_choices":[{"not_picked":["True Grit","Armaments"],"picked":"Intimidate","floor":1},{"not_picked":["Intimidate","Heavy Blade"],"picked":"Battle Trance","floor":2},{"not_picked":["Clash","Evolve"],"picked":"Clothesline","floor":3},{"not_picked":["True Grit","Havoc"],"picked":"Pummel","floor":4},{"not_picked":["Pommel Strike","Burning Pact"],"picked":"Flex","floor":7},{"not_picked":["Rupture","Fire Breathing"],"picked":"Reaper","floor":8},{"not_picked":["Armaments","Headbutt"],"picked":"Shrug It Off","floor":10},{"not_picked":["Rage","Rampage"],"picked":"Corruption","floor":12},{"not_picked":["Cleave","Headbutt","Clothesline"],"picked":"Singing Bowl","floor":14}],"player_experience":449918,"relics_obtained":[{"floor":8,"key":"Ancient Tea Set"},{"floor":9,"key":"Anchor"},{"floor":12,"key":"PreservedInsect"},{"floor":14,"key":"Singing Bowl"}],"event_choices":[{"damage_healed":0,"gold_gain":0,"player_choice":"Searched \u00271\u0027 times","damage_taken":0,"max_hp_gain":0,"max_hp_loss":0,"event_name":"Dead Adventurer","floor":12,"gold_loss":0}],"is_beta":false,"boss_relics":[],"items_purged_floors":[],"is_endless":false,"potions_floor_spawned":[2,3,4,10,12],"killed_by":"Hexaghost","ascension_level":15}