{"gold_per_floor":[112,112,37,49,66,97,97,109,109,139,139,139,168,186,186,289,289,300,315,215,215,215,215,232,232,311,345,345,364,364,377,377,482,482,497,544,328,328,26,26,45,45,45,58,58,58,68,84,84,84],"floor_reached":51,"playtime":2499,"items_purged":["Strike_R","Strike_R","Clumsy"],"score":892,"play_id":"2af707bf-7aaa-4cdc-bba5-5f86dee84664","local_time":"20181120201126","is_ascension_mode":true,"campfire_choices":[{"data":"Body Slam","floor":7,"key":"SMITH"},{"floor":11,"key":"REST"},{"data":"Shockwave","floor":15,"key":"SMITH"},{"data":"Flame Barrier","floor":23,"key":"SMITH"},{"data":"Demon Form","floor":28,"key":"SMITH"},{"data":"Inflame","floor":30,"key":"SMITH"},{"data":"Feed","floor":32,"key":"SMITH"},{"data":"Mayhem","floor":40,"key":"SMITH"},{"data":"Body Slam","floor":42,"key":"SMITH"},{"data":"Entrench","floor":46,"key":"SMITH"},{"data":"Flame Barrier","floor":49,"key":"SMITH"}],"neow_cost":"NONE","seed_source_timestamp":501217627279126,"circlet_count":0,"master_deck":["Defend_R+1","Defend_R+1","Defend_R+1","Defend_R+1","Bash+1","Iron Wave","Body Slam+1","Iron Wave","Feed+1","Shockwave+1","Iron Wave","Iron Wave","Demon Form+1","Inflame+1","Flame Barrier+1","Bite","Bite","Bite","Bite","Bite","Shrug It Off+1","Impervious","Clothesline+1","Entrench+1","Purity","Mayhem+1","Body Slam+1","Flame Barrier","Flame Barrier+1","Doubt","Carnage+1","Reaper","Bash"],"relics":["Burning Blood","NeowsBlessing","Pear","Mummified Hand","Mercury Hourglass","Bottled Lightning","Cursed Key","Bottled Flame","Kunai","Sozu","FossilizedHelix","Incense Burner"],"potions_floor_usage":[13,16,18],"damage_taken":[{"damage":0,"enemies":"Cultist","floor":1,"turns":1},{"damage":0,"enemies":"Jaw Worm","floor":4,"turns":1},{"damage":0,"enemies":"2 Louse","floor":5,"turns":1},{"damage":47,"enemies":"Lagavulin","floor":6,"turns":6},{"damage":10,"enemies":"Exordium Wildlife","floor":8,"turns":4},{"damage":40,"enemies":"3 Sentries","floor":10,"turns":11},{"damage":0,"enemies":"Lagavulin","floor":13,"turns":5},{"damage":0,"enemies":"Large Slime","floor":14,"turns":5},{"damage":29,"enemies":"Slime Boss","floor":16,"turns":11},{"damage":34,"enemies":"Spheric Guardian","floor":18,"turns":6},{"damage":5,"enemies":"3 Byrds","floor":19,"turns":4},{"damage":18,"enemies":"Snake Plant","floor":24,"turns":3},{"damage":18,"enemies":"Slavers","floor":27,"turns":5},{"damage":20,"enemies":"Shelled Parasite and Fungi","floor":29,"turns":6},{"damage":3,"enemies":"Snecko","floor":31,"turns":4},{"damage":72,"enemies":"Collector","floor":33,"turns":9},{"damage":0,"enemies":"Orb Walker","floor":35,"turns":3},{"damage":52,"enemies":"2 Orb Walkers","floor":36,"turns":7},{"damage":11,"enemies":"3 Darklings","floor":41,"turns":4},{"damage":2,"enemies":"Transient","floor":44,"turns":5},{"damage":9,"enemies":"Jaw Worm Horde","floor":47,"turns":5},{"damage":0,"enemies":"Writhing Mass","floor":48,"turns":4},{"damage":9,"enemies":"Awakened One","floor":50,"turns":11}],"seed_played":"-6156873516715219443","potions_obtained":[{"floor":5,"key":"SneckoOil"},{"floor":10,"key":"PowerPotion"},{"floor":14,"key":"Dexterity Potion"},{"floor":19,"key":"Energy Potion"},{"floor":27,"key":"SteroidPotion"},{"floor":31,"key":"Fire Potion"}],"is_trial":false,"path_per_floor":["M","?","$","M","M","E","R","M","T","E","R","?","E","M","R","B",null,"M","M","$","?","?","R","M","?","T","E","R","M","R","M","R","B",null,"M","?","$","?","$","R","M","R","T","M","?","R","M","M","R","B",null],"character_chosen":"IRONCLAD","items_purchased":["Purity","Mayhem","Body Slam","Flame Barrier"],"campfire_rested":1,"item_purchase_floors":[37,39,39,39],"current_hp_per_floor":[80,80,80,80,80,49,49,45,45,14,41,41,50,59,59,39,102,74,75,75,71,58,58,56,56,56,56,56,61,61,70,70,20,83,87,46,46,46,46,46,47,47,47,59,59,59,62,74,74,91],"gold":84,"neow_bonus":"THREE_ENEMY_KILL","is_prod":false,"is_daily":false,"chose_seed":false,"campfire_upgraded":10,"win_rate":0,"timestamp":1542762686,"path_taken":["M","?","$","M","M","E","R","?","T","E","R","?","E","?","R","BOSS","M","?","?","?","?","R","M","?","T","E","R","M","R","M","R","BOSS","M","?","$","?","$","R","M","R","T","?","?","R","M","M","R","BOSS"],"build_version":"2018-11-15","purchased_purges":3,"victory":true,"max_hp_per_floor":[80,80,80,80,80,90,90,90,90,93,93,93,96,99,99,102,102,102,102,102,71,76,76,76,76,76,76,76,79,79,79,79,83,83,87,87,87,87,87,87,87,87,87,87,87,87,87,87,87,91],"card_choices":[{"not_picked":["Pummel","Perfected Strike"],"picked":"Iron Wave","floor":1},{"not_picked":["Havoc","Second Wind"],"picked":"Body Slam","floor":4},{"not_picked":["Wild Strike","Twin Strike"],"picked":"Iron Wave","floor":5},{"not_picked":["Twin Strike","Feel No Pain","Combust"],"picked":"SKIP","floor":6},{"not_picked":["Anger","Sword Boomerang"],"picked":"Feed","floor":8},{"not_picked":["Uppercut","Clothesline","Intimidate"],"picked":"SKIP","floor":10},{"not_picked":["Flex","Evolve"],"picked":"Iron Wave","floor":13},{"not_picked":["Seeing Red","Armaments"],"picked":"Iron Wave","floor":14},{"not_picked":["Reaper","Double Tap"],"picked":"Demon Form","floor":16},{"not_picked":["Clash","Thunderclap"],"picked":"Inflame","floor":18},{"not_picked":["Fire Breathing+1","Infernal Blade+1"],"picked":"Flame Barrier","floor":19},{"not_picked":["Whirlwind","Dropkick","Blood for Blood"],"picked":"SKIP","floor":24},{"not_picked":["Shockwave","True Grit"],"picked":"Shrug It Off+1","floor":27},{"not_picked":["Rupture+1","Evolve","Heavy Blade"],"picked":"SKIP","floor":29},{"not_picked":["Second Wind","Whirlwind","True Grit+1"],"picked":"SKIP","floor":31},{"not_picked":["Limit Break","Demon Form"],"picked":"Impervious","floor":33},{"not_picked":["Sword Boomerang+1","Second Wind"],"picked":"Clothesline+1","floor":35},{"not_picked":["Reckless Charge","Flex+1"],"picked":"Entrench","floor":36},{"not_picked":["Thunderclap+1","Sword Boomerang"],"picked":"Flame Barrier","floor":41},{"not_picked":["Pommel Strike+1","Flex+1"],"picked":"Carnage+1","floor":44},{"not_picked":["Clash+1","Reaper","True Grit"],"picked":"SKIP","floor":47},{"not_picked":["Clothesline","Headbutt","Burning Pact"],"picked":"SKIP","floor":48}],"player_experience":263475,"relics_obtained":[{"floor":6,"key":"Pear"},{"floor":9,"key":"Mummified Hand"},{"floor":10,"key":"Mercury Hourglass"},{"floor":13,"key":"Bottled Lightning"},{"floor":26,"key":"Bottled Flame"},{"floor":27,"key":"Kunai"},{"floor":36,"key":"FossilizedHelix"},{"floor":43,"key":"Incense Burner"}],"event_choices":[{"damage_healed":0,"gold_gain":0,"player_choice":"Upgraded","damage_taken":0,"max_hp_gain":0,"max_hp_loss":0,"event_name":"Upgrade Shrine","floor":2,"gold_loss":0,"cards_upgraded":["Bash"]},{"damage_healed":0,"gold_gain":0,"cards_transformed":["Strike_R"],"player_choice":"Transformed","damage_taken":0,"max_hp_gain":0,"max_hp_loss":0,"event_name":"Transmorgrifier","floor":12,"gold_loss":0,"cards_obtained":["Shockwave"]},{"damage_healed":0,"gold_gain":0,"player_choice":"Became a vampire","damage_taken":0,"max_hp_gain":0,"max_hp_loss":31,"event_name":"Vampires","floor":21,"gold_loss":0,"cards_obtained":["Bite","Bite","Bite","Bite","Bite"]},{"damage_healed":0,"gold_gain":0,"player_choice":"Shed Blood","damage_taken":18,"max_hp_gain":5,"max_hp_loss":0,"event_name":"Forgotten Altar","floor":22,"gold_loss":0},{"damage_healed":0,"gold_gain":0,"player_choice":"Simplicity","damage_taken":0,"max_hp_gain":0,"max_hp_loss":0,"event_name":"Back to Basics","floor":25,"gold_loss":0,"cards_upgraded":["Defend_R","Defend_R","Defend_R","Defend_R"]},{"damage_healed":0,"gold_gain":0,"player_choice":"Fight","damage_taken":0,"max_hp_gain":0,"max_hp_loss":0,"event_name":"Mysterious Sphere","floor":36,"gold_loss":0},{"damage_healed":0,"gold_gain":0,"player_choice":"Bought 0 Potions","damage_taken":0,"max_hp_gain":0,"max_hp_loss":0,"event_name":"The Woman in Blue","floor":38,"gold_loss":0},{"damage_healed":0,"gold_gain":0,"player_choice":"2 cards matched","damage_taken":0,"max_hp_gain":0,"max_hp_loss":0,"event_name":"Match and Keep!","floor":45,"gold_loss":0,"cards_obtained":["Reaper","Bash"]}],"is_beta":false,"boss_relics":[{"not_picked":["Black Star","Black Blood"],"picked":"Cursed Key"},{"not_picked":["Tiny House","Runic Pyramid"],"picked":"Sozu"}],"items_purged_floors":[3,20,37],"is_endless":false,"potions_floor_spawned":[5,10,14,19,27,31,36,48],"ascension_level":4}