{"gold_per_floor":[15,15,29,45,61,93,93,93,93,125,125,138,65,85,85,180,180,197,197,208,219,233,264,264,284,284,300,315,315,327,327,327,428,428,442,27,46,0,0,0],"floor_reached":41,"playtime":3533,"items_purged":[],"score":631,"play_id":"095ac6db-8ed5-4c7d-963f-5557973cb9dd","local_time":"20181013161445","is_ascension_mode":true,"campfire_choices":[{"data":"Reaper","floor":7,"key":"SMITH"},{"data":"Hemokinesis","floor":11,"key":"SMITH"},{"data":"Blood for Blood","floor":15,"key":"SMITH"},{"data":"Dark Embrace","floor":24,"key":"SMITH"},{"data":"Demon Form","floor":29,"key":"SMITH"},{"data":"True Grit","floor":32,"key":"SMITH"}],"neow_cost":"NO_GOLD","seed_source_timestamp":343146992599943,"circlet_count":0,"master_deck":["Strike_R","Strike_R","Strike_R","Defend_R","Defend_R","Defend_R","Defend_R+1","Blood for Blood+1","Hemokinesis+1","Burning Pact","Reaper+1","Seeing Red","Blood for Blood+1","Iron Wave","Dark Embrace+1","Warcry","True Grit+1","True Grit+1","Reckless Charge+1","Second Wind","Disarm","Shame","Fire Breathing","Demon Form+1","Iron Wave+1","Impervious","Master of Strategy","Infernal Blade"],"relics":["Burning Blood","Thread and Needle","GremlinMask","Du-Vu Doll","Mummified Hand","Cursed Key","Bottled Lightning","Letter Opener","Meat on the Bone","Busted Crown","ClockworkSouvenir","Red Mask"],"potions_floor_usage":[16,18,20,23,23,27,37],"damage_taken":[{"damage":17,"enemies":"Jaw Worm","floor":1,"turns":4},{"damage":6,"enemies":"2 Louse","floor":3,"turns":2},{"damage":9,"enemies":"Cultist","floor":4,"turns":3},{"damage":15,"enemies":"2 Fungi Beasts","floor":5,"turns":3},{"damage":12,"enemies":"Gremlin Nob","floor":6,"turns":3},{"damage":17,"enemies":"3 Sentries","floor":10,"turns":8},{"damage":4,"enemies":"Exordium Wildlife","floor":12,"turns":4},{"damage":5,"enemies":"Blue Slaver","floor":14,"turns":3},{"damage":35,"enemies":"Slime Boss","floor":16,"turns":5},{"damage":10,"enemies":"Shell Parasite","floor":18,"turns":3},{"damage":2,"enemies":"Chosen","floor":20,"turns":4},{"damage":9,"enemies":"Centurion and Healer","floor":21,"turns":5},{"damage":23,"enemies":"Sentry and Sphere","floor":22,"turns":5},{"damage":42,"enemies":"Slavers","floor":23,"turns":8},{"damage":22,"enemies":"Cultist and Chosen","floor":25,"turns":7},{"damage":12,"enemies":"Centurion and Healer","floor":27,"turns":5},{"damage":9,"enemies":"Shelled Parasite and Fungi","floor":28,"turns":3},{"damage":17,"enemies":"3 Cultists","floor":30,"turns":5},{"damage":53,"enemies":"Automaton","floor":33,"turns":10},{"damage":24,"enemies":"3 Darklings","floor":35,"turns":6},{"damage":5,"enemies":"3 Shapes","floor":37,"turns":3},{"damage":95,"enemies":"Donu and Deca","floor":40,"turns":9}],"seed_played":"-4377961437886606806","potions_obtained":[{"floor":3,"key":"Dexterity Potion"},{"floor":10,"key":"Swift Potion"},{"floor":12,"key":"AttackPotion"},{"floor":16,"key":"BloodPotion"},{"floor":18,"key":"Poison Potion"},{"floor":22,"key":"Block Potion"},{"floor":30,"key":"Energy Potion"},{"floor":33,"key":"Energy Potion"},{"floor":35,"key":"Poison Potion"}],"is_trial":false,"path_per_floor":["M","?","M","M","M","E","R","?","T","E","R","M","$","M","R","B",null,"M","?","M","M","M","E","R","M","T","M","M","R","M","?","R","B",null,"M","$","M","?","?","B"],"character_chosen":"IRONCLAD","items_purchased":["Blood for Blood","ClockworkSouvenir","Master of Strategy"],"campfire_rested":0,"item_purchase_floors":[13,36,36],"current_hp_per_floor":[69,53,53,50,41,35,35,35,35,34,34,42,42,43,43,20,80,76,76,80,79,67,49,49,39,39,39,46,46,53,53,53,36,80,62,62,76,76,76,23],"gold":0,"neow_bonus":"REMOVE_TWO","is_prod":false,"is_daily":false,"chose_seed":false,"campfire_upgraded":6,"win_rate":0,"timestamp":1539461685,"path_taken":["M","?","M","M","M","E","R","?","T","E","R","M","?","M","R","BOSS","M","?","M","M","?","E","R","M","T","M","M","R","M","?","R","BOSS","M","$","M","?","?","BOSS"],"build_version":"2018-10-11","purchased_purges":0,"victory":true,"max_hp_per_floor":[80,80,80,80,80,80,80,80,80,80,80,80,80,80,80,80,80,80,80,80,80,80,80,80,80,80,80,80,80,80,80,80,80,80,80,80,80,80,80,80],"card_choices":[{"not_picked":["Thunderclap","Clothesline"],"picked":"Blood for Blood","floor":1},{"not_picked":["Twin Strike","Body Slam"],"picked":"Hemokinesis","floor":3},{"not_picked":["Armaments","Havoc"],"picked":"Burning Pact","floor":4},{"not_picked":["Perfected Strike","Twin Strike"],"picked":"Reaper","floor":5},{"not_picked":["Pommel Strike","Clash","Sever Soul"],"picked":"SKIP","floor":6},{"not_picked":["Twin Strike","Warcry","Armaments"],"picked":"SKIP","floor":10},{"not_picked":["Reckless Charge","True Grit"],"picked":"Seeing Red","floor":12},{"not_picked":["Wild Strike","Sword Boomerang"],"picked":"Iron Wave","floor":14},{"not_picked":["Barricade","Bludgeon"],"picked":"Dark Embrace","floor":16},{"not_picked":["Perfected Strike+1","Anger+1"],"picked":"Warcry","floor":18},{"not_picked":["Impervious","Armaments"],"picked":"True Grit+1","floor":20},{"not_picked":["Rampage","Perfected Strike"],"picked":"True Grit","floor":21},{"not_picked":["Headbutt","Twin Strike"],"picked":"Reckless Charge+1","floor":22},{"not_picked":["Thunderclap+1","Iron Wave"],"picked":"Second Wind","floor":23},{"not_picked":["Sword Boomerang","Clothesline+1"],"picked":"Disarm","floor":25},{"not_picked":["Armaments","Rampage+1"],"picked":"Fire Breathing","floor":27},{"not_picked":["Cleave","Sword Boomerang"],"picked":"Demon Form","floor":28},{"not_picked":["Ghostly Armor","Havoc"],"picked":"Iron Wave+1","floor":30},{"not_picked":["Bludgeon","Double Tap"],"picked":"Impervious","floor":33},{"not_picked":["Dropkick"],"picked":"SKIP","floor":35},{"not_picked":[],"picked":"Infernal Blade","floor":37}],"player_experience":127289,"relics_obtained":[{"floor":6,"key":"Thread and Needle"},{"floor":9,"key":"Du-Vu Doll"},{"floor":10,"key":"Mummified Hand"},{"floor":23,"key":"Bottled Lightning"},{"floor":26,"key":"Letter Opener"}],"event_choices":[{"event_name":"Shining Light","player_choice":"Entered Light","floor":2,"damage_taken":0},{"event_name":"FaceTrader","player_choice":"Trade","floor":8,"damage_taken":0},{"event_name":"Bonfire Elementals","player_choice":"BASIC","floor":19,"damage_taken":0},{"event_name":"The Mausoleum","player_choice":"Yes","floor":31,"damage_taken":0},{"event_name":"Tomb of Lord Red Mask","player_choice":"Paid","floor":38,"damage_taken":0},{"event_name":"SecretPortal","player_choice":"Took Portal.","floor":39,"damage_taken":0}],"is_beta":false,"boss_relics":[{"not_picked":["Black Blood","Pandora\u0027s Box"],"picked":"Cursed Key"},{"not_picked":["Tiny House","Black Star"],"picked":"Busted Crown"}],"items_purged_floors":[],"is_endless":false,"potions_floor_spawned":[3,10,12,16,18,22,30,33,35],"ascension_level":1}