{"gold_per_floor":[110,129,142,161,180,240,240,267,294,294,322,334,360,372,384,499,511,537,276,287,302,317,333,348,365,365,365,365,365,15,29,29,29],"floor_reached":33,"playtime":1659,"items_purged":["Strike_B","Strike_B"],"score":382,"play_id":"e08bda14-4425-4aaa-bd9f-c584acac53e1","local_time":"20190206002131","is_ascension_mode":true,"campfire_choices":[{"floor":7,"key":"REST"},{"floor":10,"key":"REST"},{"floor":15,"key":"REST"},{"floor":28,"key":"REST"},{"floor":32,"key":"REST"}],"neow_cost":"NONE","seed_source_timestamp":35098882248606,"circlet_count":0,"master_deck":["Strike_B","Strike_B","Defend_B","Defend_B","Defend_B","Defend_B","Zap","Dualcast","Gash","Coolheaded","Conserve Battery","Streamline","Leap","Hologram","Gash","Leap","Core Surge","Defragment+1","Gash","Cold Snap","Rebound","J.A.X.","Steam"],"relics":["Cracked Core","Bag of Marbles","Tiny Chest","Blood Vial","Bronze Scales","MawBank","Lizard Tail","DollysMirror","Mercury Hourglass","Darkstone Periapt","Shuriken"],"potions_floor_usage":[6,13,13,16,23,23,24,25],"damage_taken":[{"damage":6,"enemies":"2 Louse","floor":1,"turns":3},{"damage":1,"enemies":"Cultist","floor":2,"turns":3},{"damage":0,"enemies":"Jaw Worm","floor":3,"turns":3},{"damage":9,"enemies":"Blue Slaver","floor":4,"turns":4},{"damage":0,"enemies":"Exordium Thugs","floor":5,"turns":5},{"damage":12,"enemies":"3 Sentries","floor":6,"turns":9},{"damage":38,"enemies":"Lagavulin","floor":8,"turns":6},{"damage":34,"enemies":"Gremlin Nob","floor":11,"turns":5},{"damage":0,"enemies":"Gremlin Gang","floor":13,"turns":3},{"damage":16,"enemies":"Hexaghost","floor":16,"turns":11},{"damage":1,"enemies":"Shell Parasite","floor":18,"turns":7},{"damage":1,"enemies":"Chosen","floor":20,"turns":4},{"damage":10,"enemies":"Centurion and Healer","floor":21,"turns":10},{"damage":23,"enemies":"Snake Plant","floor":22,"turns":3},{"damage":7,"enemies":"Shelled Parasite and Fungi","floor":23,"turns":7},{"damage":21,"enemies":"Snecko","floor":24,"turns":6},{"damage":24,"enemies":"Centurion and Healer","floor":25,"turns":6},{"damage":18,"enemies":"Shelled Parasite and Fungi","floor":31,"turns":6},{"damage":71,"enemies":"Champ","floor":33,"turns":10}],"seed_played":"7072326255183208488","potions_obtained":[{"floor":5,"key":"SkillPotion"},{"floor":6,"key":"LiquidBronze"},{"floor":11,"key":"Explosive Potion"},{"floor":12,"key":"SkillPotion"},{"floor":12,"key":"Ancient Potion"},{"floor":13,"key":"EssenceOfSteel"},{"floor":21,"key":"Swift Potion"},{"floor":22,"key":"Weak Potion"},{"floor":24,"key":"AttackPotion"},{"floor":25,"key":"Energy Potion"}],"is_trial":false,"path_per_floor":["M","M","M","M","M","E","R","E","T","R","E","?","M","$","R","B",null,"M","$","M","M","M","M","M","M","T","?","R","T","$","M","R","B"],"character_chosen":"DEFECT","items_purchased":["DollysMirror","Shuriken"],"campfire_rested":5,"item_purchase_floors":[19,30],"current_hp_per_floor":[62,61,61,52,52,40,62,24,24,46,14,14,16,16,38,24,62,63,63,64,56,35,30,11,29,29,29,51,51,51,35,57,0],"gold":29,"neow_bonus":"RANDOM_COMMON_RELIC","is_prod":false,"is_daily":false,"chose_seed":false,"campfire_upgraded":0,"win_rate":0,"timestamp":1549380091,"path_taken":["M","M","M","M","M","E","R","E","T","R","E","?","M","$","R","BOSS","M","$","?","M","M","M","M","M","T","?","R","?","$","M","R","BOSS"],"build_version":"2019-01-23","purchased_purges":2,"victory":false,"max_hp_per_floor":[75,75,75,75,75,75,75,75,75,75,75,75,75,75,75,75,75,75,75,75,75,75,75,75,75,75,75,75,75,75,75,75,75],"card_choices":[{"not_picked":["Leap","Ball Lightning"],"picked":"Gash","floor":1},{"not_picked":["Lockon","Ball Lightning"],"picked":"Coolheaded","floor":2},{"not_picked":["Aggregate","Barrage","Stack"],"picked":"SKIP","floor":3},{"not_picked":["Sweeping Beam","Undo"],"picked":"Conserve Battery","floor":4},{"not_picked":["Stack","Sweeping Beam"],"picked":"Streamline","floor":5},{"not_picked":["Sweeping Beam","Turbo"],"picked":"Leap","floor":6},{"not_picked":["Aggregate","Hello World"],"picked":"Hologram","floor":8},{"not_picked":["Fission","Glacier"],"picked":"Gash","floor":11},{"not_picked":["Double Energy","Redo"],"picked":"Leap","floor":13},{"not_picked":["Amplify","Multi-Cast"],"picked":"Core Surge","floor":16},{"not_picked":["Coolheaded","Streamline"],"picked":"Defragment+1","floor":18},{"not_picked":["Fusion","Ball Lightning","Turbo"],"picked":"SKIP","floor":20},{"not_picked":["Compile Driver","Redo","Sunder"],"picked":"SKIP","floor":21},{"not_picked":["Ball Lightning","FTL"],"picked":"Cold Snap","floor":22},{"not_picked":["Compile Driver","Lockon","Barrage+1"],"picked":"SKIP","floor":23},{"not_picked":["Sweeping Beam","Barrage"],"picked":"Rebound","floor":24},{"not_picked":["Streamline","Chaos","Chill+1"],"picked":"SKIP","floor":25},{"not_picked":["Conserve Battery+1","Streamline+1"],"picked":"Steam","floor":31}],"player_experience":271659,"relics_obtained":[{"floor":6,"key":"Tiny Chest"},{"floor":8,"key":"Blood Vial"},{"floor":9,"key":"Bronze Scales"},{"floor":11,"key":"MawBank"},{"floor":26,"key":"Mercury Hourglass"},{"floor":29,"key":"Darkstone Periapt"}],"event_choices":[{"damage_healed":0,"gold_gain":0,"player_choice":"Got Potions","damage_taken":0,"max_hp_gain":0,"max_hp_loss":0,"event_name":"Lab","floor":12,"gold_loss":0},{"damage_healed":0,"gold_gain":0,"player_choice":"Obtain J.A.X.","damage_taken":0,"max_hp_gain":0,"max_hp_loss":0,"event_name":"Drug Dealer","floor":27,"gold_loss":0,"cards_obtained":["J.A.X."]}],"is_beta":false,"boss_relics":[{"not_picked":["Calling Bell","Snecko Eye"],"picked":"Lizard Tail"}],"items_purged_floors":[19,30],"is_endless":false,"potions_floor_spawned":[5,6,11,13,21,22,24,25],"killed_by":"Champ","ascension_level":8}