{"gold_per_floor":[110,110,130,145,220,220,239,266,266,24,24,24,24,37,37,108,108,73,73,73],"floor_reached":20,"playtime":969,"items_purged":[],"score":400,"play_id":"af3dc130-bcf8-4528-99d2-8fdbe5498fcb","local_time":"20190228203407","is_ascension_mode":true,"campfire_choices":[{"floor":6.0,"key":"REST"},{"floor":11.0,"key":"REST"},{"data":"Neutralize","floor":13.0,"key":"SMITH"},{"data":"Footwork","floor":15,"key":"SMITH"}],"neow_cost":"NONE","seed_source_timestamp":158494465983610,"circlet_count":0,"master_deck":["AscendersBane","Defend_G+1","Defend_G","Defend_G","Defend_G+1","Strike_G","Strike_G","Strike_G","Strike_G","Survivor","Neutralize+1","Footwork+1","Noxious Fumes","Noxious Fumes","Backflip","Cloak And Dagger","Die Die Die"],"special_seed":0,"relics":["Empty Cage","Bottled Flame","The Courier","Regal Pillow","Philosopher\u0027s Stone"],"potions_floor_usage":[14],"damage_taken":[{"damage":1.0,"enemies":"2 Louse","floor":1.0,"turns":4.0},{"damage":4.0,"enemies":"Jaw Worm","floor":3.0,"turns":8.0},{"damage":0.0,"enemies":"Cultist","floor":4.0,"turns":5.0},{"damage":15.0,"enemies":"Exordium Thugs","floor":7.0,"turns":7.0},{"damage":20.0,"enemies":"3 Sentries","floor":8.0,"turns":17.0},{"damage":20,"enemies":"Gremlin Gang","floor":14,"turns":5},{"damage":0,"enemies":"The Guardian","floor":16,"turns":13},{"damage":36,"enemies":"2 Thieves","floor":18,"turns":5},{"damage":9,"enemies":"Colosseum Slavers","floor":20,"turns":1}],"seed_played":"-8422036597788756232","potions_obtained":[{"floor":3.0,"key":"Explosive Potion"},{"floor":7.0,"key":"Strength Potion"},{"floor":14,"key":"GamblersBrew"}],"is_trial":false,"path_per_floor":["M","?","M","M","?","R","M","E","T","$","R","?","R","M","R","B",null,"M","?","?"],"character_chosen":"THE_SILENT","items_purchased":["Noxious Fumes","Backflip","Regal Pillow"],"campfire_rested":2,"item_purchase_floors":[10,10,10],"current_hp_per_floor":[58,38,34,34,23,42,27,7,7,7,41,41,41,21,21,21,55,19,1,0],"gold":73,"neow_bonus":"BOSS_RELIC","is_prod":false,"is_daily":false,"chose_seed":false,"campfire_upgraded":2,"win_rate":0,"timestamp":1551414847,"path_taken":["M","?","M","M","?","R","M","E","T","$","R","?","R","M","R","BOSS","M","?","?"],"build_version":"2019-01-23","purchased_purges":0,"victory":false,"max_hp_per_floor":[66,66,66,66,66,66,66,66,66,66,66,66,66,66,66,66,66,66,71,71],"card_choices":[{"not_picked":["Dagger Spray","Endless Agony","Outmaneuver"],"picked":"SKIP","floor":1.0},{"not_picked":["Flying Knee","Riddle With Holes"],"picked":"Footwork","floor":3.0},{"not_picked":["Bane","Sucker Punch","Dagger Spray"],"picked":"SKIP","floor":4.0},{"not_picked":["Bane","Blade Dance","Eviscerate"],"picked":"SKIP","floor":7.0},{"not_picked":["Endless Agony","PiercingWail"],"picked":"Noxious Fumes","floor":8.0},{"not_picked":["Blade Dance","Bane"],"picked":"Cloak And Dagger","floor":14},{"not_picked":["Grand Finale","Storm of Steel"],"picked":"Die Die Die","floor":16},{"not_picked":["Finisher","Flechettes","Blade Dance"],"picked":"SKIP","floor":18}],"player_experience":550580,"relics_obtained":[{"floor":8.0,"key":"Bottled Flame"},{"floor":9.0,"key":"The Courier"}],"event_choices":[{"damage_healed":0.0,"max_hp_gain":0.0,"max_hp_loss":0.0,"gold_gain":0.0,"event_name":"Shining Light","player_choice":"Entered Light","floor":2.0,"gold_loss":0.0,"damage_taken":20.0,"cards_upgraded":["Defend_G","Defend_G"]},{"damage_healed":0.0,"max_hp_gain":0.0,"max_hp_loss":0.0,"gold_gain":75.0,"event_name":"World of Goop","player_choice":"Gather Gold","floor":5.0,"gold_loss":0.0,"damage_taken":11.0},{"damage_healed":0.0,"max_hp_gain":0.0,"max_hp_loss":0.0,"gold_gain":0.0,"event_name":"Dead Adventurer","player_choice":"Searched \u00271\u0027 times","floor":12.0,"gold_loss":0.0,"damage_taken":0.0},{"damage_healed":0,"gold_gain":0,"player_choice":"Shed Blood","damage_taken":23,"max_hp_gain":5,"max_hp_loss":0,"event_name":"Forgotten Altar","floor":19,"gold_loss":0},{"damage_healed":0,"gold_gain":0,"player_choice":"Fight","damage_taken":0,"max_hp_gain":0,"max_hp_loss":0,"event_name":"Colosseum","floor":20,"gold_loss":0}],"is_beta":false,"boss_relics":[{"not_picked":["Cursed Key","HoveringKite"],"picked":"Philosopher\u0027s Stone"}],"items_purged_floors":[],"is_endless":false,"potions_floor_spawned":[3,7,14],"killed_by":"Colosseum Slavers","ascension_level":16}