{"gold_per_floor":[111,111,386,399,414,414,24,24,24,24,24,24,24,24,24,120,120,139,214,231,11,31,31,42,67],"floor_reached":25,"playtime":577,"items_purged":["Regret"],"score":217,"play_id":"57354001-1900-4240-9662-4ddd40ba6bf1","local_time":"20190106094824","is_ascension_mode":true,"campfire_choices":[{"data":"Sunder","floor":6,"key":"SMITH"},{"data":"Scrape","floor":8,"key":"SMITH"},{"data":"Zap","floor":10,"key":"SMITH"},{"data":"Dualcast","floor":13,"key":"SMITH"},{"data":"Go for the Eyes","floor":15,"key":"SMITH"},{"data":"HandOfGreed","floor":23,"key":"SMITH"}],"neow_cost":"NONE","seed_source_timestamp":1409099500132777,"circlet_count":0,"master_deck":["Strike_B","Strike_B","Strike_B+1","Strike_B","Defend_B","Defend_B","Defend_B+1","Defend_B","Zap+1","Dualcast+1","Beam Cell","Regret","Go for the Eyes+1","Sunder+1","Scrape+1","Rainbow","Go for the Eyes","Cold Snap+1","HandOfGreed+1","Chill","Go for the Eyes"],"relics":["Cracked Core","NeowsBlessing","Boot","Shuriken","Letter Opener","Inserter"],"potions_floor_usage":[],"damage_taken":[{"damage":0,"enemies":"Small Slimes","floor":1,"turns":1},{"damage":0,"enemies":"Jaw Worm","floor":4,"turns":1},{"damage":0,"enemies":"Cultist","floor":5,"turns":1},{"damage":48,"enemies":"Hexaghost","floor":16,"turns":7},{"damage":19,"enemies":"3 Byrds","floor":18,"turns":4},{"damage":3,"enemies":"Chosen","floor":20,"turns":3},{"damage":5,"enemies":"Snecko","floor":22,"turns":3},{"damage":27,"enemies":"Snake Plant","floor":24,"turns":5},{"damage":18,"enemies":"Shelled Parasite and Fungi","floor":25,"turns":1}],"seed_played":"-9096833295654791407","potions_obtained":[{"floor":4,"key":"Block Potion"}],"is_trial":false,"path_per_floor":["M","?","?","M","M","R","$","R","T","R","$","?","R","$","R","B",null,"M","?","M","$","M","R","M","M"],"character_chosen":"DEFECT","items_purchased":["Scrape","Shuriken","HandOfGreed","Swift Potion"],"campfire_rested":0,"item_purchase_floors":[7,7,21,21],"current_hp_per_floor":[75,75,75,75,75,75,75,75,75,75,75,60,60,60,60,12,75,56,49,46,46,41,41,14,0],"gold":67,"neow_bonus":"THREE_ENEMY_KILL","is_prod":false,"is_daily":false,"chose_seed":false,"campfire_upgraded":6,"win_rate":0,"timestamp":1546786104,"path_taken":["M","?","?","M","?","R","?","R","T","R","$","?","R","$","R","BOSS","M","?","M","$","M","R","?","M"],"build_version":"2019-01-03v4","purchased_purges":1,"victory":false,"max_hp_per_floor":[75,75,75,75,75,75,75,75,75,75,75,75,75,75,75,75,75,75,75,75,75,75,75,75,75],"card_choices":[{"not_picked":["Blizzard","Coolheaded"],"picked":"Beam Cell","floor":1},{"not_picked":["Lockon","Hello World"],"picked":"Go for the Eyes","floor":4},{"not_picked":["Force Field","Static Discharge"],"picked":"Sunder","floor":5},{"not_picked":["Creative AI","Amplify"],"picked":"Rainbow","floor":16},{"not_picked":["Coolheaded","Barrage"],"picked":"Go for the Eyes","floor":18},{"not_picked":["Leap","Rebound"],"picked":"Cold Snap+1","floor":20},{"not_picked":["Stack+1","Leap+1"],"picked":"Chill","floor":22},{"not_picked":["Lockon","Redo"],"picked":"Go for the Eyes","floor":24}],"player_experience":325833,"relics_obtained":[{"floor":9,"key":"Letter Opener"}],"event_choices":[{"damage_healed":0,"gold_gain":0,"player_choice":"Box","damage_taken":0,"relics_obtained":["Boot"],"max_hp_gain":0,"max_hp_loss":0,"event_name":"Big Fish","floor":2,"gold_loss":0,"cards_obtained":["Regret"]},{"damage_healed":0,"gold_gain":275,"player_choice":"Desecrate","damage_taken":0,"max_hp_gain":0,"max_hp_loss":0,"event_name":"Golden Shrine","floor":3,"gold_loss":0,"cards_obtained":["Regret"]},{"damage_healed":0,"gold_gain":0,"player_choice":"Entered Light","damage_taken":15,"max_hp_gain":0,"max_hp_loss":0,"event_name":"Shining Light","floor":12,"gold_loss":0,"cards_upgraded":["Strike_B","Defend_B"]},{"damage_healed":0,"gold_gain":75,"player_choice":"Touch","damage_taken":7,"max_hp_gain":0,"max_hp_loss":0,"event_name":"FaceTrader","floor":19,"gold_loss":0}],"is_beta":false,"boss_relics":[{"not_picked":["Nuclear Battery","Calling Bell"],"picked":"Inserter"}],"items_purged_floors":[7],"is_endless":false,"potions_floor_spawned":[4],"killed_by":"Shelled Parasite and Fungi","ascension_level":3}