{"gold_per_floor":[119,119,119,69,87,87,113,113,138,165,179,179,198,198],"floor_reached":14,"playtime":417,"items_purged":[],"score":152,"play_id":"405df405-2a25-461d-b998-41ec9b94b787","local_time":"20190129151827","is_ascension_mode":true,"campfire_choices":[{"data":"Darkness","floor":6,"key":"SMITH"},{"floor":8,"key":"REST"},{"data":"Hologram","floor":12,"key":"SMITH"}],"neow_cost":"PERCENT_DAMAGE","seed_source_timestamp":1004199133582816,"circlet_count":0,"master_deck":["AscendersBane","Defend_B","Defend_B","Defend_B","Defend_B","Zap","Dualcast","Sweeping Beam","Heatsinks","Genetic Algorithm","Rebound","Darkness+1","Defragment","Hologram+1","Lockon","Conserve Battery"],"relics":["Cracked Core","Matryoshka","Darkstone Periapt","Regal Pillow"],"potions_floor_usage":[10,13],"damage_taken":[{"damage":0,"enemies":"Small Slimes","floor":1,"turns":2},{"damage":2,"enemies":"2 Louse","floor":5,"turns":5},{"damage":20,"enemies":"Lagavulin","floor":7,"turns":5},{"damage":15,"enemies":"3 Sentries","floor":10,"turns":6},{"damage":7,"enemies":"Jaw Worm","floor":11,"turns":3},{"damage":20,"enemies":"Exordium Wildlife","floor":13,"turns":5},{"damage":10,"enemies":"Gremlin Gang","floor":14,"turns":2}],"seed_played":"-8646551462204723187","potions_obtained":[{"floor":1,"key":"SpeedPotion"},{"floor":7,"key":"AttackPotion"},{"floor":13,"key":"Poison Potion"}],"is_trial":false,"path_per_floor":["M","?","?","?","M","R","E","R","T","E","M","R","M","M"],"character_chosen":"DEFECT","items_purchased":[],"campfire_rested":1,"item_purchase_floors":[],"current_hp_per_floor":[50,50,50,50,48,48,28,50,50,35,28,28,8,0],"gold":198,"neow_bonus":"TRANSFORM_TWO_CARDS","is_prod":false,"is_daily":false,"chose_seed":false,"campfire_upgraded":2,"win_rate":0,"timestamp":1548793107,"path_taken":["M","?","?","?","M","R","E","R","T","E","?","R","M","?"],"build_version":"2019-01-23","purchased_purges":0,"victory":false,"max_hp_per_floor":[75,75,75,75,75,75,75,75,75,75,75,75,75,75],"card_choices":[{"not_picked":["Gash","Rip and Tear"],"picked":"Genetic Algorithm","floor":1},{"not_picked":["Chaos","Coolheaded"],"picked":"Darkness","floor":5},{"not_picked":["Redo","Force Field"],"picked":"Defragment","floor":7},{"not_picked":["Stack","All For One"],"picked":"Hologram","floor":10},{"not_picked":["Fusion","Rip and Tear"],"picked":"Lockon","floor":11},{"not_picked":["Steam Power","Redo"],"picked":"Conserve Battery","floor":13}],"player_experience":540326,"relics_obtained":[{"floor":7,"key":"Matryoshka"},{"floor":9,"key":"Darkstone Periapt"},{"floor":10,"key":"Regal Pillow"}],"event_choices":[{"damage_healed":0,"gold_gain":0,"player_choice":"Fled","damage_taken":0,"max_hp_gain":0,"max_hp_loss":0,"event_name":"Scrap Ooze","floor":2,"gold_loss":0},{"damage_healed":0,"gold_gain":0,"cards_transformed":["Strike_B"],"player_choice":"Change","damage_taken":0,"max_hp_gain":0,"max_hp_loss":0,"event_name":"Living Wall","floor":3,"gold_loss":0,"cards_obtained":["Rebound"]},{"cards_removed":["Strike_B"],"damage_healed":0,"gold_gain":0,"player_choice":"Card Removal","damage_taken":0,"max_hp_gain":0,"max_hp_loss":0,"event_name":"The Cleric","floor":4,"gold_loss":50}],"is_beta":false,"boss_relics":[],"items_purged_floors":[],"is_endless":false,"potions_floor_spawned":[1,7,13],"killed_by":"Gremlin Gang","ascension_level":11}