{"gold_per_floor":[118,118,131,56,67,67,100,110,110,137,150,150,150,166,166,243,243,258,43,59,59,59,90,104,104,129,160,207,233,245,257,269,359,371,403,343,369,381],"floor_reached":38,"playtime":1537,"items_purged":["Pain","Strike_B"],"score":834,"play_id":"54753dbf-a2a7-481d-9979-41de4cec6c44","local_time":"20190222114513","is_ascension_mode":true,"campfire_choices":[{"data":"Dualcast","floor":6,"key":"SMITH"},{"data":"Capacitor","floor":13,"key":"SMITH"},{"data":"Electrodynamics","floor":15,"key":"SMITH"},{"floor":25,"key":"REST"},{"floor":30,"key":"REST"},{"floor":32,"key":"REST"}],"neow_cost":"NONE","seed_source_timestamp":261876433221560,"circlet_count":0,"master_deck":["AscendersBane","Strike_B+1","Strike_B+1","Strike_B+1","Defend_B+1","Defend_B+1","Defend_B+1","Defend_B+1","Zap+1","Dualcast+1","Ball Lightning","Barrage","Ball Lightning","Capacitor+1","Cold Snap","Doom and Gloom","Electrodynamics+1","Cold Snap","Echo Form","Defragment","Tempest","Core Surge","Multi-Cast"],"relics":["Cracked Core","WarpedTongs","Blue Candle","Pear","Omamori","Fusion Hammer","Happy Flower","Dead Branch","MawBank","Inserter","Sundial"],"potions_floor_usage":[7,8,10,10,22,33],"damage_taken":[{"damage":0,"enemies":"Cultist","floor":1,"turns":3},{"damage":11,"enemies":"Small Slimes","floor":3,"turns":2},{"damage":3,"enemies":"2 Louse","floor":5,"turns":2},{"damage":0,"enemies":"Lagavulin","floor":7,"turns":4},{"damage":16,"enemies":"Exordium Thugs","floor":8,"turns":4},{"damage":12,"enemies":"Gremlin Nob","floor":10,"turns":3},{"damage":2,"enemies":"Red Slaver","floor":11,"turns":3},{"damage":11,"enemies":"2 Fungi Beasts","floor":14,"turns":3},{"damage":27,"enemies":"The Guardian","floor":16,"turns":7},{"damage":16,"enemies":"Chosen","floor":18,"turns":4},{"damage":10,"enemies":"3 Byrds","floor":20,"turns":4},{"damage":0,"enemies":"Snake Plant","floor":22,"turns":1},{"damage":21,"enemies":"Slavers","floor":23,"turns":2},{"damage":16,"enemies":"Centurion and Healer","floor":24,"turns":3},{"damage":17,"enemies":"Gremlin Leader","floor":27,"turns":5},{"damage":0,"enemies":"Cultist and Chosen","floor":29,"turns":3},{"damage":10,"enemies":"Champ","floor":33,"turns":7},{"damage":37,"enemies":"3 Darklings","floor":35,"turns":3},{"damage":18,"enemies":"Orb Walker","floor":37,"turns":3},{"damage":24,"enemies":"Jaw Worm Horde","floor":38,"turns":1}],"seed_played":"7459319977245808679","potions_obtained":[{"floor":3,"key":"EssenceOfSteel"},{"floor":5,"key":"PowerPotion"},{"floor":7,"key":"Block Potion"},{"floor":8,"key":"Strength Potion"},{"floor":16,"key":"Ancient Potion"},{"floor":20,"key":"SmokeBomb"},{"floor":27,"key":"FocusPotion"},{"floor":35,"key":"Ancient Potion"}],"is_trial":false,"path_per_floor":["M","?","M","$","M","R","E","M","T","E","M","?","R","M","R","B",null,"M","$","M","?","M","E","M","R","T","E","T","M","R","$","R","B",null,"M","?","M","M"],"character_chosen":"DEFECT","items_purchased":["Defragment","Tempest"],"campfire_rested":3,"item_purchase_floors":[19,19],"current_hp_per_floor":[64,64,53,53,50,50,50,34,44,32,30,57,57,46,46,19,66,50,50,40,40,40,19,3,27,27,10,10,10,34,34,58,48,73,36,36,18,0],"gold":381,"neow_bonus":"UPGRADE_CARD","is_prod":false,"is_daily":false,"chose_seed":false,"campfire_upgraded":3,"win_rate":0,"timestamp":1550853913,"path_taken":["M","?","M","$","M","R","E","M","T","E","?","?","R","M","R","BOSS","M","$","M","?","M","E","M","R","T","E","?","?","R","$","R","BOSS","M","?","?","M"],"build_version":"2019-01-23","purchased_purges":2,"victory":false,"max_hp_per_floor":[71,71,71,71,71,71,71,71,81,81,81,81,81,81,81,81,81,81,81,81,81,81,81,81,81,81,81,81,81,81,81,81,81,81,81,81,81,81],"card_choices":[{"not_picked":["Gash","Streamline"],"picked":"Ball Lightning","floor":1},{"not_picked":["Redo","Recycle"],"picked":"Barrage","floor":3},{"not_picked":["Coolheaded","Auto Shields"],"picked":"Ball Lightning","floor":5},{"not_picked":["Streamline","Undo"],"picked":"Capacitor","floor":7},{"not_picked":["Ball Lightning","Static Discharge"],"picked":"Cold Snap","floor":8},{"not_picked":["Beam Cell","Darkness"],"picked":"Doom and Gloom","floor":10},{"not_picked":["Redo","Conserve Battery"],"picked":"Electrodynamics","floor":11},{"not_picked":["Stack","Compile Driver"],"picked":"Cold Snap","floor":14},{"not_picked":["Core Surge","Machine Learning"],"picked":"Echo Form","floor":16},{"not_picked":["Barrage","Cold Snap","Ball Lightning+1"],"picked":"SKIP","floor":18},{"not_picked":["Beam Cell","Cold Snap+1","Ball Lightning"],"picked":"SKIP","floor":20},{"not_picked":["Cold Snap","Double Energy"],"picked":"Core Surge","floor":23},{"not_picked":["Rebound","Coolheaded","Beam Cell"],"picked":"SKIP","floor":24},{"not_picked":["Go for the Eyes","Melter","Skim"],"picked":"SKIP","floor":27},{"not_picked":["Streamline","Redo","Compile Driver+1"],"picked":"SKIP","floor":29},{"not_picked":["Seek","Hyperbeam"],"picked":"Multi-Cast","floor":33},{"not_picked":["Darkness","Hologram","Redo"],"picked":"SKIP","floor":35},{"not_picked":["Stack","Redo+1","Turbo"],"picked":"SKIP","floor":37}],"player_experience":824105,"relics_obtained":[{"floor":7,"key":"Blue Candle"},{"floor":9,"key":"Pear"},{"floor":10,"key":"Omamori"},{"floor":23,"key":"Happy Flower"},{"floor":27,"key":"Dead Branch"},{"floor":28,"key":"MawBank"}],"event_choices":[{"damage_healed":0,"gold_gain":0,"player_choice":"Rummage","damage_taken":0,"relics_obtained":["WarpedTongs"],"max_hp_gain":0,"max_hp_loss":0,"event_name":"Accursed Blacksmith","floor":2,"gold_loss":0,"cards_obtained":["Pain"]},{"damage_healed":27,"gold_gain":0,"player_choice":"Banana","damage_taken":0,"max_hp_gain":0,"max_hp_loss":0,"event_name":"Big Fish","floor":12,"gold_loss":0},{"damage_healed":0,"gold_gain":0,"player_choice":"Simplicity","damage_taken":0,"max_hp_gain":0,"max_hp_loss":0,"event_name":"Back to Basics","floor":21,"gold_loss":0,"cards_upgraded":["Strike_B","Strike_B","Strike_B","Defend_B","Defend_B","Defend_B","Defend_B"]},{"damage_healed":0,"gold_gain":0,"player_choice":"Paid Gold","damage_taken":0,"relics_obtained":["Sundial"],"max_hp_gain":0,"max_hp_loss":0,"event_name":"WeMeetAgain","floor":36,"gold_loss":72}],"is_beta":false,"boss_relics":[{"not_picked":["Black Star","Calling Bell"],"picked":"Fusion Hammer"},{"not_picked":["Philosopher\u0027s Stone","White Beast Statue"],"picked":"Inserter"}],"items_purged_floors":[4,19],"is_endless":false,"potions_floor_spawned":[3,5,7,8,16,20,27,29,35],"killed_by":"Jaw Worm Horde","ascension_level":17}