{"gold_per_floor":[117,133,147,28,103,119,148,148,173,185,85,85,10,100,100,179,179,189,189,204,224,48,48,80,80,154,170,170,85,85,110,110,110],"floor_reached":33,"playtime":1106,"items_purged":["Strike_R","Strike_R"],"score":557,"play_id":"2d1a0dd3-bd7c-4ec4-8fd4-344515e23a4e","local_time":"20190128231033","is_ascension_mode":true,"campfire_choices":[{"floor":8,"key":"REST"},{"floor":12,"key":"REST"},{"floor":15,"key":"REST"},{"floor":23,"key":"REST"},{"floor":25,"key":"REST"},{"floor":28,"key":"REST"},{"data":"Impervious","floor":30,"key":"SMITH"},{"floor":32,"key":"REST"}],"neow_cost":"NONE","seed_source_timestamp":945423681055341,"circlet_count":0,"master_deck":["AscendersBane","Defend_R","Defend_R","Defend_R","Bash","Ghostly Armor","Combust","Combust","Whirlwind","Whirlwind","Thunderclap","Combust","Offering+1","Shrug It Off","Flex","Impervious","Flex","Impervious+1"],"relics":["Burning Blood","Centennial Puzzle","Red Skull","Tiny Chest","Empty Cage","Red Mask","Anchor","Potion Belt"],"potions_floor_usage":[7,14,14,16,24],"damage_taken":[{"damage":14,"enemies":"Small Slimes","floor":1,"turns":6},{"damage":0,"enemies":"2 Louse","floor":2,"turns":4},{"damage":5,"enemies":"Cultist","floor":3,"turns":4},{"damage":5,"enemies":"Large Slime","floor":6,"turns":5},{"damage":35,"enemies":"3 Sentries","floor":7,"turns":5},{"damage":15,"enemies":"3 Louse","floor":10,"turns":3},{"damage":60,"enemies":"Lagavulin Event","floor":14,"turns":7},{"damage":13,"enemies":"Slime Boss","floor":16,"turns":6},{"damage":25,"enemies":"Chosen","floor":18,"turns":5},{"damage":11,"enemies":"3 Byrds","floor":20,"turns":3},{"damage":26,"enemies":"Centurion and Healer","floor":21,"turns":3},{"damage":38,"enemies":"Masked Bandits","floor":24,"turns":3},{"damage":19,"enemies":"Snecko","floor":27,"turns":4},{"damage":50,"enemies":"Champ","floor":33,"turns":7}],"seed_played":"4656074547225069255","potions_obtained":[{"floor":3,"key":"PowerPotion"},{"floor":7,"key":"Block Potion"},{"floor":10,"key":"Explosive Potion"},{"floor":14,"key":"SkillPotion"},{"floor":20,"key":"EssenceOfSteel"}],"is_trial":false,"path_per_floor":["M","M","M","$","?","M","E","R","T","M","$","R","?","?","R","B",null,"M","?","M","M","$","R","?","R","T","M","R","?","R","T","R","B"],"character_chosen":"IRONCLAD","items_purchased":["Whirlwind","Impervious"],"campfire_rested":7,"item_purchase_floors":[4,22],"current_hp_per_floor":[60,66,67,67,56,57,28,50,50,41,41,63,63,9,31,24,62,43,43,38,18,18,40,8,30,30,17,39,39,39,39,61,11],"gold":110,"neow_bonus":"REMOVE_CARD","is_prod":false,"is_daily":false,"chose_seed":false,"campfire_upgraded":1,"win_rate":0,"timestamp":1548735033,"path_taken":["M","M","M","$","?","M","E","R","T","M","$","R","?","?","R","BOSS","M","?","M","?","$","R","?","R","T","M","R","?","R","?","R","BOSS"],"build_version":"2019-01-23","purchased_purges":2,"victory":false,"max_hp_per_floor":[75,75,75,75,75,75,75,75,75,75,75,75,75,75,75,75,75,75,75,75,75,75,75,75,75,75,75,75,75,75,75,75,75],"card_choices":[{"not_picked":["Twin Strike","Spot Weakness"],"picked":"Ghostly Armor","floor":1},{"not_picked":["Body Slam","Armaments"],"picked":"Combust","floor":2},{"not_picked":["Spot Weakness","Disarm"],"picked":"Combust","floor":3},{"not_picked":["Headbutt","Clash"],"picked":"Whirlwind","floor":6},{"not_picked":["Warcry","Carnage"],"picked":"Thunderclap","floor":7},{"not_picked":["Thunderclap","Heavy Blade"],"picked":"Combust","floor":10},{"not_picked":["Double Tap","Exhume"],"picked":"Offering","floor":16},{"not_picked":["Infernal Blade","True Grit"],"picked":"Shrug It Off","floor":18},{"not_picked":["Combust","Pommel Strike"],"picked":"Flex","floor":20},{"not_picked":["Fire Breathing","Feel No Pain","Battle Trance"],"picked":"SKIP","floor":21},{"not_picked":["Rampage","Hemokinesis"],"picked":"Flex","floor":24},{"not_picked":["Thunderclap","Anger"],"picked":"Impervious","floor":27}],"player_experience":532907,"relics_obtained":[{"floor":7,"key":"Centennial Puzzle"},{"floor":9,"key":"Red Skull"},{"floor":14,"key":"Tiny Chest"},{"floor":24,"key":"Red Mask"},{"floor":31,"key":"Potion Belt"}],"event_choices":[{"damage_healed":0,"gold_gain":75,"player_choice":"Gather Gold","damage_taken":11,"max_hp_gain":0,"max_hp_loss":0,"event_name":"World of Goop","floor":5,"gold_loss":0},{"cards_removed":["Strike_R"],"damage_healed":0,"gold_gain":0,"player_choice":"Card Removal","damage_taken":0,"max_hp_gain":0,"max_hp_loss":0,"event_name":"The Cleric","floor":13,"gold_loss":75},{"damage_healed":0,"gold_gain":0,"player_choice":"Searched \u00271\u0027 times","damage_taken":0,"max_hp_gain":0,"max_hp_loss":0,"event_name":"Dead Adventurer","floor":14,"gold_loss":0},{"damage_healed":0,"gold_gain":0,"player_choice":"Upgraded","damage_taken":0,"max_hp_gain":0,"max_hp_loss":0,"event_name":"Upgrade Shrine","floor":19,"gold_loss":0,"cards_upgraded":["Offering"]},{"damage_healed":0,"gold_gain":0,"player_choice":"Fought Bandits","damage_taken":0,"max_hp_gain":0,"max_hp_loss":0,"event_name":"Masked Bandits","floor":24,"gold_loss":0},{"damage_healed":0,"gold_gain":0,"player_choice":"Obtained Relic","damage_taken":0,"relics_obtained":["Anchor"],"max_hp_gain":0,"max_hp_loss":0,"event_name":"Addict","floor":29,"gold_loss":85}],"is_beta":false,"boss_relics":[{"not_picked":["Runic Cube","Black Star"],"picked":"Empty Cage"}],"items_purged_floors":[4,11],"is_endless":false,"potions_floor_spawned":[3,7,10,14,20],"killed_by":"Champ","ascension_level":18}