{"gold_per_floor":[109,123,48,63,13,13,46,46,46,65,65,124,135,164,164,265,265,276,286,303,323,27,27,42,42],"floor_reached":25,"playtime":1273,"items_purged":["Strike_R","Strike_R"],"score":360,"play_id":"1a1105a6-168f-4ded-b8d3-84409facf9a0","local_time":"20190115143021","is_ascension_mode":true,"campfire_choices":[{"data":"Fiend Fire","floor":6,"key":"SMITH"},{"data":"Metallicize","floor":8,"key":"SMITH"},{"data":"Metallicize","floor":15,"key":"SMITH"},{"data":"Fiend Fire","floor":23,"key":"SMITH"}],"neow_cost":"TEN_PERCENT_HP_LOSS","seed_source_timestamp":505346628675114,"circlet_count":0,"master_deck":["AscendersBane","Strike_R","Strike_R","Strike_R+1","Defend_R","Defend_R","Defend_R","Defend_R","Bash","Fiend Fire+1","Iron Wave+1","Burning Pact","Metallicize+1","Metallicize+1","Fiend Fire+1"],"relics":["Burning Blood","Kunai","Ornamental Fan","FaceOfCleric","Tiny Chest","Whetstone","Philosopher\u0027s Stone","TheAbacus"],"potions_floor_usage":[7,12,14,16,20,25],"damage_taken":[{"damage":0,"enemies":"Cultist","floor":1,"turns":2},{"damage":7,"enemies":"2 Louse","floor":2,"turns":2},{"damage":12,"enemies":"Jaw Worm","floor":4,"turns":2},{"damage":29,"enemies":"Lagavulin","floor":7,"turns":5},{"damage":2,"enemies":"Large Slime","floor":10,"turns":5},{"damage":6,"enemies":"3 Sentries","floor":12,"turns":16},{"damage":9,"enemies":"3 Louse","floor":13,"turns":5},{"damage":18,"enemies":"Lagavulin","floor":14,"turns":7},{"damage":14,"enemies":"The Guardian","floor":16,"turns":15},{"damage":14,"enemies":"Shell Parasite","floor":18,"turns":5},{"damage":32,"enemies":"3 Byrds","floor":19,"turns":6},{"damage":15,"enemies":"Snecko","floor":20,"turns":5},{"damage":8,"enemies":"Centurion and Healer","floor":21,"turns":9},{"damage":23,"enemies":"Shelled Parasite and Fungi","floor":24,"turns":8},{"damage":15,"enemies":"Book of Stabbing","floor":25,"turns":4}],"seed_played":"-7104656634446689591","potions_obtained":[{"floor":2,"key":"AttackPotion"},{"floor":10,"key":"Explosive Potion"},{"floor":14,"key":"SkillPotion"},{"floor":20,"key":"Fruit Juice"},{"floor":24,"key":"SpeedPotion"}],"is_trial":false,"path_per_floor":["M","M","$","M","$","R","E","R","T","M","?","E","M","E","R","B",null,"M","M","M","M","$","R","M","E"],"character_chosen":"IRONCLAD","items_purchased":["Fire Potion","TheAbacus"],"campfire_rested":0,"item_purchase_floors":[5,22],"current_hp_per_floor":[72,71,71,65,65,65,42,42,42,46,46,47,45,34,34,27,64,57,32,29,28,28,28,12,0],"gold":42,"neow_bonus":"THREE_RARE_CARDS","is_prod":false,"is_daily":false,"chose_seed":false,"campfire_upgraded":4,"win_rate":0,"timestamp":1547580621,"path_taken":["M","M","$","?","?","R","E","R","T","?","?","E","?","E","R","BOSS","M","M","M","?","?","R","M","E"],"build_version":"2019-01-10","purchased_purges":2,"victory":false,"max_hp_per_floor":[72,72,72,72,72,72,72,72,72,72,72,73,74,75,75,76,76,77,78,84,85,85,85,86,86],"card_choices":[{"not_picked":["Offering","Berserk"],"picked":"Fiend Fire","floor":0},{"not_picked":["Perfected Strike","Wild Strike"],"picked":"Iron Wave","floor":1},{"not_picked":["Sword Boomerang","Perfected Strike"],"picked":"Burning Pact","floor":2},{"not_picked":["Carnage","Warcry"],"picked":"Metallicize","floor":4},{"not_picked":["Sever Soul","Clash","Evolve"],"picked":"SKIP","floor":7},{"not_picked":["Shrug It Off","Body Slam","Flex"],"picked":"SKIP","floor":10},{"not_picked":["Rage","Inflame"],"picked":"Metallicize","floor":12},{"not_picked":["Clash","Dropkick","Entrench"],"picked":"SKIP","floor":13},{"not_picked":["Battle Trance","Thunderclap","True Grit"],"picked":"SKIP","floor":14},{"not_picked":["Limit Break","Feed"],"picked":"Fiend Fire","floor":16},{"not_picked":["Armaments","Sword Boomerang","Body Slam"],"picked":"SKIP","floor":18},{"not_picked":["Whirlwind","Sword Boomerang","Reckless Charge"],"picked":"SKIP","floor":19},{"not_picked":["Hemokinesis","Burning Pact","Cleave"],"picked":"SKIP","floor":20},{"not_picked":["Reckless Charge","Sever Soul+1","Twin Strike"],"picked":"SKIP","floor":21},{"not_picked":["Bludgeon","Cleave","Thunderclap"],"picked":"SKIP","floor":24}],"player_experience":381562,"relics_obtained":[{"floor":7,"key":"Kunai"},{"floor":9,"key":"Ornamental Fan"},{"floor":12,"key":"Tiny Chest"},{"floor":14,"key":"Whetstone"}],"event_choices":[{"damage_healed":0,"gold_gain":0,"player_choice":"Trade","damage_taken":0,"relics_obtained":["FaceOfCleric"],"max_hp_gain":0,"max_hp_loss":0,"event_name":"FaceTrader","floor":11,"gold_loss":0}],"is_beta":false,"boss_relics":[{"not_picked":["Black Blood","Snecko Eye"],"picked":"Philosopher\u0027s Stone"}],"items_purged_floors":[3,22],"is_endless":false,"potions_floor_spawned":[2,10,14,20,24],"killed_by":"Book of Stabbing","ascension_level":12}