{"gold_per_floor":[116,133,148,3,21,21,56,56,356,356,4,4,86,147,147,147],"floor_reached":16,"playtime":583,"items_purged":["Strike_R","Strike_R"],"score":187,"play_id":"caef1eab-1f5c-4b14-92e1-a1f87ec719e8","local_time":"20190124115910","is_ascension_mode":true,"campfire_choices":[{"data":"Inflame","floor":6,"key":"SMITH"},{"data":"Feel No Pain","floor":8,"key":"SMITH"},{"data":"Bash","floor":10,"key":"SMITH"},{"data":"HandOfGreed","floor":12,"key":"SMITH"},{"data":"Barricade","floor":15,"key":"SMITH"}],"neow_cost":"NONE","seed_source_timestamp":560030386702011,"circlet_count":0,"master_deck":["AscendersBane","Strike_R","Strike_R","Strike_R","Defend_R","Defend_R","Defend_R","Defend_R","Bash+1","Second Wind","Rage","Feel No Pain+1","Inflame+1","HandOfGreed+1","Feel No Pain","Barricade+1"],"relics":["Burning Blood","Bag of Marbles","Ginger","Old Coin","Membership Card","Meat on the Bone"],"potions_floor_usage":[16,16],"damage_taken":[{"damage":14,"enemies":"Jaw Worm","floor":1,"turns":3},{"damage":0,"enemies":"2 Louse","floor":2,"turns":3},{"damage":12,"enemies":"Small Slimes","floor":3,"turns":5},{"damage":6,"enemies":"2 Fungi Beasts","floor":5,"turns":4},{"damage":27,"enemies":"Gremlin Nob","floor":7,"turns":5},{"damage":15,"enemies":"3 Sentries","floor":13,"turns":14},{"damage":13,"enemies":"Exordium Thugs","floor":14,"turns":6},{"damage":44,"enemies":"The Guardian","floor":16,"turns":8}],"seed_played":"8503474452104316480","potions_obtained":[{"floor":3,"key":"EssenceOfSteel"},{"floor":7,"key":"SpeedPotion"}],"is_trial":false,"path_per_floor":["M","M","M","$","M","R","E","R","T","R","$","R","E","M","R","B"],"character_chosen":"IRONCLAD","items_purchased":["Feel No Pain","Membership Card","HandOfGreed"],"campfire_rested":0,"item_purchase_floors":[4,11,11],"current_hp_per_floor":[60,66,60,60,60,60,39,39,39,39,39,39,30,35,35,0],"gold":147,"neow_bonus":"RANDOM_COMMON_RELIC","is_prod":false,"is_daily":false,"chose_seed":false,"campfire_upgraded":5,"win_rate":0,"timestamp":1548349150,"path_taken":["M","M","M","$","M","R","E","R","T","R","$","R","E","M","R","BOSS"],"build_version":"2019-01-23","purchased_purges":2,"victory":false,"max_hp_per_floor":[75,75,75,75,75,75,75,75,75,75,75,75,75,75,75,75],"card_choices":[{"not_picked":["Wild Strike","Corruption","Clash"],"picked":"SKIP","floor":1},{"not_picked":["Headbutt","Twin Strike"],"picked":"Second Wind","floor":2},{"not_picked":["Headbutt","Armaments"],"picked":"Rage","floor":3},{"not_picked":["Perfected Strike","Pommel Strike"],"picked":"Inflame","floor":5},{"not_picked":["Intimidate","Headbutt","Iron Wave"],"picked":"SKIP","floor":7},{"not_picked":["Clothesline","Headbutt"],"picked":"Feel No Pain","floor":13},{"not_picked":["Twin Strike","Rupture"],"picked":"Barricade","floor":14}],"player_experience":410787,"relics_obtained":[{"floor":7,"key":"Ginger"},{"floor":9,"key":"Old Coin"},{"floor":13,"key":"Meat on the Bone"}],"event_choices":[],"is_beta":false,"boss_relics":[],"items_purged_floors":[4,11],"is_endless":false,"potions_floor_spawned":[3,7,13],"killed_by":"The Guardian","ascension_level":14}