{"gold_per_floor":[109,109,109,125,125,153,153,169,193,228,205,205,205,230,230,356,356,371,286,286,286,311,347,347,133,211,211,235,248,248,261,261,261],"floor_reached":33,"playtime":2147,"items_purged":["Pain"],"score":472,"play_id":"5a2c9fe7-b3e9-46fb-9c24-ec80ddc4798d","local_time":"20190217075011","is_ascension_mode":true,"campfire_choices":[{"data":"Zap","floor":12.0,"key":"SMITH"},{"floor":15.0,"key":"REST"},{"data":"Go for the Eyes","floor":24,"key":"SMITH"},{"data":"Defragment","floor":27,"key":"SMITH"},{"data":"Loop","floor":30,"key":"SMITH"},{"data":"White Noise","floor":32,"key":"SMITH"}],"neow_cost":"NONE","seed_source_timestamp":0,"circlet_count":0,"master_deck":["AscendersBane","Zap+1","Dualcast+1","Go for the Eyes+1","Cold Snap","Chill","Capacitor","Conserve Battery","White Noise+1","Meteor Strike","Loop+1","Amplify","Reboot","Seek","Beam Cell","Static Discharge","Auto Shields","Bite","Bite","Bite","Bite","Bite","Defragment+1","FTL","Buffer"],"special_seed":0,"relics":["Cracked Core","NeowsBlessing","Anchor","Centennial Puzzle","Golden Idol","Orichalcum","Ancient Tea Set","WarpedTongs","Pandora\u0027s Box","Bag of Preparation","Calipers","Singing Bowl"],"potions_floor_usage":[20,23,23,33],"damage_taken":[{"damage":0.0,"enemies":"Jaw Worm","floor":1.0,"turns":1.0},{"damage":0.0,"enemies":"2 Louse","floor":4.0,"turns":1.0},{"damage":0.0,"enemies":"Lagavulin","floor":6.0,"turns":1.0},{"damage":0.0,"enemies":"Small Slimes","floor":8.0,"turns":3.0},{"damage":13.0,"enemies":"3 Sentries","floor":10.0,"turns":9.0},{"damage":5.0,"enemies":"Exordium Thugs","floor":14.0,"turns":5.0},{"damage":18.0,"enemies":"The Guardian","floor":16.0,"turns":12.0},{"damage":35,"enemies":"3 Byrds","floor":18,"turns":4},{"damage":0,"enemies":"Masked Bandits","floor":20,"turns":1},{"damage":10,"enemies":"2 Thieves","floor":22,"turns":4},{"damage":32,"enemies":"Slavers","floor":23,"turns":6},{"damage":8,"enemies":"3 Cultists","floor":28,"turns":4},{"damage":9,"enemies":"Shelled Parasite and Fungi","floor":29,"turns":6},{"damage":25,"enemies":"Snake Plant","floor":31,"turns":5},{"damage":61,"enemies":"Automaton","floor":33,"turns":6}],"seed_played":"564562466386569233","potions_obtained":[{"floor":4.0,"key":"AttackPotion"},{"floor":8.0,"key":"Dexterity Potion"},{"floor":10.0,"key":"SmokeBomb"},{"floor":22,"key":"Block Potion"},{"floor":23,"key":"SpeedPotion"}],"is_trial":false,"path_per_floor":["M","?","?","M","?","E","?","M","T","E","$","R","?","M","R","B",null,"M","?","?","?","M","E","R","$","T","R","M","M","R","M","R","B"],"character_chosen":"DEFECT","items_purchased":["Conserve Battery","Defragment","FTL"],"campfire_rested":1,"item_purchase_floors":[11,25,25],"current_hp_per_floor":[68,68,68,68,53,53,35,35,35,22,22,22,22,17,39,21,62,27,27,27,27,31,22,22,22,22,22,29,37,37,26,26,0],"gold":261,"neow_bonus":"THREE_ENEMY_KILL","is_prod":false,"is_daily":false,"chose_seed":false,"campfire_upgraded":5,"win_rate":0,"timestamp":1550418611,"path_taken":["M","?","?","?","?","E","?","M","T","E","$","R","?","M","R","BOSS","M","?","?","?","?","E","R","$","T","R","M","M","R","M","R","BOSS"],"build_version":"2019-01-23","purchased_purges":1,"victory":false,"max_hp_per_floor":[75,75,75,75,75,75,75,75,75,75,75,75,75,75,75,75,75,75,75,75,52,52,52,52,52,52,52,54,54,54,56,56,56],"card_choices":[{"not_picked":["Steam","Storm"],"picked":"Go for the Eyes","floor":1.0},{"not_picked":["Redo","Darkness"],"picked":"Cold Snap","floor":4.0},{"not_picked":["Fusion","Reinforced Body"],"picked":"Chill","floor":6.0},{"not_picked":["Barrage","Steam","Force Field"],"picked":"SKIP","floor":8.0},{"not_picked":["Chill","Cold Snap"],"picked":"Capacitor","floor":10.0},{"not_picked":["Compile Driver","Stack"],"picked":"White Noise","floor":14.0},{"not_picked":["Stack","Force Field","Coolheaded"],"picked":"SKIP","floor":18},{"not_picked":["Stack","Coolheaded","Barrage"],"picked":"SKIP","floor":22},{"not_picked":["Gash+1","Force Field+1","Compile Driver"],"picked":"SKIP","floor":23},{"not_picked":["Coolheaded","Hologram+1","Ball Lightning"],"picked":"Singing Bowl","floor":28},{"not_picked":["Go for the Eyes+1","Conserve Battery+1"],"picked":"Buffer","floor":29},{"not_picked":["Stack+1","Beam Cell","Recycle"],"picked":"Singing Bowl","floor":31}],"player_experience":406814,"relics_obtained":[{"floor":6.0,"key":"Centennial Puzzle"},{"floor":9.0,"key":"Orichalcum"},{"floor":10.0,"key":"Ancient Tea Set"},{"floor":23,"key":"Calipers"},{"floor":26,"key":"Singing Bowl"}],"event_choices":[{"damage_healed":0.0,"max_hp_gain":0.0,"max_hp_loss":0.0,"gold_gain":0.0,"event_name":"Big Fish","player_choice":"Box","floor":2.0,"gold_loss":0.0,"damage_taken":0.0,"relics_obtained":["Anchor"],"cards_obtained":["Regret"]},{"cards_removed":["Regret"],"damage_healed":0.0,"max_hp_gain":0.0,"max_hp_loss":0.0,"gold_gain":0.0,"event_name":"Living Wall","player_choice":"Forget","floor":3.0,"gold_loss":0.0,"damage_taken":0.0},{"damage_healed":0.0,"max_hp_gain":0.0,"max_hp_loss":0.0,"gold_gain":0.0,"event_name":"Shining Light","player_choice":"Entered Light","floor":5.0,"gold_loss":0.0,"damage_taken":15.0,"cards_upgraded":["Defend_B","Dualcast"]},{"damage_healed":0.0,"max_hp_gain":0.0,"max_hp_loss":0.0,"gold_gain":0.0,"event_name":"Golden Idol","player_choice":"Take Damage","floor":7.0,"gold_loss":0.0,"damage_taken":18.0,"relics_obtained":["Golden Idol"]},{"damage_healed":0.0,"max_hp_gain":0.0,"max_hp_loss":0.0,"gold_gain":0.0,"event_name":"Accursed Blacksmith","player_choice":"Rummage","floor":13.0,"gold_loss":0.0,"damage_taken":0.0,"relics_obtained":["WarpedTongs"],"cards_obtained":["Pain"]},{"damage_healed":0,"gold_gain":0,"player_choice":"Obtained Relic","damage_taken":0,"relics_obtained":["Bag of Preparation"],"max_hp_gain":0,"max_hp_loss":0,"event_name":"Addict","floor":19,"gold_loss":85},{"damage_healed":0,"gold_gain":0,"player_choice":"Fought Bandits","damage_taken":0,"max_hp_gain":0,"max_hp_loss":0,"event_name":"Masked Bandits","floor":20,"gold_loss":0},{"damage_healed":0,"gold_gain":0,"player_choice":"Became a vampire","damage_taken":0,"max_hp_gain":0,"max_hp_loss":23,"event_name":"Vampires","floor":21,"gold_loss":0,"cards_obtained":["Bite","Bite","Bite","Bite","Bite"]}],"is_beta":false,"boss_relics":[{"not_picked":["Runic Pyramid","Lizard Tail"],"picked":"Pandora\u0027s Box"}],"items_purged_floors":[25],"is_endless":false,"potions_floor_spawned":[4,8,10,14,20,22,23],"killed_by":"Automaton","ascension_level":10}