{"gold_per_floor":[119,137,137,38,48,77,77,153,176,6,6,33,33,12,12,112,112,125,136,136,154,174,174],"floor_reached":23,"playtime":1478,"items_purged":["Strike_G","Strike_G"],"score":219,"play_id":"c0fb5177-4751-48c7-b8ac-95bc543fb424","local_time":"20190228021504","is_ascension_mode":true,"campfire_choices":[{"floor":7,"key":"REST"},{"floor":13,"key":"REST"},{"data":"Night Terror","floor":15,"key":"SMITH"}],"neow_cost":"NONE","seed_source_timestamp":898363717349976,"circlet_count":0,"master_deck":["Defend_G","Defend_G","Defend_G","Defend_G","Defend_G","Strike_G","Strike_G","Survivor","Neutralize","All Out Attack","Caltrops","PiercingWail","Catalyst","Night Terror+1","Leg Sweep","Footwork","Doppelganger","Well Laid Plans","Accuracy","Leg Sweep"],"relics":["Ring of the Snake","Bag of Marbles","Strawberry","Blood Vial","Happy Flower","Black Star"],"potions_floor_usage":[6,23,23],"damage_taken":[{"damage":4,"enemies":"2 Louse","floor":1,"turns":3},{"damage":1,"enemies":"Small Slimes","floor":2,"turns":4},{"damage":17,"enemies":"Jaw Worm","floor":5,"turns":4},{"damage":47,"enemies":"Lagavulin","floor":6,"turns":12},{"damage":22,"enemies":"3 Sentries","floor":12,"turns":8},{"damage":27,"enemies":"The Guardian","floor":16,"turns":26},{"damage":23,"enemies":"Spheric Guardian","floor":18,"turns":14},{"damage":13,"enemies":"3 Byrds","floor":19,"turns":6},{"damage":11,"enemies":"Snake Plant","floor":21,"turns":8},{"damage":22,"enemies":"Centurion and Healer","floor":22,"turns":10},{"damage":21,"enemies":"Slavers","floor":23,"turns":4}],"seed_played":"3793431400176296606","potions_obtained":[{"floor":2,"key":"Dexterity Potion"},{"floor":16,"key":"EssenceOfSteel"},{"floor":18,"key":"GamblersBrew"},{"floor":21,"key":"Strength Potion"}],"is_trial":false,"path_per_floor":["M","M","?","$","M","E","R","?","T","$","?","E","R","?","R","B",null,"M","M","?","M","M","E"],"character_chosen":"THE_SILENT","items_purchased":["PiercingWail","Leg Sweep"],"campfire_rested":2,"item_purchase_floors":[4,10],"current_hp_per_floor":[66,65,70,70,53,13,37,37,37,37,37,17,41,41,41,16,82,59,48,48,39,19,0],"gold":174,"neow_bonus":"RANDOM_COMMON_RELIC","is_prod":false,"is_daily":false,"chose_seed":false,"campfire_upgraded":1,"win_rate":0,"timestamp":1551338104,"path_taken":["M","M","?","$","M","E","R","?","T","?","?","E","R","?","R","BOSS","M","M","?","M","?","E"],"build_version":"2019-01-23","purchased_purges":2,"victory":false,"max_hp_per_floor":[70,70,75,75,75,82,82,82,82,82,82,82,82,82,82,82,82,82,82,82,82,82,82],"card_choices":[{"not_picked":["Deadly Poison","Slice"],"picked":"All Out Attack","floor":1},{"not_picked":["Deadly Poison","Heel Hook"],"picked":"Caltrops","floor":2},{"not_picked":["Deadly Poison","Slice"],"picked":"Catalyst","floor":5},{"not_picked":["Riddle With Holes","Dagger Throw"],"picked":"Night Terror","floor":6},{"not_picked":["Dagger Throw","Outmaneuver"],"picked":"Footwork","floor":12},{"not_picked":["A Thousand Cuts","Phantasmal Killer"],"picked":"Doppelganger","floor":16},{"not_picked":["Poisoned Stab","Cloak And Dagger+1"],"picked":"Well Laid Plans","floor":18},{"not_picked":["Acrobatics","Quick Slash+1","Terror"],"picked":"SKIP","floor":19},{"not_picked":["Distraction","Blade Dance+1","Accuracy+1"],"picked":"SKIP","floor":21},{"not_picked":["Dagger Spray","Underhanded Strike+1"],"picked":"Leg Sweep","floor":22}],"player_experience":203230,"relics_obtained":[{"floor":6,"key":"Strawberry"},{"floor":9,"key":"Blood Vial"},{"floor":12,"key":"Happy Flower"}],"event_choices":[{"damage_healed":0,"gold_gain":0,"player_choice":"Donut","damage_taken":0,"max_hp_gain":5,"max_hp_loss":0,"event_name":"Big Fish","floor":3,"gold_loss":0},{"damage_healed":0,"gold_gain":76,"player_choice":"Gained Gold","damage_taken":0,"max_hp_gain":0,"max_hp_loss":0,"event_name":"Golden Wing","floor":8,"gold_loss":0},{"damage_healed":0,"gold_gain":0,"player_choice":"Ignored","damage_taken":0,"max_hp_gain":0,"max_hp_loss":0,"event_name":"Liars Game","floor":11,"gold_loss":0},{"damage_healed":0,"gold_gain":0,"player_choice":"Left Gold","damage_taken":0,"max_hp_gain":0,"max_hp_loss":0,"event_name":"World of Goop","floor":14,"gold_loss":21},{"damage_healed":0,"gold_gain":0,"cards_transformed":["Strike_G"],"player_choice":"Transformed","damage_taken":0,"max_hp_gain":0,"max_hp_loss":0,"event_name":"Transmorgrifier","floor":20,"gold_loss":0,"cards_obtained":["Accuracy"]}],"is_beta":false,"boss_relics":[{"not_picked":["Tiny House","WristBlade"],"picked":"Black Star"}],"items_purged_floors":[4,10],"is_endless":false,"potions_floor_spawned":[2,16,18,21],"killed_by":"Slavers","ascension_level":2}