{"gold_per_floor":[111,111,111,29,40,40,57,68,68,83,83,83,13,32,32,129,129,142,152,77,77,28,28,28,41,41,51,51,4,4,21,21,119,119,132,132,151,166,166,166,186,186,186,198,198,198,48,68,68,68],"floor_reached":51,"playtime":1733,"items_purged":[],"score":689,"play_id":"7f9b20a5-8914-454f-96e4-a9aaf67da581","local_time":"20190216231037","is_ascension_mode":false,"campfire_choices":[{"data":"Zap","floor":6.0,"key":"SMITH"},{"data":"Streamline","floor":12.0,"key":"SMITH"},{"data":"Defragment","floor":15.0,"key":"SMITH"},{"floor":24.0,"key":"REST"},{"data":"White Noise","floor":28.0,"key":"SMITH"},{"data":"Consume","floor":30.0,"key":"SMITH"},{"floor":32.0,"key":"REST"},{"data":"Capacitor","floor":40.0,"key":"SMITH"},{"floor":42.0,"key":"REST"},{"floor":45.0,"key":"REST"},{"floor":49.0,"key":"REST"}],"neow_cost":"NONE","seed_source_timestamp":339801036077487,"circlet_count":0,"master_deck":["Strike_B","Defend_B","Defend_B","Defend_B","Defend_B","Zap+1","Dualcast","Streamline+1","Consume+1","Compile Driver","Ball Lightning","Leap","Conserve Battery","Decay","Defragment+1","White Noise+1","Seek","Coolheaded","Conserve Battery","Self Repair","Rebound","Coolheaded","Ball Lightning","Cold Snap+1","Cold Snap","Capacitor+1","Electrodynamics","Double Energy+1","Bandage Up","Steam","Ball Lightning","Conserve Battery","Conserve Battery","Echo Form","White Noise+1"],"special_seed":0,"relics":["Cracked Core"],"potions_floor_usage":[],"damage_taken":[{"damage":1.0,"enemies":"Jaw Worm","floor":1.0,"turns":4.0},{"damage":0.0,"enemies":"Cultist","floor":5.0,"turns":3.0},{"damage":4.0,"enemies":"2 Louse","floor":7.0,"turns":3.0},{"damage":27.0,"enemies":"Exordium Thugs","floor":8.0,"turns":4.0},{"damage":0.0,"enemies":"2 Fungi Beasts","floor":10.0,"turns":2.0},{"damage":0.0,"enemies":"Blue Slaver","floor":14.0,"turns":3.0},{"damage":22.0,"enemies":"The Guardian","floor":16.0,"turns":8.0},{"damage":30.0,"enemies":"2 Thieves","floor":18.0,"turns":4.0},{"damage":11.0,"enemies":"Shell Parasite","floor":19.0,"turns":5.0},{"damage":4.0,"enemies":"Snecko","floor":25.0,"turns":5.0},{"damage":16.0,"enemies":"Shelled Parasite and Fungi","floor":27.0,"turns":5.0},{"damage":14.0,"enemies":"Snake Plant","floor":31.0,"turns":4.0},{"damage":55.0,"enemies":"Automaton","floor":33.0,"turns":11.0},{"damage":8.0,"enemies":"3 Shapes","floor":35.0,"turns":3.0},{"damage":8.0,"enemies":"Orb Walker","floor":37.0,"turns":4.0},{"damage":17.0,"enemies":"Jaw Worm Horde","floor":38.0,"turns":3.0},{"damage":55.0,"enemies":"Transient","floor":41.0,"turns":5.0},{"damage":39.0,"enemies":"Spire Growth","floor":44.0,"turns":6.0},{"damage":13.0,"enemies":"Sphere and 2 Shapes","floor":48.0,"turns":4.0},{"damage":49,"enemies":"Donu and Deca","floor":50,"turns":10}],"seed_played":"1208130198859124893","potions_obtained":[{"floor":5.0,"key":"SteroidPotion"},{"floor":8.0,"key":"SkillPotion"},{"floor":10.0,"key":"Regen Potion"},{"floor":19.0,"key":"PowerPotion"},{"floor":27.0,"key":"SkillPotion"},{"floor":33.0,"key":"Strength Potion"},{"floor":35.0,"key":"FearPotion"},{"floor":41.0,"key":"Dexterity Potion"}],"is_trial":false,"path_per_floor":["M","?","?","$","M","R","M","M","T","M","?","R","$","M","R","B",null,"M","M","?","?","$","$","R","M","T","M","R","$","R","M","R","B",null,"M","?","M","M","T","R","M","R","T","M","R","?","$","M","R","B",null],"character_chosen":"DEFECT","items_purchased":["Ball Lightning","Consume","Defragment","Coolheaded","Cold Snap","Echo Form"],"campfire_rested":5,"item_purchase_floors":[4,4,13,22,29,47],"current_hp_per_floor":[81,81,81,81,81,81,77,50,50,50,50,50,50,50,50,43,82,52,41,41,41,41,41,65,68,68,59,59,59,59,45,69,14,82,81,81,77,71,71,71,27,51,51,16,40,40,40,31,55,10],"gold":68,"neow_bonus":"TEN_PERCENT_HP_BONUS","is_prod":false,"is_daily":false,"chose_seed":false,"campfire_upgraded":6,"win_rate":0,"timestamp":1550376637,"path_taken":["M","?","?","$","M","R","?","M","T","?","?","R","$","M","R","BOSS","M","M","?","?","?","$","R","M","T","M","R","$","R","M","R","BOSS","M","?","M","M","?","R","M","R","T","M","R","?","?","M","R","BOSS"],"build_version":"2019-01-23","purchased_purges":0,"victory":true,"max_hp_per_floor":[82,82,82,82,82,82,82,82,82,82,82,82,82,82,82,82,82,82,82,82,82,82,82,82,82,82,82,82,82,82,82,82,82,82,82,82,82,82,82,82,82,82,82,82,82,82,82,82,82,82],"card_choices":[{"not_picked":["Compile Driver","Stack"],"picked":"Streamline","floor":1.0},{"not_picked":["BootSequence","Blizzard"],"picked":"Compile Driver","floor":5.0},{"not_picked":["Gash","Redo"],"picked":"Ball Lightning","floor":7.0},{"not_picked":["Barrage","Streamline"],"picked":"Leap","floor":8.0},{"not_picked":["Steam","Fusion"],"picked":"Conserve Battery","floor":10.0},{"not_picked":["Consume","Melter"],"picked":"White Noise","floor":14.0},{"not_picked":["Machine Learning","Hyperbeam"],"picked":"Seek","floor":16.0},{"not_picked":["Compile Driver","Sweeping Beam"],"picked":"Coolheaded","floor":18.0},{"not_picked":["Reboot","Streamline"],"picked":"Conserve Battery","floor":19.0},{"not_picked":["Darkness","Lockon"],"picked":"Ball Lightning","floor":25.0},{"not_picked":["Redo","Melter"],"picked":"Cold Snap+1","floor":27.0},{"not_picked":["Rebound","Sweeping Beam"],"picked":"Capacitor","floor":31.0},{"not_picked":["Rainbow","All For One"],"picked":"Electrodynamics","floor":33.0},{"not_picked":["Aggregate+1","Streamline"],"picked":"Double Energy+1","floor":35.0},{"not_picked":["Flash of Steel","Forethought"],"picked":"Bandage Up","floor":36.0},{"not_picked":["Streamline+1","Redo"],"picked":"Steam","floor":37.0},{"not_picked":["Rebound","Beam Cell"],"picked":"Ball Lightning","floor":38.0},{"not_picked":["Beam Cell","Sweeping Beam"],"picked":"Conserve Battery","floor":41.0},{"not_picked":["Undo+1","Self Repair"],"picked":"Conserve Battery","floor":44.0},{"not_picked":["Conserve Battery+1","Leap"],"picked":"White Noise+1","floor":48.0}],"player_experience":466602,"relics_obtained":[],"event_choices":[{"damage_healed":0.0,"max_hp_gain":0.0,"max_hp_loss":0.0,"gold_gain":0.0,"event_name":"Scrap Ooze","player_choice":"Fled","floor":2.0,"gold_loss":0.0,"damage_taken":0.0},{"damage_healed":0.0,"max_hp_gain":0.0,"max_hp_loss":0.0,"gold_gain":0.0,"event_name":"NoteForYourself","player_choice":"Ignored","floor":3.0,"gold_loss":0.0,"damage_taken":0.0},{"damage_healed":0.0,"max_hp_gain":0.0,"max_hp_loss":0.0,"gold_gain":0.0,"event_name":"Wheel of Change","player_choice":"Cursed","floor":11.0,"gold_loss":0.0,"damage_taken":0.0,"cards_obtained":["Decay"]},{"cards_removed":["Strike_B"],"damage_healed":0.0,"max_hp_gain":0.0,"max_hp_loss":0.0,"gold_gain":0.0,"event_name":"Beggar","player_choice":"Gave Gold","floor":20.0,"gold_loss":75.0,"damage_taken":0.0},{"damage_healed":0.0,"max_hp_gain":0.0,"max_hp_loss":0.0,"gold_gain":0.0,"cards_transformed":["Strike_B","Strike_B"],"event_name":"Drug Dealer","player_choice":"Became Test Subject","floor":21.0,"gold_loss":0.0,"damage_taken":0.0,"cards_obtained":["Self Repair","Rebound"]},{"damage_healed":0.0,"max_hp_gain":0.0,"max_hp_loss":0.0,"gold_gain":0.0,"event_name":"SensoryStone","player_choice":"Memory 1","floor":36.0,"gold_loss":0.0,"damage_taken":0.0},{"cards_removed":["Ball Lightning"],"damage_healed":0.0,"max_hp_gain":0.0,"max_hp_loss":0.0,"gold_gain":0.0,"event_name":"Falling","player_choice":"Removed Attack","floor":46.0,"gold_loss":0.0,"damage_taken":0.0}],"is_beta":false,"boss_relics":[{"not_picked":[]},{"not_picked":[]}],"items_purged_floors":[],"is_endless":false,"potions_floor_spawned":[5,8,10,19,27,33,35,41],"ascension_level":0}