{"gold_per_floor":[20,20,35,47,47,62,62,74,151,185,197,197,217,247,247,352,352,369,284,100,100,31,31,56,56,56,56,86,86,105,105,105,105],"floor_reached":33,"playtime":1427,"items_purged":["Strike_B"],"score":509,"play_id":"d95f6288-2361-436e-8f86-46c58b03f96d","local_time":"20190129225815","is_ascension_mode":true,"campfire_choices":[{"data":"Chaos","floor":7,"key":"SMITH"},{"data":"Dualcast","floor":12,"key":"SMITH"},{"data":"Coolheaded","floor":15,"key":"SMITH"},{"floor":23,"key":"REST"},{"floor":25,"key":"REST"},{"floor":27,"key":"REST"},{"data":"Darkness","floor":29,"key":"SMITH"},{"data":"Sunder","floor":32,"key":"SMITH"}],"neow_cost":"NO_GOLD","seed_source_timestamp":1030780290598853,"circlet_count":0,"master_deck":["AscendersBane","Defend_B","Defend_B","Defend_B","Defend_B","Zap","Dualcast+1","Chaos+1","Leap","Sunder+1","Undo","Steam","Conserve Battery","Ball Lightning","Amplify","Steam","Conserve Battery","Coolheaded+1","Creative AI","Reboot","Auto Shields","Defragment","Darkness+1","Self Repair","Steam","Electrodynamics"],"relics":["Cracked Core","Mercury Hourglass","Unceasing Top","Vajra","Velvet Choker","Ancient Tea Set","Enchiridion","Shuriken","Mummified Hand","Sundial"],"potions_floor_usage":[10,14,14,14,14],"damage_taken":[{"damage":0,"enemies":"Jaw Worm","floor":1,"turns":4},{"damage":1,"enemies":"Cultist","floor":3,"turns":3},{"damage":0,"enemies":"2 Louse","floor":4,"turns":3},{"damage":0,"enemies":"Red Slaver","floor":6,"turns":6},{"damage":0,"enemies":"Lots of Slimes","floor":8,"turns":5},{"damage":3,"enemies":"3 Sentries","floor":10,"turns":4},{"damage":9,"enemies":"3 Louse","floor":11,"turns":2},{"damage":0,"enemies":"Exordium Thugs","floor":13,"turns":3},{"damage":0,"enemies":"Gremlin Nob","floor":14,"turns":2},{"damage":27,"enemies":"Hexaghost","floor":16,"turns":11},{"damage":30,"enemies":"3 Byrds","floor":18,"turns":4},{"damage":34,"enemies":"Slavers","floor":24,"turns":5},{"damage":19,"enemies":"Gremlin Leader","floor":28,"turns":7},{"damage":0,"enemies":"Chosen","floor":30,"turns":4},{"damage":56,"enemies":"Collector","floor":33,"turns":10}],"seed_played":"1749286900186901492","potions_obtained":[{"floor":3,"key":"Dexterity Potion"},{"floor":5,"key":"PowerPotion"},{"floor":5,"key":"EntropicBrew"},{"floor":10,"key":"Explosive Potion"},{"floor":16,"key":"SpeedPotion"},{"floor":18,"key":"SkillPotion"},{"floor":24,"key":"Fire Potion"}],"is_trial":false,"path_per_floor":["M","?","M","M","?","M","R","M","T","E","M","R","M","E","R","B",null,"M","?","$","?","$","R","E","R","T","R","E","R","M","?","R","B"],"character_chosen":"DEFECT","items_purchased":["Defragment","Darkness","Self Repair"],"campfire_rested":3,"item_purchase_floors":[20,20,22],"current_hp_per_floor":[68,68,67,67,67,67,67,67,67,64,55,55,55,55,55,28,63,33,33,33,17,17,39,12,34,34,56,44,44,51,51,51,0],"gold":105,"neow_bonus":"TRANSFORM_TWO_CARDS","is_prod":false,"is_daily":false,"chose_seed":false,"campfire_upgraded":5,"win_rate":0,"timestamp":1548820695,"path_taken":["M","?","?","M","?","M","R","M","T","E","M","R","?","E","R","BOSS","M","?","$","?","?","R","E","R","T","R","E","R","M","?","R","BOSS"],"build_version":"2019-01-23","purchased_purges":1,"victory":false,"max_hp_per_floor":[75,75,75,75,75,75,75,75,75,75,75,75,75,75,75,75,75,75,75,75,75,75,75,75,75,75,75,75,75,75,75,75,75],"card_choices":[{"not_picked":["Ball Lightning","Rebound"],"picked":"Sunder","floor":1},{"not_picked":["Streamline","Thunder Strike"],"picked":"Steam","floor":3},{"not_picked":["Compile Driver","White Noise"],"picked":"Conserve Battery","floor":4},{"not_picked":["Steam","Chill"],"picked":"Ball Lightning","floor":6},{"not_picked":["Hologram","Scrape"],"picked":"Amplify","floor":8},{"not_picked":["Barrage","Beam Cell"],"picked":"Steam","floor":10},{"not_picked":["Aggregate","Fusion"],"picked":"Conserve Battery","floor":11},{"not_picked":["Genetic Algorithm","Hologram"],"picked":"Coolheaded","floor":13},{"not_picked":["Stack","Streamline"],"picked":"Creative AI","floor":14},{"not_picked":["Thunder Strike","Core Surge"],"picked":"Reboot","floor":16},{"not_picked":["Redo","Gash"],"picked":"Auto Shields","floor":18},{"not_picked":["Streamline","Aggregate"],"picked":"Steam","floor":24},{"not_picked":["Steam Power","Steam","Barrage"],"picked":"SKIP","floor":28},{"not_picked":["Chaos","Leap+1","Stack"],"picked":"SKIP","floor":30}],"player_experience":549224,"relics_obtained":[{"floor":9,"key":"Mercury Hourglass"},{"floor":10,"key":"Unceasing Top"},{"floor":14,"key":"Vajra"},{"floor":21,"key":"Enchiridion"},{"floor":24,"key":"Shuriken"},{"floor":26,"key":"Mummified Hand"},{"floor":28,"key":"Sundial"}],"event_choices":[{"damage_healed":0,"gold_gain":0,"cards_transformed":["Strike_B"],"player_choice":"Transformed","damage_taken":0,"max_hp_gain":0,"max_hp_loss":0,"event_name":"Transmorgrifier","floor":2,"gold_loss":0,"cards_obtained":["Undo"]},{"damage_healed":0,"gold_gain":0,"player_choice":"Got Potions","damage_taken":0,"max_hp_gain":0,"max_hp_loss":0,"event_name":"Lab","floor":5,"gold_loss":0},{"damage_healed":0,"gold_gain":0,"player_choice":"Obtained Relic","damage_taken":0,"relics_obtained":["Ancient Tea Set"],"max_hp_gain":0,"max_hp_loss":0,"event_name":"Addict","floor":19,"gold_loss":85},{"damage_healed":0,"gold_gain":0,"player_choice":"Obtained Book","damage_taken":16,"max_hp_gain":0,"max_hp_loss":0,"event_name":"Cursed Tome","floor":21,"gold_loss":0},{"damage_healed":0,"gold_gain":0,"player_choice":"1 cards matched","damage_taken":0,"max_hp_gain":0,"max_hp_loss":0,"event_name":"Match and Keep!","floor":31,"gold_loss":0,"cards_obtained":["Electrodynamics"]}],"is_beta":false,"boss_relics":[{"not_picked":["Black Star","Lizard Tail"],"picked":"Velvet Choker"}],"items_purged_floors":[20],"is_endless":false,"potions_floor_spawned":[3,8,10,11,16,18,24],"killed_by":"Collector","ascension_level":12}