{"gold_per_floor":[111,128,145,159,45,45,58,58,58,58,58,75,36,54,54,157,157,173,183,200,200,10,10,10,10,37,64,77,95,111,111],"floor_reached":31,"playtime":1386,"items_purged":[],"score":276,"play_id":"ba47a900-a35f-445d-a81c-f144a13435e8","local_time":"20190102213233","is_ascension_mode":false,"campfire_choices":[{"data":"Terror","floor":6,"key":"SMITH"},{"floor":8,"key":"REST"},{"data":"Calculated Gamble","floor":11,"key":"SMITH"},{"data":"Catalyst","floor":15,"key":"SMITH"},{"floor":23,"key":"REST"},{"data":"Apotheosis","floor":25,"key":"SMITH"}],"neow_cost":"NONE","seed_source_timestamp":21534530062496,"circlet_count":0,"master_deck":["Defend_G","Defend_G","Defend_G","Defend_G","Defend_G","Strike_G","Strike_G","Strike_G","Strike_G","Survivor","Neutralize","Deadly Poison","Deflect","Calculated Gamble+1","Slice","Terror+1","Slice","Slice","Slice","Catalyst+1","Poisoned Stab","Unload","Leg Sweep+1","Bane","Apotheosis+1","Die Die Die","Deadly Poison","Deflect","Deadly Poison"],"relics":["Ring of the Snake","NeowsBlessing","Mummified Hand","Lizard Tail","Anchor","Pen Nib"],"potions_floor_usage":[16],"damage_taken":[{"damage":0,"enemies":"Small Slimes","floor":1,"turns":1},{"damage":0,"enemies":"Cultist","floor":2,"turns":1},{"damage":0,"enemies":"Jaw Worm","floor":3,"turns":1},{"damage":36,"enemies":"Exordium Thugs","floor":4,"turns":7},{"damage":0,"enemies":"Large Slime","floor":7,"turns":4},{"damage":10,"enemies":"3 Louse","floor":12,"turns":4},{"damage":0,"enemies":"2 Fungi Beasts","floor":14,"turns":2},{"damage":32,"enemies":"The Guardian","floor":16,"turns":11},{"damage":1,"enemies":"Chosen","floor":18,"turns":4},{"damage":38,"enemies":"3 Byrds","floor":19,"turns":6},{"damage":21,"enemies":"Centurion and Healer","floor":20,"turns":10},{"damage":19,"enemies":"Gremlin Leader","floor":27,"turns":4},{"damage":25,"enemies":"Sentry and Sphere","floor":28,"turns":6},{"damage":6,"enemies":"Cultist and Chosen","floor":29,"turns":4},{"damage":25,"enemies":"Centurion and Healer","floor":30,"turns":6},{"damage":6,"enemies":"Shelled Parasite and Fungi","floor":31,"turns":2}],"seed_played":"-9137943417397122509","potions_obtained":[{"floor":2,"key":"FairyPotion"},{"floor":14,"key":"LiquidBronze"},{"floor":28,"key":"LiquidBronze"},{"floor":30,"key":"SkillPotion"}],"is_trial":false,"path_per_floor":["M","M","M","M","$","R","M","R","T","?","R","M","$","M","R","B",null,"M","M","M","?","$","R","$","R","T","E","M","M","M","M"],"character_chosen":"THE_SILENT","items_purchased":["Terror","Slice","Catalyst","Apotheosis"],"campfire_rested":2,"item_purchase_floors":[5,5,13,22],"current_hp_per_floor":[70,70,70,34,34,34,34,55,55,55,55,45,45,45,45,13,70,69,31,10,10,10,31,31,31,31,12,35,29,4,0],"gold":111,"neow_bonus":"THREE_ENEMY_KILL","is_prod":false,"is_daily":false,"chose_seed":false,"campfire_upgraded":4,"win_rate":0.0,"timestamp":1546432353,"path_taken":["M","M","M","M","$","R","M","R","T","?","R","?","?","M","R","BOSS","M","M","M","?","$","R","$","R","T","E","M","M","M","M"],"build_version":"2018-12-20","purchased_purges":0,"victory":false,"max_hp_per_floor":[70,70,70,70,70,70,70,70,70,70,70,70,70,70,70,70,70,70,70,70,70,70,70,70,70,70,70,70,70,70,70],"card_choices":[{"not_picked":["Bane","Poisoned Stab"],"picked":"Deadly Poison","floor":1},{"not_picked":["Underhanded Strike","Well Laid Plans"],"picked":"Deflect","floor":2},{"not_picked":["Poisoned Stab","Prepared"],"picked":"Calculated Gamble","floor":3},{"not_picked":["Venomology","Backflip"],"picked":"Slice","floor":4},{"not_picked":["Prepared","Dodge and Roll"],"picked":"Slice","floor":7},{"not_picked":["Caltrops","Bouncing Flask"],"picked":"Slice","floor":12},{"not_picked":["Caltrops","Sucker Punch"],"picked":"Poisoned Stab","floor":14},{"not_picked":["Tools of the Trade","Storm of Steel"],"picked":"Unload","floor":16},{"not_picked":["Outmaneuver+1","Prepared","Sucker Punch"],"picked":"SKIP","floor":18},{"not_picked":["Acrobatics","Outmaneuver"],"picked":"Leg Sweep+1","floor":19},{"not_picked":["Backflip","Prepared"],"picked":"Bane","floor":20},{"not_picked":["PiercingWail","Sucker Punch"],"picked":"Die Die Die","floor":27},{"not_picked":["Outmaneuver+1","Dodge and Roll"],"picked":"Deadly Poison","floor":28},{"not_picked":["Blade Dance+1","Bouncing Flask"],"picked":"Deflect","floor":29},{"not_picked":["Deflect","Outmaneuver+1"],"picked":"Deadly Poison","floor":30}],"player_experience":53318,"relics_obtained":[{"floor":9,"key":"Mummified Hand"},{"floor":26,"key":"Anchor"},{"floor":27,"key":"Pen Nib"}],"event_choices":[{"cards_removed":["Strike_G"],"damage_healed":0,"gold_gain":0,"player_choice":"Card Removal","damage_taken":0,"max_hp_gain":0,"max_hp_loss":0,"event_name":"Wheel of Change","floor":10,"gold_loss":0},{"damage_healed":0,"gold_gain":0,"player_choice":"Ignored","damage_taken":0,"max_hp_gain":0,"max_hp_loss":0,"event_name":"N\u0027loth","floor":21,"gold_loss":0}],"is_beta":false,"boss_relics":[{"not_picked":["Astrolabe","HoveringKite"],"picked":"Lizard Tail"}],"items_purged_floors":[],"is_endless":false,"potions_floor_spawned":[2,14,28,30],"killed_by":"Shelled Parasite and Fungi","ascension_level":0}