{"gold_per_floor":[363,363,363,46,60,60,93,105,117,143,169,206,261,298,310,447,459,492,249,262,361,361,404,404,40,91,125,141,141],"floor_reached":29,"playtime":1274,"items_purged":["Strike_B","Strike_B"],"score":350,"play_id":"320da89a-33ce-4e58-8c0e-1e6879077400","local_time":"20190129232647","is_ascension_mode":true,"campfire_choices":[{"data":"Zap","floor":6,"key":"SMITH"},{"data":"Seek","floor":8,"key":"SMITH"},{"floor":15,"key":"REST"},{"floor":24,"key":"REST"}],"neow_cost":"CURSE","seed_source_timestamp":1643645834562482,"circlet_count":0,"master_deck":["Strike_B+1","Strike_B","Defend_B","Defend_B","Defend_B","Defend_B","Zap+1","Dualcast","Streamline","Seek+1","Streamline+1","Rainbow","Go for the Eyes","Seek","Sweeping Beam+1","Hologram","Beam Cell+1","Self Repair","Cold Snap","Self Repair","Pain"],"relics":["Cracked Core","Golden Idol","Membership Card","MawBank","Pear","Dodecahedron","Cursed Key","Emotion Chip","Whetstone","Dream Catcher","Medical Kit","Bronze Scales","Pen Nib","Strawberry","Oddly Smooth Stone"],"potions_floor_usage":[11,13,27,29],"damage_taken":[{"damage":1,"enemies":"Cultist","floor":1,"turns":3},{"damage":1,"enemies":"2 Louse","floor":5,"turns":2},{"damage":26,"enemies":"Lagavulin","floor":7,"turns":5},{"damage":7,"enemies":"Jaw Worm","floor":10,"turns":2},{"damage":6,"enemies":"Looter","floor":11,"turns":2},{"damage":10,"enemies":"3 Louse","floor":12,"turns":3},{"damage":14,"enemies":"Gremlin Nob","floor":13,"turns":3},{"damage":5,"enemies":"Blue Slaver","floor":14,"turns":3},{"damage":16,"enemies":"Hexaghost","floor":16,"turns":8},{"damage":16,"enemies":"Shell Parasite","floor":18,"turns":5},{"damage":31,"enemies":"2 Thieves","floor":20,"turns":3},{"damage":35,"enemies":"Slavers","floor":23,"turns":4},{"damage":27,"enemies":"Book of Stabbing","floor":27,"turns":4},{"damage":20,"enemies":"Snecko","floor":28,"turns":4},{"damage":23,"enemies":"Gremlin Leader","floor":29,"turns":4}],"seed_played":"1092139547516687846","potions_obtained":[{"floor":5,"key":"SkillPotion"},{"floor":10,"key":"Swift Potion"},{"floor":11,"key":"Fruit Juice"},{"floor":18,"key":"Energy Potion"},{"floor":23,"key":"LiquidBronze"},{"floor":27,"key":"SpeedPotion"}],"is_trial":false,"path_per_floor":["M","?","?","$","M","R","E","R","T","M","M","M","E","M","R","B",null,"M","$","M","?","?","E","R","$","T","E","M","E"],"character_chosen":"DEFECT","items_purchased":["Membership Card","Seek","Emotion Chip","Whetstone","Hologram","Cold Snap","Medical Kit","Bronze Scales","Pen Nib","Self Repair"],"campfire_rested":2,"item_purchase_floors":[4,4,19,19,19,25,25,25,25,25],"current_hp_per_floor":[74,56,56,56,55,55,29,29,39,32,31,21,7,2,29,13,90,74,74,43,43,43,8,35,35,42,29,23,0],"gold":141,"neow_bonus":"TWO_FIFTY_GOLD","is_prod":false,"is_daily":false,"chose_seed":false,"campfire_upgraded":2,"win_rate":0,"timestamp":1548833207,"path_taken":["M","?","?","$","M","R","E","R","T","M","?","M","E","M","R","BOSS","M","$","M","?","?","E","R","$","T","E","M","E"],"build_version":"2019-01-23","purchased_purges":2,"victory":false,"max_hp_per_floor":[75,75,75,75,75,75,75,75,85,85,90,90,90,90,90,90,90,90,90,90,90,90,90,90,90,97,97,97,97],"card_choices":[{"not_picked":["Conserve Battery","Rebound"],"picked":"Streamline","floor":1},{"not_picked":["Barrage","Consume"],"picked":"Streamline","floor":5},{"not_picked":["Leap","Go for the Eyes"],"picked":"Rainbow","floor":7},{"not_picked":["Tempest","Blizzard","Capacitor"],"picked":"SKIP","floor":10},{"not_picked":["Aggregate","Sunder","Compile Driver"],"picked":"SKIP","floor":11},{"not_picked":["Hologram","Gash"],"picked":"Go for the Eyes","floor":12},{"not_picked":["Steam","Streamline","Genetic Algorithm"],"picked":"SKIP","floor":13},{"not_picked":["Barrage","Gash","Hologram"],"picked":"SKIP","floor":14},{"not_picked":["All For One","Meteor Strike"],"picked":"Seek","floor":16},{"not_picked":["Beam Cell","Storm+1"],"picked":"Sweeping Beam+1","floor":18},{"not_picked":["FTL","Aggregate"],"picked":"Beam Cell+1","floor":20},{"not_picked":["Ball Lightning","Beam Cell","Force Field+1"],"picked":"SKIP","floor":23},{"not_picked":["Barrage","Streamline"],"picked":"Self Repair","floor":24},{"not_picked":["Tempest","Compile Driver","Skim"],"picked":"SKIP","floor":27},{"not_picked":["Core Surge","Go for the Eyes+1","Reprogram"],"picked":"SKIP","floor":28}],"player_experience":251003,"relics_obtained":[{"floor":7,"key":"MawBank"},{"floor":9,"key":"Pear"},{"floor":13,"key":"Dodecahedron"},{"floor":23,"key":"Dream Catcher"},{"floor":26,"key":"Strawberry"},{"floor":27,"key":"Oddly Smooth Stone"}],"event_choices":[{"damage_healed":0,"gold_gain":0,"player_choice":"Take Damage","damage_taken":18,"relics_obtained":["Golden Idol"],"max_hp_gain":0,"max_hp_loss":0,"event_name":"Golden Idol","floor":2,"gold_loss":0},{"cards_removed":["Clumsy"],"damage_healed":0,"gold_gain":0,"player_choice":"Forget","damage_taken":0,"max_hp_gain":0,"max_hp_loss":0,"event_name":"Living Wall","floor":3,"gold_loss":0},{"damage_healed":0,"gold_gain":99,"player_choice":"Stole From Cult","damage_taken":0,"max_hp_gain":0,"max_hp_loss":0,"event_name":"Nest","floor":21,"gold_loss":0},{"damage_healed":0,"gold_gain":0,"player_choice":"Ignored","damage_taken":0,"max_hp_gain":0,"max_hp_loss":0,"event_name":"Ghosts","floor":22,"gold_loss":0}],"is_beta":false,"boss_relics":[{"not_picked":["Coffee Dripper","Ectoplasm"],"picked":"Cursed Key"}],"items_purged_floors":[4,25],"is_endless":false,"potions_floor_spawned":[5,10,11,18,23,27],"killed_by":"Gremlin Leader","ascension_level":2}