{"gold_per_floor":[113,123,136,16,191,521,531,531,531,564,564,564,579,608,608,707,707,724,735,746,259,184,184,196,196,222,222],"floor_reached":27,"playtime":1205,"items_purged":["Strike_B","Strike_B"],"score":377,"play_id":"3e43b44c-d004-4913-9b32-c258301ff83f","local_time":"20190127101049","is_ascension_mode":true,"campfire_choices":[{"floor":8,"key":"REST"},{"floor":15,"key":"REST"},{"data":"Rainbow","floor":23,"key":"SMITH"},{"floor":25,"key":"REST"}],"neow_cost":"TEN_PERCENT_HP_LOSS","seed_source_timestamp":812123815437981,"circlet_count":0,"master_deck":["AscendersBane","Defend_B","Defend_B","Defend_B","Defend_B","Zap","Dualcast","Rainbow+1","Turbo","Capacitor","Cold Snap","Cold Snap","Steam","Doom and Gloom","Defragment","Darkness","Chill","Chaos","Multi-Cast","Darkness","Defragment","Redo","Capacitor","Darkness","Reinforced Body","Clumsy"],"relics":["Cracked Core","Old Coin","Pocketwatch","Nunchaku","Art of War","Cursed Key","MealTicket","Regal Pillow"],"potions_floor_usage":[7,12,14,16,18,24],"damage_taken":[{"damage":1,"enemies":"Cultist","floor":1,"turns":4},{"damage":12,"enemies":"Small Slimes","floor":2,"turns":4},{"damage":0,"enemies":"Jaw Worm","floor":3,"turns":4},{"damage":12,"enemies":"Lagavulin","floor":6,"turns":9},{"damage":14,"enemies":"3 Louse","floor":7,"turns":3},{"damage":19,"enemies":"Gremlin Nob","floor":10,"turns":4},{"damage":0,"enemies":"3 Sentries","floor":12,"turns":1},{"damage":0,"enemies":"Large Slime","floor":13,"turns":3},{"damage":17,"enemies":"Gremlin Nob","floor":14,"turns":4},{"damage":22,"enemies":"Slime Boss","floor":16,"turns":8},{"damage":6,"enemies":"3 Byrds","floor":18,"turns":4},{"damage":18,"enemies":"2 Thieves","floor":19,"turns":3},{"damage":8,"enemies":"Chosen and Byrds","floor":20,"turns":5},{"damage":20,"enemies":"Snake Plant","floor":24,"turns":4},{"damage":23,"enemies":"Cultist and Chosen","floor":27,"turns":4}],"seed_played":"-5717594393069860323","potions_obtained":[{"floor":1,"key":"SkillPotion"},{"floor":2,"key":"EssenceOfSteel"},{"floor":10,"key":"AttackPotion"},{"floor":11,"key":"SmokeBomb"},{"floor":11,"key":"FocusPotion"},{"floor":13,"key":"Fire Potion"},{"floor":16,"key":"Block Potion"},{"floor":20,"key":"Swift Potion"},{"floor":24,"key":"SkillPotion"}],"is_trial":false,"path_per_floor":["M","M","M","$","?","E","M","R","T","E","?","E","M","E","R","B",null,"M","M","M","$","?","R","M","R","T","M"],"character_chosen":"DEFECT","items_purchased":["Steam","MealTicket","FocusPotion","Capacitor","Darkness"],"campfire_rested":3,"item_purchase_floors":[4,21,21,21,21],"current_hp_per_floor":[67,55,55,55,55,43,29,49,49,30,30,30,30,13,33,11,54,48,30,22,22,22,22,2,22,22,0],"gold":222,"neow_bonus":"TRANSFORM_TWO_CARDS","is_prod":false,"is_daily":false,"chose_seed":false,"campfire_upgraded":1,"win_rate":0,"timestamp":1548601849,"path_taken":["M","?","M","$","?","E","M","R","T","E","?","E","M","E","R","BOSS","M","M","?","$","?","R","M","R","T","M"],"build_version":"2019-01-23","purchased_purges":2,"victory":false,"max_hp_per_floor":[68,68,68,68,68,68,68,68,68,68,68,68,68,68,68,68,68,68,68,68,68,68,68,68,68,68,68],"card_choices":[{"not_picked":["Skim","Barrage"],"picked":"Capacitor","floor":1},{"not_picked":["Ball Lightning","Turbo"],"picked":"Cold Snap","floor":2},{"not_picked":["Streamline","Sweeping Beam"],"picked":"Cold Snap","floor":3},{"not_picked":["Loop","Storm"],"picked":"Doom and Gloom","floor":6},{"not_picked":["Gash","Leap"],"picked":"Defragment","floor":7},{"not_picked":["White Noise","Gash"],"picked":"Darkness","floor":10},{"not_picked":["Rebound","Sweeping Beam"],"picked":"Chill","floor":13},{"not_picked":["Hello World","Rip and Tear"],"picked":"Chaos","floor":14},{"not_picked":["Machine Learning","Seek"],"picked":"Multi-Cast","floor":16},{"not_picked":["Steam","Coolheaded"],"picked":"Darkness","floor":18},{"not_picked":["Turbo","Lockon+1"],"picked":"Defragment","floor":19},{"not_picked":["Go for the Eyes","Turbo"],"picked":"Redo","floor":20},{"not_picked":["Stack+1","Fusion+1"],"picked":"Reinforced Body","floor":24}],"player_experience":496932,"relics_obtained":[{"floor":6,"key":"Old Coin"},{"floor":9,"key":"Pocketwatch"},{"floor":10,"key":"Nunchaku"},{"floor":14,"key":"Art of War"},{"floor":26,"key":"Regal Pillow"}],"event_choices":[{"damage_healed":0,"gold_gain":175,"player_choice":"AGREE","damage_taken":0,"max_hp_gain":0,"max_hp_loss":0,"event_name":"Liars Game","floor":5,"gold_loss":0,"cards_obtained":["Doubt"]},{"damage_healed":0,"gold_gain":0,"player_choice":"Got Potions","damage_taken":0,"max_hp_gain":0,"max_hp_loss":0,"event_name":"Lab","floor":11,"gold_loss":0},{"cards_removed":["Doubt"],"damage_healed":0,"gold_gain":0,"player_choice":"Gave Gold","damage_taken":0,"max_hp_gain":0,"max_hp_loss":0,"event_name":"Beggar","floor":22,"gold_loss":75}],"is_beta":false,"boss_relics":[{"not_picked":["Velvet Choker","Pandora\u0027s Box"],"picked":"Cursed Key"}],"items_purged_floors":[4,21],"is_endless":false,"potions_floor_spawned":[1,2,10,13,16,20,24],"killed_by":"Cultist and Chosen","ascension_level":11}