{"gold_per_floor":[115,115,130,130,149,178,178,206,229,229,248,267,282,457,457,457],"floor_reached":16,"playtime":362,"items_purged":[],"score":157,"play_id":"1a697e6b-eab2-4a7a-be64-4d0cea07c691","local_time":"20181220190900","is_ascension_mode":true,"campfire_choices":[{"floor":7,"key":"RECALL"},{"data":"Bash","floor":10,"key":"SMITH"},{"data":"Carnage","floor":15,"key":"SMITH"}],"neow_cost":"NONE","seed_source_timestamp":192421036417830,"circlet_count":0,"master_deck":["Strike_R","Strike_R","Strike_R","Strike_R+1","Strike_R+1","Defend_R","Defend_R","Defend_R","Defend_R","Bash+1","Pain","Corruption","Whirlwind","Warcry","Carnage+1","Doubt"],"relics":["Burning Blood","NeowsBlessing","WarpedTongs","Juzu Bracelet","Whetstone"],"potions_floor_usage":[16],"damage_taken":[{"damage":0,"enemies":"2 Louse","floor":1,"turns":1},{"damage":1,"enemies":"Cultist","floor":3,"turns":1},{"damage":1,"enemies":"Jaw Worm","floor":5,"turns":1},{"damage":20,"enemies":"3 Sentries","floor":6,"turns":5},{"damage":29,"enemies":"Gremlin Nob","floor":8,"turns":4},{"damage":2,"enemies":"Exordium Wildlife","floor":11,"turns":3},{"damage":16,"enemies":"Large Slime","floor":12,"turns":4},{"damage":22,"enemies":"3 Louse","floor":13,"turns":4},{"damage":21,"enemies":"Hexaghost","floor":16,"turns":4}],"seed_played":"3501163596846003773","potions_obtained":[{"floor":5,"key":"Energy Potion"},{"floor":8,"key":"Swift Potion"},{"floor":11,"key":"SpeedPotion"},{"floor":13,"key":"Ancient Potion"}],"is_trial":false,"path_per_floor":["M","?","M","$","M","E","R","E","T","R","M","M","M","?","R","B"],"character_chosen":"IRONCLAD","items_purchased":[],"campfire_rested":0,"item_purchase_floors":[],"current_hp_per_floor":[78,78,80,80,80,66,66,43,43,43,47,37,21,21,21,0],"gold":457,"neow_bonus":"THREE_ENEMY_KILL","is_prod":false,"is_daily":false,"chose_seed":false,"campfire_upgraded":2,"win_rate":0,"timestamp":1545350940,"path_taken":["M","?","M","?","?","E","R","E","T","R","M","M","M","?","R","BOSS"],"build_version":"2018-12-13","purchased_purges":0,"victory":false,"max_hp_per_floor":[80,80,80,80,80,80,80,80,80,80,80,80,80,80,80,80],"card_choices":[{"not_picked":["Perfected Strike","Wild Strike","Entrench"],"picked":"SKIP","floor":1},{"not_picked":["Whirlwind","Twin Strike"],"picked":"Corruption","floor":3},{"not_picked":["Flex","Thunderclap"],"picked":"Whirlwind","floor":5},{"not_picked":["Sword Boomerang","Evolve","Dual Wield"],"picked":"SKIP","floor":6},{"not_picked":["Feed","Sword Boomerang","Thunderclap"],"picked":"SKIP","floor":8},{"not_picked":["Anger","Bloodletting","Clash"],"picked":"SKIP","floor":11},{"not_picked":["Berserk","Wild Strike"],"picked":"Warcry","floor":12},{"not_picked":["Twin Strike","Pommel Strike"],"picked":"Carnage","floor":13}],"player_experience":302995,"relics_obtained":[{"floor":6,"key":"Juzu Bracelet"},{"floor":8,"key":"Whetstone"}],"event_choices":[{"damage_healed":0,"gold_gain":0,"player_choice":"Rummage","damage_taken":0,"relics_obtained":["WarpedTongs"],"max_hp_gain":0,"max_hp_loss":0,"event_name":"Accursed Blacksmith","floor":2,"gold_loss":0,"cards_obtained":["Pain"]},{"damage_healed":0,"gold_gain":175,"player_choice":"AGREE","damage_taken":0,"max_hp_gain":0,"max_hp_loss":0,"event_name":"Liars Game","floor":14,"gold_loss":0,"cards_obtained":["Doubt"]}],"is_beta":false,"boss_relics":[],"items_purged_floors":[],"is_endless":false,"potions_floor_spawned":[5,8,11,13],"killed_by":"Hexaghost","ascension_level":8}