{"gold_per_floor":[119,119,139,157,332,332,358,358,358,376,376,406,148,118,118,190,190,209,219,219],"floor_reached":20,"playtime":1116,"items_purged":["Doubt"],"score":309,"play_id":"062cbc36-e94a-4d57-b47d-7824ea477171","local_time":"20190211103957","is_ascension_mode":true,"campfire_choices":[{"data":"Glacier","floor":6,"key":"SMITH"},{"data":"Fission","floor":8,"key":"SMITH"},{"data":"Dualcast","floor":11,"key":"SMITH"},{"data":"Redo","floor":15,"key":"SMITH"}],"neow_cost":"NONE","seed_source_timestamp":2110083071887868,"circlet_count":0,"master_deck":["AscendersBane","Strike_B","Strike_B","Defend_B+1","Defend_B","Defend_B","Defend_B","Zap+1","Dualcast+1","Conserve Battery","Conserve Battery","Glacier+1","Fission+1","Undo","Redo+1","Capacitor","Gash","Core Surge","Conserve Battery+1","Cold Snap+1"],"relics":["Eternal Feather","Sundial","Dodecahedron","Art of War","Bronze Scales","Empty Cage"],"potions_floor_usage":[4,7,7,7,20],"damage_taken":[{"damage":5,"enemies":"Small Slimes","floor":1,"turns":4},{"damage":8,"enemies":"2 Louse","floor":3,"turns":3},{"damage":2,"enemies":"Cultist","floor":4,"turns":5},{"damage":16,"enemies":"3 Sentries","floor":7,"turns":10},{"damage":13,"enemies":"Lots of Slimes","floor":10,"turns":8},{"damage":9,"enemies":"Lagavulin","floor":12,"turns":14},{"damage":0,"enemies":"Looter","floor":14,"turns":4},{"damage":21,"enemies":"The Guardian","floor":16,"turns":14},{"damage":0,"enemies":"Shell Parasite","floor":18,"turns":12},{"damage":9,"enemies":"3 Byrds","floor":19,"turns":3},{"damage":54,"enemies":"3 Cultists","floor":20,"turns":7}],"seed_played":"8008367500884191875","potions_obtained":[{"floor":1,"key":"Swift Potion"},{"floor":3,"key":"Regen Potion"},{"floor":4,"key":"EntropicBrew"},{"floor":18,"key":"FocusPotion"}],"is_trial":false,"path_per_floor":["M","?","M","M","?","R","E","R","T","M","R","E","$","M","R","B",null,"M","M","M"],"character_chosen":"DEFECT","items_purchased":["Capacitor","Bronze Scales"],"campfire_rested":0,"item_purchase_floors":[13,13],"current_hp_per_floor":[59,45,37,49,49,58,42,51,51,38,47,38,38,38,47,26,60,60,51,0],"gold":219,"neow_bonus":"BOSS_RELIC","is_prod":false,"is_daily":false,"chose_seed":false,"campfire_upgraded":4,"win_rate":0,"timestamp":1549899597,"path_taken":["M","?","M","M","?","R","E","R","T","M","R","E","$","M","R","BOSS","M","M","M"],"build_version":"2019-01-23","purchased_purges":1,"victory":false,"max_hp_per_floor":[71,71,71,71,71,71,71,71,71,71,71,71,71,71,71,71,71,71,71,71],"card_choices":[{"not_picked":["Double Energy","Reinforced Body"],"picked":"Conserve Battery","floor":1},{"not_picked":["Turbo","Compile Driver"],"picked":"Conserve Battery","floor":3},{"not_picked":["FTL","Melter"],"picked":"Glacier","floor":4},{"not_picked":["Thunder Strike","BootSequence"],"picked":"Fission","floor":7},{"not_picked":["Scrape","Double Energy"],"picked":"Undo","floor":10},{"not_picked":["Steam Power","Force Field"],"picked":"Redo","floor":12},{"not_picked":["Beam Cell","Auto Shields"],"picked":"Gash","floor":14},{"not_picked":["Meteor Strike","Fission"],"picked":"Core Surge","floor":16},{"not_picked":["Aggregate","Rip and Tear"],"picked":"Conserve Battery+1","floor":18},{"not_picked":["Glacier","Compile Driver"],"picked":"Cold Snap+1","floor":19}],"player_experience":729485,"relics_obtained":[{"floor":7,"key":"Sundial"},{"floor":9,"key":"Dodecahedron"},{"floor":12,"key":"Art of War"}],"event_choices":[{"damage_healed":0,"gold_gain":0,"player_choice":"Entered Light","damage_taken":14,"max_hp_gain":0,"max_hp_loss":0,"event_name":"Shining Light","floor":2,"gold_loss":0,"cards_upgraded":["Zap","Defend_B"]},{"damage_healed":0,"gold_gain":175,"player_choice":"AGREE","damage_taken":0,"max_hp_gain":0,"max_hp_loss":0,"event_name":"Liars Game","floor":5,"gold_loss":0,"cards_obtained":["Doubt"]}],"is_beta":false,"boss_relics":[{"not_picked":["Tiny House","Philosopher\u0027s Stone"],"picked":"Empty Cage"}],"items_purged_floors":[13],"is_endless":false,"potions_floor_spawned":[1,3,4,18],"killed_by":"3 Cultists","ascension_level":14}