{"gold_per_floor":[111,121,121,121,46,46,57,69,94,94,109,119,119,135,135,238,238,252,272,272,110,122,122,136,136,136,152,152,167,0,17,17,116,116,133,133,133,148,163,163,163,163,163,163,176,76,28,41,41,41],"floor_reached":50,"playtime":1687,"items_purged":["Strike_R","Doubt"],"score":438,"play_id":"5444d2e6-5e03-475f-abf6-262c9669b6ba","local_time":"20190301201530","is_ascension_mode":false,"campfire_choices":[{"data":"Armaments","floor":6,"key":"SMITH"},{"data":"Hemokinesis","floor":10,"key":"SMITH"},{"data":"True Grit","floor":13,"key":"SMITH"},{"data":"Bash","floor":15,"key":"SMITH"},{"data":"Inflame","floor":23,"key":"SMITH"},{"data":"Uppercut","floor":25,"key":"SMITH"},{"floor":32,"key":"REST"},{"floor":40,"key":"REST"},{"floor":42,"key":"REST"},{"floor":49,"key":"REST"}],"neow_cost":"NONE","seed_source_timestamp":897239004720424,"circlet_count":0,"master_deck":["Strike_R+1","Strike_R+1","Strike_R+1","Defend_R+1","Defend_R+1","Defend_R+1","Bash+1","Armaments+1","Hemokinesis+1","True Grit+1","Anger","Impervious","Uppercut+1","Whirlwind","Inflame+1","Headbutt+1","True Grit","Blood for Blood","Metallicize","Fiend Fire","Parasite","Dark Shackles","Rupture"],"relics":["Busted Crown"],"potions_floor_usage":[22,31,33,33,45,50,50,50],"damage_taken":[{"damage":1,"enemies":"Jaw Worm","floor":1,"turns":3},{"damage":3,"enemies":"Small Slimes","floor":2,"turns":4},{"damage":3,"enemies":"Cultist","floor":7,"turns":2},{"damage":2,"enemies":"3 Louse","floor":8,"turns":3},{"damage":2,"enemies":"Blue Slaver","floor":11,"turns":3},{"damage":2,"enemies":"Exordium Wildlife","floor":12,"turns":3},{"damage":2,"enemies":"Gremlin Gang","floor":14,"turns":4},{"damage":34,"enemies":"Hexaghost","floor":16,"turns":9},{"damage":17,"enemies":"3 Byrds","floor":18,"turns":7},{"damage":13,"enemies":"Spheric Guardian","floor":19,"turns":5},{"damage":0,"enemies":"Snake Plant","floor":22,"turns":4},{"damage":2,"enemies":"3 Cultists","floor":24,"turns":5},{"damage":11,"enemies":"Centurion and Healer","floor":27,"turns":3},{"damage":5,"enemies":"Snake Plant","floor":29,"turns":3},{"damage":2,"enemies":"Snecko","floor":31,"turns":2},{"damage":42,"enemies":"Champ","floor":33,"turns":10},{"damage":21,"enemies":"3 Shapes","floor":35,"turns":5},{"damage":24,"enemies":"3 Darklings","floor":38,"turns":5},{"damage":34,"enemies":"Writhing Mass","floor":39,"turns":7},{"damage":20,"enemies":"Sphere and 2 Shapes","floor":45,"turns":10},{"damage":31,"enemies":"4 Shapes","floor":48,"turns":6},{"damage":62,"enemies":"Awakened One","floor":50,"turns":5}],"seed_played":"5834144163325080662","potions_obtained":[{"floor":7,"key":"BloodPotion"},{"floor":8,"key":"Ancient Potion"},{"floor":11,"key":"Swift Potion"},{"floor":16,"key":"SteroidPotion"},{"floor":29,"key":"AttackPotion"},{"floor":38,"key":"SteroidPotion"},{"floor":39,"key":"GamblersBrew"},{"floor":48,"key":"LiquidBronze"}],"is_trial":false,"path_per_floor":["M","M","?","?","$","R","M","M","T","R","M","M","R","M","R","B",null,"M","M","?","$","M","R","M","R","T","M","?","M","$","M","R","B",null,"M","?","?","M","M","R","?","R","T","?","M","$","$","M","R","B"],"character_chosen":"IRONCLAD","items_purchased":["Whirlwind","Inflame","True Grit","Blood for Blood","Metallicize","AttackPotion"],"campfire_rested":4,"item_purchase_floors":[21,21,30,30,30,47],"current_hp_per_floor":[79,76,76,76,76,76,73,71,71,71,69,67,67,65,65,31,80,63,50,50,50,58,58,56,56,56,45,30,25,25,23,48,6,85,64,64,64,40,6,31,31,56,56,85,65,65,65,34,59,0],"gold":41,"neow_bonus":"BOSS_RELIC","is_prod":false,"is_daily":false,"chose_seed":false,"campfire_upgraded":6,"win_rate":0,"timestamp":1551489330,"path_taken":["M","M","?","?","$","R","M","M","T","R","M","M","R","?","R","BOSS","M","M","?","$","M","R","M","R","T","M","?","M","$","M","R","BOSS","M","?","?","?","M","R","?","R","T","?","M","?","$","M","R","BOSS"],"build_version":"2019-01-23","purchased_purges":2,"victory":false,"max_hp_per_floor":[80,80,80,80,80,80,80,80,80,80,80,80,80,80,80,80,80,80,80,80,80,80,80,80,80,80,80,85,85,85,85,85,85,85,85,85,85,85,85,85,85,85,85,85,85,85,85,85,85,85],"card_choices":[{"not_picked":[],"picked":"Armaments","floor":1},{"not_picked":[],"picked":"Hemokinesis","floor":2},{"not_picked":["Seeing Red"],"picked":"SKIP","floor":7},{"not_picked":["Perfected Strike"],"picked":"SKIP","floor":8},{"not_picked":[],"picked":"Iron Wave","floor":11},{"not_picked":[],"picked":"Anger","floor":12},{"not_picked":["Searing Blow"],"picked":"SKIP","floor":14},{"not_picked":[],"picked":"Impervious","floor":16},{"not_picked":[],"picked":"Uppercut","floor":18},{"not_picked":["Twin Strike"],"picked":"SKIP","floor":19},{"not_picked":[],"picked":"Headbutt+1","floor":22},{"not_picked":["Sword Boomerang"],"picked":"SKIP","floor":24},{"not_picked":["Carnage"],"picked":"SKIP","floor":27},{"not_picked":["Reckless Charge"],"picked":"SKIP","floor":29},{"not_picked":["Sword Boomerang"],"picked":"SKIP","floor":31},{"not_picked":[],"picked":"Fiend Fire","floor":33},{"not_picked":["Warcry"],"picked":"SKIP","floor":35},{"not_picked":["Havoc"],"picked":"SKIP","floor":38},{"not_picked":["Perfected Strike+1"],"picked":"SKIP","floor":39},{"not_picked":[],"picked":"Dark Shackles","floor":41},{"not_picked":["Perfected Strike+1"],"picked":"SKIP","floor":45},{"not_picked":[],"picked":"Rupture","floor":48}],"player_experience":859803,"relics_obtained":[],"event_choices":[{"damage_healed":0,"gold_gain":0,"cards_transformed":["Strike_R"],"player_choice":"Change","damage_taken":0,"max_hp_gain":0,"max_hp_loss":0,"event_name":"Living Wall","floor":3,"gold_loss":0,"cards_obtained":["True Grit"]},{"cards_removed":["Defend_R"],"damage_healed":0,"gold_gain":0,"player_choice":"Offered Basic","damage_taken":0,"max_hp_gain":0,"max_hp_loss":0,"event_name":"Bonfire Elementals","floor":4,"gold_loss":0},{"damage_healed":0,"gold_gain":0,"player_choice":"Simplicity","damage_taken":0,"max_hp_gain":0,"max_hp_loss":0,"event_name":"Back to Basics","floor":20,"gold_loss":0,"cards_upgraded":["Strike_R","Strike_R","Strike_R","Defend_R","Defend_R","Defend_R"]},{"damage_healed":0,"gold_gain":0,"player_choice":"Shed Blood","damage_taken":20,"max_hp_gain":5,"max_hp_loss":0,"event_name":"Forgotten Altar","floor":28,"gold_loss":0},{"damage_healed":0,"gold_gain":0,"player_choice":"Ignored","damage_taken":0,"max_hp_gain":0,"max_hp_loss":0,"event_name":"Tomb of Lord Red Mask","floor":36,"gold_loss":0},{"cards_removed":["Iron Wave"],"damage_healed":0,"gold_gain":0,"player_choice":"Purged","damage_taken":0,"max_hp_gain":0,"max_hp_loss":0,"event_name":"Purifier","floor":37,"gold_loss":0},{"damage_healed":0,"gold_gain":0,"player_choice":"Memory 1","damage_taken":0,"max_hp_gain":0,"max_hp_loss":0,"event_name":"SensoryStone","floor":41,"gold_loss":0},{"damage_healed":29,"gold_gain":0,"player_choice":"Heal","damage_taken":0,"max_hp_gain":0,"max_hp_loss":0,"event_name":"MindBloom","floor":44,"gold_loss":0,"cards_obtained":["Doubt"]}],"is_beta":false,"boss_relics":[{"not_picked":[]},{"not_picked":["Cursed Key","Snecko Eye","White Beast Statue"]}],"items_purged_floors":[5,46],"is_endless":false,"potions_floor_spawned":[7,8,11,16,29,38,39,48],"killed_by":"Awakened One","ascension_level":0}