{"gold_per_floor":[10,24,24,24,99,99,127,127,152,152,166,184,198,56,56,56],"floor_reached":16,"playtime":375,"items_purged":["Defend_B"],"score":130,"play_id":"71c675af-d1cf-4569-9658-7ba515d83cb7","local_time":"20190114203521","is_ascension_mode":true,"campfire_choices":[{"data":"Dualcast","floor":6,"key":"SMITH"},{"data":"Strike_B","floor":8,"key":"SMITH"},{"floor":15,"key":"REST"}],"neow_cost":"NO_GOLD","seed_source_timestamp":441741006172885,"circlet_count":0,"master_deck":["Strike_B","Strike_B+1","Defend_B","Defend_B","Defend_B+1","Zap+1","Dualcast+1","Genetic Algorithm","Defragment"],"relics":["Cracked Core","Incense Burner","DataDisk"],"potions_floor_usage":[7],"damage_taken":[{"damage":16,"enemies":"Small Slimes","floor":1,"turns":3},{"damage":2,"enemies":"Jaw Worm","floor":2,"turns":3},{"damage":22,"enemies":"Lagavulin","floor":7,"turns":6},{"damage":0,"enemies":"Cultist","floor":11,"turns":2},{"damage":4,"enemies":"Looter","floor":12,"turns":3},{"damage":11,"enemies":"Large Slime","floor":13,"turns":5},{"damage":35,"enemies":"Slime Boss","floor":16,"turns":6}],"seed_played":"7910141483105114022","potions_obtained":[{"floor":2,"key":"PowerPotion"}],"is_trial":false,"path_per_floor":["M","M","?","?","?","R","E","R","T","?","M","M","M","$","R","B"],"character_chosen":"DEFECT","items_purchased":["Defragment"],"campfire_rested":1,"item_purchase_floors":[14],"current_hp_per_floor":[52,50,35,60,49,49,27,27,27,27,27,23,12,12,34,0],"gold":56,"neow_bonus":"REMOVE_TWO","is_prod":false,"is_daily":false,"chose_seed":false,"campfire_upgraded":2,"win_rate":0,"timestamp":1547516121,"path_taken":["M","M","?","?","?","R","E","R","T","?","M","M","?","$","R","BOSS"],"build_version":"2019-01-10","purchased_purges":1,"victory":false,"max_hp_per_floor":[75,75,75,75,75,75,75,75,75,75,75,75,75,75,75,75],"card_choices":[{"not_picked":["Streamline","Stack","Chaos"],"picked":"SKIP","floor":1},{"not_picked":["Stack","Cold Snap","Ball Lightning"],"picked":"SKIP","floor":2},{"not_picked":["Streamline","Rip and Tear","Seek"],"picked":"SKIP","floor":7},{"not_picked":["Hello World","Double Energy","Redo"],"picked":"SKIP","floor":11},{"not_picked":["Beam Cell","Leap","Ball Lightning"],"picked":"SKIP","floor":12},{"not_picked":["Steam Power","Redo"],"picked":"Genetic Algorithm","floor":13}],"player_experience":373880,"relics_obtained":[{"floor":7,"key":"Incense Burner"},{"floor":9,"key":"DataDisk"}],"event_choices":[{"damage_healed":0,"gold_gain":0,"player_choice":"Entered Light","damage_taken":15,"max_hp_gain":0,"max_hp_loss":0,"event_name":"Shining Light","floor":3,"gold_loss":0,"cards_upgraded":["Zap","Defend_B"]},{"damage_healed":25,"gold_gain":0,"player_choice":"Banana","damage_taken":0,"max_hp_gain":0,"max_hp_loss":0,"event_name":"Big Fish","floor":4,"gold_loss":0},{"damage_healed":0,"gold_gain":75,"player_choice":"Gather Gold","damage_taken":11,"max_hp_gain":0,"max_hp_loss":0,"event_name":"World of Goop","floor":5,"gold_loss":0},{"damage_healed":0,"gold_gain":0,"player_choice":"Ignored","damage_taken":0,"max_hp_gain":0,"max_hp_loss":0,"event_name":"WeMeetAgain","floor":10,"gold_loss":0}],"is_beta":false,"boss_relics":[],"items_purged_floors":[14],"is_endless":false,"potions_floor_spawned":[2],"killed_by":"Slime Boss","ascension_level":6}