{"gold_per_floor":[118,135,135,135,135,179,179,21,21,37,61,80,120,135,135,230,230,248,26,26,39,39],"floor_reached":22,"playtime":745,"items_purged":[],"score":467,"play_id":"67ee1653-7ff0-40bd-a3a3-86410f3c43f1","local_time":"20190216140909","is_ascension_mode":true,"campfire_choices":[{"data":"True Grit","floor":7,"key":"SMITH"},{"data":"Limit Break","floor":15,"key":"SMITH"}],"neow_cost":"NONE","seed_source_timestamp":104935076021905,"circlet_count":0,"master_deck":["AscendersBane","Defend_R","Defend_R","Defend_R","Defend_R","Bash+1","True Grit+1","Shrug It Off","Uppercut","Sword Boomerang","Cleave","True Grit","Limit Break+1","Inflame","Berserk","Bite","Bite","Bite","Bite","Bite"],"relics":["Burning Blood","NeowsBlessing","Ancient Tea Set","Golden Idol","Vajra","Oddly Smooth Stone","Girya","Champion Belt","Busted Crown","OrangePellets"],"potions_floor_usage":[14,16,16],"damage_taken":[{"damage":0,"enemies":"Jaw Worm","floor":1,"turns":1},{"damage":0,"enemies":"Small Slimes","floor":2,"turns":1},{"damage":0,"enemies":"Gremlin Nob","floor":6,"turns":1},{"damage":0,"enemies":"2 Louse","floor":10,"turns":3},{"damage":5,"enemies":"Large Slime","floor":11,"turns":6},{"damage":8,"enemies":"Exordium Thugs","floor":12,"turns":4},{"damage":11,"enemies":"3 Sentries","floor":13,"turns":8},{"damage":0,"enemies":"3 Louse","floor":14,"turns":3},{"damage":10,"enemies":"The Guardian","floor":16,"turns":11},{"damage":20,"enemies":"Shell Parasite","floor":18,"turns":5},{"damage":0,"enemies":"Chosen","floor":21,"turns":5},{"damage":53,"enemies":"Masked Bandits","floor":22,"turns":3}],"seed_played":"8440297245882408001","potions_obtained":[{"floor":2,"key":"Swift Potion"},{"floor":10,"key":"Ancient Potion"},{"floor":14,"key":"SpeedPotion"},{"floor":16,"key":"Dexterity Potion"}],"is_trial":false,"path_per_floor":["M","M","?","?","?","E","R","$","T","M","M","M","E","M","R","B",null,"M","$","?","M","?"],"character_chosen":"IRONCLAD","items_purchased":["Oddly Smooth Stone","OrangePellets"],"campfire_rested":0,"item_purchase_floors":[8,19],"current_hp_per_floor":[74,75,49,26,26,32,32,32,32,38,39,37,32,38,38,34,60,46,46,46,47,0],"gold":39,"neow_bonus":"THREE_ENEMY_KILL","is_prod":false,"is_daily":false,"chose_seed":false,"campfire_upgraded":2,"win_rate":0,"timestamp":1550344149,"path_taken":["M","M","?","?","?","E","R","$","T","?","M","M","E","M","R","BOSS","M","$","?","M","?"],"build_version":"2019-01-23","purchased_purges":0,"victory":false,"max_hp_per_floor":[75,75,75,75,68,68,68,68,68,68,68,68,68,68,68,68,68,68,68,47,47,47],"card_choices":[{"not_picked":["Dropkick","Flex"],"picked":"True Grit","floor":1},{"not_picked":["Heavy Blade","Body Slam"],"picked":"Shrug It Off","floor":2},{"not_picked":["Clothesline","Intimidate"],"picked":"Uppercut","floor":6},{"not_picked":["Flex","Perfected Strike"],"picked":"Sword Boomerang","floor":10},{"not_picked":["Twin Strike","Clash"],"picked":"Cleave","floor":11},{"not_picked":["Uppercut","Bloodletting"],"picked":"True Grit","floor":12},{"not_picked":["Battle Trance","Evolve"],"picked":"Limit Break","floor":13},{"not_picked":["Rampage","Dropkick"],"picked":"Inflame","floor":14},{"not_picked":["Limit Break","Dark Embrace"],"picked":"Berserk","floor":16},{"not_picked":["Sever Soul"],"picked":"SKIP","floor":18},{"not_picked":["Flex"],"picked":"SKIP","floor":21}],"player_experience":776353,"relics_obtained":[{"floor":6,"key":"Vajra"},{"floor":9,"key":"Girya"},{"floor":13,"key":"Champion Belt"}],"event_choices":[{"damage_healed":0,"gold_gain":0,"player_choice":"Success","damage_taken":26,"relics_obtained":["Ancient Tea Set"],"max_hp_gain":0,"max_hp_loss":0,"event_name":"Scrap Ooze","floor":3,"gold_loss":0},{"damage_healed":0,"gold_gain":0,"player_choice":"Entered Light","damage_taken":23,"max_hp_gain":0,"max_hp_loss":0,"event_name":"Shining Light","floor":4,"gold_loss":0,"cards_upgraded":["Strike_R","Bash"]},{"damage_healed":0,"gold_gain":0,"player_choice":"Lose Max HP","damage_taken":0,"relics_obtained":["Golden Idol"],"max_hp_gain":0,"max_hp_loss":7,"event_name":"Golden Idol","floor":5,"gold_loss":0},{"damage_healed":0,"gold_gain":0,"player_choice":"Became a vampire","damage_taken":0,"max_hp_gain":0,"max_hp_loss":21,"event_name":"Vampires","floor":20,"gold_loss":0,"cards_obtained":["Bite","Bite","Bite","Bite","Bite"]},{"damage_healed":0,"gold_gain":0,"player_choice":"Fought Bandits","damage_taken":0,"max_hp_gain":0,"max_hp_loss":0,"event_name":"Masked Bandits","floor":22,"gold_loss":0}],"is_beta":false,"boss_relics":[{"not_picked":["Philosopher\u0027s Stone","Snecko Eye"],"picked":"Busted Crown"}],"items_purged_floors":[],"is_endless":false,"potions_floor_spawned":[2,10,14,16],"killed_by":"Masked Bandits","ascension_level":20}