{"gold_per_floor":[112,287,302,135,135,135,170,170,196,222,222,240,240,258,258,258],"floor_reached":16,"playtime":513,"items_purged":["Doubt"],"score":185,"play_id":"281ff113-f3f3-49f2-abcb-b127678068ec","local_time":"20190216075821","is_ascension_mode":true,"campfire_choices":[{"data":"Zap","floor":6,"key":"SMITH"},{"data":"Dualcast","floor":8,"key":"SMITH"},{"data":"Self Repair","floor":11,"key":"SMITH"},{"data":"Flash of Steel","floor":13,"key":"SMITH"},{"data":"Cold Snap","floor":15,"key":"SMITH"}],"neow_cost":"NONE","seed_source_timestamp":189566743155861,"circlet_count":0,"master_deck":["AscendersBane","Strike_B","Strike_B","Strike_B","Strike_B","Defend_B","Defend_B","Defend_B","Defend_B","Zap+1","Dualcast+1","Self Repair+1","Flash of Steel+1","Cold Snap+1"],"relics":["Cracked Core","NeowsBlessing","Golden Idol","Question Card","Smiling Mask","Odd Mushroom"],"potions_floor_usage":[16,16],"damage_taken":[{"damage":0,"enemies":"Small Slimes","floor":1,"turns":1},{"damage":0,"enemies":"Jaw Worm","floor":3,"turns":1},{"damage":0,"enemies":"Lagavulin","floor":7,"turns":2},{"damage":23,"enemies":"The Mushroom Lair","floor":10,"turns":5},{"damage":2,"enemies":"2 Louse","floor":12,"turns":2},{"damage":18,"enemies":"Large Slime","floor":14,"turns":5},{"damage":44,"enemies":"Slime Boss","floor":16,"turns":9}],"seed_played":"-883912152754746992","potions_obtained":[{"floor":1,"key":"SpeedPotion"},{"floor":12,"key":"LiquidBronze"}],"is_trial":false,"path_per_floor":["M","?","M","$","?","R","E","R","T","?","R","M","R","M","R","B"],"character_chosen":"DEFECT","items_purchased":["Flash of Steel"],"campfire_rested":0,"item_purchase_floors":[4],"current_hp_per_floor":[68,68,68,68,50,50,57,57,57,41,41,49,49,41,41,0],"gold":258,"neow_bonus":"THREE_ENEMY_KILL","is_prod":false,"is_daily":false,"chose_seed":false,"campfire_upgraded":5,"win_rate":0,"timestamp":1550332701,"path_taken":["M","?","M","$","?","R","E","R","T","?","R","?","R","M","R","BOSS"],"build_version":"2019-01-23","purchased_purges":1,"victory":false,"max_hp_per_floor":[75,75,75,75,75,75,75,75,75,75,75,75,75,75,75,75],"card_choices":[{"not_picked":["Turbo","Scrape"],"picked":"Self Repair","floor":1},{"not_picked":["Compile Driver","Storm","Gash"],"picked":"SKIP","floor":3},{"not_picked":["Doom and Gloom","Heatsinks","Sweeping Beam"],"picked":"SKIP","floor":7},{"not_picked":["Rebound","Static Discharge","Double Energy"],"picked":"Cold Snap","floor":10},{"not_picked":["Melter","Blizzard","Static Discharge","Ball Lightning"],"picked":"SKIP","floor":12},{"not_picked":["Skim","Beam Cell","Ball Lightning","Stack"],"picked":"SKIP","floor":14}],"player_experience":392116,"relics_obtained":[{"floor":7,"key":"Question Card"},{"floor":9,"key":"Smiling Mask"},{"floor":10,"key":"Odd Mushroom"}],"event_choices":[{"damage_healed":0,"gold_gain":175,"player_choice":"AGREE","damage_taken":0,"max_hp_gain":0,"max_hp_loss":0,"event_name":"Liars Game","floor":2,"gold_loss":0,"cards_obtained":["Doubt"]},{"damage_healed":0,"gold_gain":0,"player_choice":"Take Damage","damage_taken":18,"relics_obtained":["Golden Idol"],"max_hp_gain":0,"max_hp_loss":0,"event_name":"Golden Idol","floor":5,"gold_loss":0},{"damage_healed":0,"gold_gain":0,"player_choice":"Fought Mushrooms","damage_taken":0,"max_hp_gain":0,"max_hp_loss":0,"event_name":"Mushrooms","floor":10,"gold_loss":0}],"is_beta":false,"boss_relics":[],"items_purged_floors":[4],"is_endless":false,"potions_floor_spawned":[1,12],"killed_by":"Slime Boss","ascension_level":10}