{"gold_per_floor":[119,138,62,76,96,96,175,195,266,266,278,293,293,308,308,308],"floor_reached":16,"playtime":370,"items_purged":[],"score":96,"play_id":"58b38621-6acb-4903-8342-be687142a206","local_time":"20190111234603","is_ascension_mode":false,"campfire_choices":[{"data":"Predator","floor":6,"key":"SMITH"},{"data":"All Out Attack","floor":10,"key":"SMITH"},{"data":"Dagger Spray","floor":15,"key":"SMITH"}],"neow_cost":"NONE","seed_source_timestamp":6911961508229,"circlet_count":0,"master_deck":["Defend_G","Defend_G","Defend_G","Defend_G","Defend_G","Strike_G","Strike_G","Strike_G","Strike_G","Strike_G","Survivor","Neutralize","All Out Attack+1","Dagger Spray+1","Predator+1","Footwork","PiercingWail","Deflect"],"relics":["Ring of the Snake","Darkstone Periapt"],"potions_floor_usage":[],"damage_taken":[{"damage":0,"enemies":"2 Louse","floor":1,"turns":3},{"damage":11,"enemies":"Jaw Worm","floor":2,"turns":2},{"damage":0,"enemies":"Small Slimes","floor":4,"turns":2},{"damage":9,"enemies":"3 Louse","floor":5,"turns":2},{"damage":9,"enemies":"2 Fungi Beasts","floor":8,"turns":2},{"damage":14,"enemies":"Exordium Thugs","floor":11,"turns":5},{"damage":0,"enemies":"3 Louse","floor":12,"turns":3},{"damage":4,"enemies":"Gremlin Gang","floor":14,"turns":4},{"damage":0,"enemies":"The Guardian","floor":16,"turns":1}],"seed_played":"4210143238632043727","potions_obtained":[{"floor":1,"key":"LiquidBronze"},{"floor":4,"key":"EssenceOfSteel"},{"floor":12,"key":"EssenceOfSteel"}],"is_trial":false,"path_per_floor":["M","M","$","M","M","R","?","M","T","R","M","M","?","M","R","B"],"character_chosen":"THE_SILENT","items_purchased":["Predator"],"campfire_rested":0,"item_purchase_floors":[3],"current_hp_per_floor":[77,66,66,66,57,57,57,48,48,48,34,34,34,30,30,30],"gold":308,"neow_bonus":"TEN_PERCENT_HP_BONUS","is_prod":false,"is_daily":false,"chose_seed":false,"campfire_upgraded":3,"win_rate":0,"timestamp":1547217963,"path_taken":["M","M","$","M","M","R","?","M","T","R","M","M","?","M","R","BOSS"],"build_version":"2019-01-10","purchased_purges":0,"victory":false,"max_hp_per_floor":[77,77,77,77,77,77,77,77,77,77,77,77,77,77,77,77],"card_choices":[{"not_picked":["Dodge and Roll","Quick Slash"],"picked":"All Out Attack","floor":1},{"not_picked":["Dagger Throw","Backflip"],"picked":"Dagger Spray","floor":2},{"not_picked":["Sucker Punch","Deflect"],"picked":"Footwork","floor":4},{"not_picked":["Sucker Punch","Corpse Explosion"],"picked":"PiercingWail","floor":5},{"not_picked":["Masterful Stab","Underhanded Strike","Bane"],"picked":"SKIP","floor":8},{"not_picked":["Bane","Choke"],"picked":"Deflect","floor":11},{"not_picked":["Leg Sweep","Heel Hook","Choke"],"picked":"SKIP","floor":12},{"not_picked":["Dash","Deadly Poison","Dodge and Roll"],"picked":"SKIP","floor":14}],"player_experience":209660,"relics_obtained":[{"floor":9,"key":"Darkstone Periapt"}],"event_choices":[{"damage_healed":0,"gold_gain":79,"player_choice":"Gained Gold","damage_taken":0,"max_hp_gain":0,"max_hp_loss":0,"event_name":"Golden Wing","floor":7,"gold_loss":0},{"damage_healed":0,"gold_gain":0,"player_choice":"Ignored","damage_taken":0,"max_hp_gain":0,"max_hp_loss":0,"event_name":"Golden Idol","floor":13,"gold_loss":0}],"is_beta":false,"boss_relics":[],"items_purged_floors":[],"is_endless":false,"potions_floor_spawned":[1,4,12],"killed_by":"The Guardian","ascension_level":0}