{"gold_per_floor":[116,38,50,129,129,129,143,143,169,199,199,199,224,238,238,332,332,355,355,398,38,38,38,53,53,76,91,106,106],"floor_reached":29,"playtime":981,"items_purged":["Injury"],"score":394,"play_id":"5fa98093-92e7-4020-810b-94a418d280e6","local_time":"20190302122658","is_ascension_mode":true,"campfire_choices":[{"data":"Dash","floor":6.0,"key":"SMITH"},{"data":"Survivor","floor":8.0,"key":"SMITH"},{"data":"Infinite Blades","floor":12.0,"key":"SMITH"},{"data":"Footwork","floor":15.0,"key":"SMITH"},{"floor":23.0,"key":"REST"},{"floor":25.0,"key":"REST"}],"neow_cost":"NONE","seed_source_timestamp":200286750543363,"circlet_count":0,"master_deck":["AscendersBane","Defend_G","Defend_G","Defend_G","Defend_G","Defend_G","Strike_G","Strike_G+1","Strike_G","Strike_G","Strike_G","Survivor+1","Neutralize+1","Dash+1","Infinite Blades+1","Footwork+1","Cloak And Dagger","A Thousand Cuts+1","Cloak And Dagger","Backstab"],"special_seed":0,"relics":["Ring of the Snake","Whetstone","Golden Idol","Oddly Smooth Stone","Mercury Hourglass","Singing Bowl","Runic Pyramid","Enchiridion","Red Mask","Kunai","Bronze Scales"],"potions_floor_usage":[],"damage_taken":[{"damage":1.0,"enemies":"Cultist","floor":1.0,"turns":4.0},{"damage":0.0,"enemies":"Jaw Worm","floor":3.0,"turns":4.0},{"damage":3.0,"enemies":"2 Louse","floor":7.0,"turns":3.0},{"damage":0.0,"enemies":"Looter","floor":13.0,"turns":3.0},{"damage":0.0,"enemies":"Exordium Wildlife","floor":14.0,"turns":4.0},{"damage":1.0,"enemies":"The Guardian","floor":16.0,"turns":16.0},{"damage":8.0,"enemies":"Shell Parasite","floor":18.0,"turns":8.0},{"damage":22.0,"enemies":"Masked Bandits","floor":20.0,"turns":5.0},{"damage":10.0,"enemies":"2 Thieves","floor":24.0,"turns":4.0},{"damage":10.0,"enemies":"Shelled Parasite and Fungi","floor":27.0,"turns":4.0},{"damage":0.0,"enemies":"Snecko","floor":28.0,"turns":5.0},{"damage":45,"enemies":"Slavers","floor":29,"turns":3}],"seed_played":"-2716534314336103880","potions_obtained":[{"floor":13.0,"key":"Poison Potion"},{"floor":14.0,"key":"Energy Potion"},{"floor":20.0,"key":"Swift Potion"},{"floor":24.0,"key":"SkillPotion"}],"is_trial":false,"path_per_floor":["M","$","M","?","?","R","M","R","T","?","T","R","M","M","R","B",null,"M","?","?","$","?","R","M","R","T","M","M","E"],"character_chosen":"THE_SILENT","items_purchased":["Infinite Blades","Kunai"],"campfire_rested":2,"item_purchase_floors":[2,21],"current_hp_per_floor":[58,58,58,58,58,58,55,55,55,55,55,55,55,55,55,54,63,55,34,14,14,14,34,24,44,44,36,38,0],"gold":106,"neow_bonus":"RANDOM_COMMON_RELIC","is_prod":false,"is_daily":false,"chose_seed":false,"campfire_upgraded":4,"win_rate":0,"timestamp":1551558418,"path_taken":["M","$","M","?","?","R","M","R","T","?","?","R","M","M","R","BOSS","M","?","?","$","?","R","M","R","T","?","M","E"],"build_version":"2019-01-23","purchased_purges":1,"victory":false,"max_hp_per_floor":[66,66,66,66,66,66,66,66,66,66,66,66,66,66,66,66,66,66,66,68,68,68,68,68,68,68,70,72,72],"card_choices":[{"not_picked":["Dodge and Roll","Sucker Punch"],"picked":"Dash","floor":1.0},{"not_picked":["Outmaneuver","Poisoned Stab","Dagger Spray"],"picked":"SKIP","floor":3.0},{"not_picked":["Sucker Punch","Acrobatics","Dagger Throw"],"picked":"SKIP","floor":7.0},{"not_picked":["Deflect","Caltrops"],"picked":"Footwork","floor":13.0},{"not_picked":["Dagger Throw","Crippling Poison"],"picked":"Cloak And Dagger","floor":14.0},{"not_picked":["Storm of Steel","Die Die Die"],"picked":"A Thousand Cuts","floor":16.0},{"not_picked":["Dagger Throw","Prepared"],"picked":"Cloak And Dagger","floor":18.0},{"not_picked":["Dagger Spray","Deadly Poison","Quick Slash"],"picked":"Singing Bowl","floor":20.0},{"not_picked":["Underhanded Strike","Deflect"],"picked":"Backstab","floor":24.0},{"not_picked":["Slice","Sucker Punch","Riddle With Holes"],"picked":"Singing Bowl","floor":27.0},{"not_picked":["Escape Plan","Prepared","Deflect"],"picked":"Singing Bowl","floor":28.0}],"player_experience":576210,"relics_obtained":[{"floor":9.0,"key":"Oddly Smooth Stone"},{"floor":11.0,"key":"Singing Bowl"},{"floor":19.0,"key":"Enchiridion"},{"floor":20.0,"key":"Red Mask"},{"floor":26.0,"key":"Bronze Scales"}],"event_choices":[{"damage_healed":0.0,"max_hp_gain":0.0,"max_hp_loss":0.0,"gold_gain":79.0,"event_name":"Golden Wing","player_choice":"Gained Gold","floor":4.0,"gold_loss":0.0,"damage_taken":0.0},{"damage_healed":0.0,"max_hp_gain":0.0,"max_hp_loss":0.0,"gold_gain":0.0,"event_name":"Golden Idol","player_choice":"Take Wound","floor":5.0,"gold_loss":0.0,"damage_taken":0.0,"relics_obtained":["Golden Idol"],"cards_obtained":["Injury"]},{"damage_healed":0.0,"max_hp_gain":0.0,"max_hp_loss":0.0,"gold_gain":30.0,"event_name":"Dead Adventurer","player_choice":"Searched \u00272\u0027 times","floor":10.0,"gold_loss":0.0,"damage_taken":0.0,"relics_obtained":["Mercury Hourglass"]},{"damage_healed":0.0,"max_hp_gain":0.0,"max_hp_loss":0.0,"gold_gain":0.0,"event_name":"Cursed Tome","player_choice":"Obtained Book","floor":19.0,"gold_loss":0.0,"damage_taken":21.0},{"damage_healed":0.0,"max_hp_gain":0.0,"max_hp_loss":0.0,"gold_gain":0.0,"event_name":"Masked Bandits","player_choice":"Fought Bandits","floor":20.0,"gold_loss":0.0,"damage_taken":0.0},{"damage_healed":0.0,"max_hp_gain":0.0,"max_hp_loss":0.0,"gold_gain":0.0,"event_name":"Upgrade Shrine","player_choice":"Upgraded","floor":22.0,"gold_loss":0.0,"damage_taken":0.0,"cards_upgraded":["A Thousand Cuts"]}],"is_beta":false,"boss_relics":[{"not_picked":["Lizard Tail","Calling Bell"],"picked":"Runic Pyramid"}],"items_purged_floors":[21],"is_endless":false,"potions_floor_spawned":[13,14,16,20,24],"killed_by":"Slavers","ascension_level":17}