{"path_per_floor":["M","?","$","M","M","R","?","M","T","E","?","R","E","$","R","B",null,"M","M","M","$","M","R","E","$","T","R","E","R","M","E","R","B",null,"M","M","M","M","?","E","R","E","T","R","?","$","E","M","R","B"],"character_chosen":"THE_SILENT","items_purchased":["Escape Plan","Strawberry","Unceasing Top","Bag of Marbles","Oddly Smooth Stone"],"gold_per_floor":[114,169,24,39,54,54,54,69,69,99,49,49,79,79,79,179,209,224,239,254,104,119,119,149,149,199,199,229,229,244,274,274,374,374,389,404,419,434,434,464,464,494,494,494,494,14,44,59,59,59],"floor_reached":51,"campfire_rested":2,"playtime":5153,"current_hp_per_floor":[54,54,54,54,52,52,38,41,41,49,49,49,51,51,70,66,75,74,75,59,66,66,66,68,68,68,68,52,52,35,34,34,24,82,80,77,57,65,65,66,66,43,43,43,43,43,45,42,66,32],"items_purged":["Night Terror"],"gold":59,"score":853,"play_id":"cf2c38a3-c635-4897-9cc4-7f4f54e807e8","local_time":"20180421115834","daily_mods":["Shiny","Time Dilation","Elite Swarm"],"is_prod":false,"is_daily":true,"chose_seed":false,"is_ascension_mode":false,"campfire_upgraded":7,"timestamp":1524337114,"path_taken":["M","?","$","M","M","R","?","M","T","E","?","R","E","?","R","BOSS","M","?","M","$","M","R","E","$","T","R","E","R","M","E","R","BOSS","M","M","M","?","?","E","R","E","T","R","?","$","E","M","R","BOSS"],"build_version":"2018-04-19","seed_source_timestamp":900306954091014,"purchased_purges":1,"victory":true,"master_deck":["Adrenaline+1","Envenom+1","Doppelganger","Wraith Form v2","Venomology+1","Tools of the Trade+1","Phantasmal Killer+1","Unload","After Image","Tactician+1","Bullet Time+1","Storm of Steel","Glass Knife+1","Die Die Die","A Thousand Cuts+1","Grand Finale","Underhanded Strike","Escape Plan","Cloak And Dagger","Backflip","PiercingWail","Caltrops","Malaise","Noxious Fumes+1","Cloak And Dagger+1","Malaise","Calculated Gamble+1"],"max_hp_per_floor":[70,70,70,70,70,70,70,70,70,70,70,70,70,70,70,70,75,75,75,75,82,82,82,82,82,82,82,82,82,82,82,82,82,82,82,82,82,82,82,82,82,82,82,82,82,82,82,82,82,82],"relics":["Ring of the Snake","Blood Vial","Calipers","Paper Crane","Tiny House","Strawberry","The Courier","Vajra","Peace Pipe","Bottled Lightning","Cursed Key","Snake Skull","Molten Egg 2","Dead Branch","Unceasing Top","Bag of Marbles","Oddly Smooth Stone","Matryoshka"],"card_choices":[{"not_picked":["Eviscerate","Deadly Poison"],"picked":"Underhanded Strike","floor":1},{"not_picked":["Choke","PiercingWail"],"picked":"Cloak And Dagger","floor":4},{"not_picked":["Noxious Fumes","Prepared"],"picked":"Backflip","floor":5},{"not_picked":["Bane","Slice"],"picked":"PiercingWail","floor":17},{"not_picked":["PiercingWail","Deadly Poison"],"picked":"Caltrops","floor":18},{"not_picked":["Endless Agony","Prepared"],"picked":"Malaise","floor":22},{"not_picked":["Cloak And Dagger","Finisher"],"picked":"Noxious Fumes","floor":30},{"not_picked":["Poisoned Stab","PiercingWail"],"picked":"Cloak And Dagger","floor":38},{"not_picked":["Malaise","Acrobatics"],"picked":"Calculated Gamble","floor":48}],"player_experience":99864,"potions_floor_usage":[8,8,10,13,16,16,18,19,20,24,24,28,30,31,33,33,36,36,37,38,40,42,47,47,48,50,50,50],"damage_taken":[{"damage":16,"enemies":"Small Slimes","floor":1,"turns":3},{"damage":0,"enemies":"Cultist","floor":4,"turns":3},{"damage":2,"enemies":"Jaw Worm","floor":5,"turns":4},{"damage":0,"enemies":"Looter","floor":8,"turns":2},{"damage":0,"enemies":"Gremlin Nob","floor":10,"turns":3},{"damage":0,"enemies":"Lagavulin","floor":13,"turns":2},{"damage":4,"enemies":"Slime Boss","floor":16,"turns":5},{"damage":1,"enemies":"Spheric Guardian","floor":18,"turns":5},{"damage":0,"enemies":"Shell Parasite","floor":19,"turns":3},{"damage":16,"enemies":"Snake Plant","floor":20,"turns":3},{"damage":2,"enemies":"Centurion and Healer","floor":22,"turns":3},{"damage":0,"enemies":"Slavers","floor":24,"turns":2},{"damage":18,"enemies":"Gremlin Leader","floor":28,"turns":5},{"damage":19,"enemies":"Cultist and Chosen","floor":30,"turns":8},{"damage":3,"enemies":"Book of Stabbing","floor":31,"turns":6},{"damage":27,"enemies":"Automaton","floor":33,"turns":10},{"damage":2,"enemies":"3 Shapes","floor":35,"turns":4},{"damage":5,"enemies":"3 Darklings","floor":36,"turns":3},{"damage":25,"enemies":"Maw","floor":37,"turns":7},{"damage":0,"enemies":"4 Shapes","floor":38,"turns":3},{"damage":1,"enemies":"Giant Head","floor":40,"turns":7},{"damage":25,"enemies":"Nemesis","floor":42,"turns":4},{"damage":0,"enemies":"2 Orb Walkers","floor":47,"turns":2},{"damage":5,"enemies":"Sphere and 2 Shapes","floor":48,"turns":3},{"damage":36,"enemies":"Awakened One","floor":50,"turns":10}],"event_choices":[{"event_name":"Golden Wing","player_choice":"Gained Gold","floor":2,"damage_taken":0},{"event_name":"Shining Light","player_choice":"Entered Light","floor":7,"damage_taken":0},{"event_name":"The Cleric","player_choice":"Card Removal","floor":11,"damage_taken":0},{"event_name":"Purifier","player_choice":"One Purge","floor":39,"damage_taken":0},{"event_name":"Duplicator","player_choice":"One dupe","floor":45,"damage_taken":0}],"boss_relics":[{"not_picked":["Ectoplasm","Snecko Eye"],"picked":"Tiny House"},{"not_picked":["Calling Bell","Orrery"],"picked":"Cursed Key"}],"potions_floor_spawned":[8,13,18,22,24,33,35,40,42],"seed_played":"1252752020569541507","ascension_level":0,"is_trial":false}