{"path_per_floor":["M","?","?","M","M","E","R","M","T","R","M","M","E","?","R","B",null,"M","?","M","?","M"],"character_chosen":"DEFECT","items_purchased":[],"gold_per_floor":[113,113,113,132,145,178,178,201,201,201,220,243,278,278,278,397,435,449,449,434,434,457,457],"floor_reached":23,"campfire_rested":0,"playtime":1428,"item_purchase_floors":[],"current_hp_per_floor":[65,47,44,44,43,34,34,34,34,34,34,34,20,45,45,27,80,69,53,40,40,24,0],"items_purged":[],"gold":457,"score":213,"play_id":"93eac7c9-ec94-48db-bf00-d7631c8474c2","local_time":"20180601024020","is_prod":false,"is_daily":false,"chose_seed":false,"is_ascension_mode":true,"campfire_upgraded":3,"win_rate":0.0,"timestamp":1527813620,"campfire_choices":[{"data":"Melter","floor":7.0,"key":"SMITH"},{"data":"Loop","floor":10.0,"key":"SMITH"},{"data":"Auto Shields","floor":15.0,"key":"SMITH"}],"path_taken":["M","?","?","M","M","E","R","M","T","R","M","?","E","?","R","BOSS","M","?","M","?","?","E"],"build_version":"2018-05-31","seed_source_timestamp":1334141112772405,"purchased_purges":0,"victory":false,"master_deck":["Strike_B","Strike_B","Strike_B","Strike_B","Defend_B","Defend_B","Defend_B","Defend_B","Zap","Dualcast","Conserve Battery+1","Loop+1","Double Energy","Melter+1","Gash","Glacier","Coolheaded","Auto Shields+1","Rainbow","Streamline","Defragment","Necronomicurse","Cold Snap+1","Writhe","Gash"],"max_hp_per_floor":[75,75,75,75,75,75,75,75,75,75,75,75,75,75,75,75,80,80,80,80,80,80,80],"relics":["Cracked Core","Golden Idol","Mercury Hourglass","Dead Branch","Ginger","Dream Catcher","Tiny House","Necronomicon","Singing Bowl"],"card_choices":[{"not_picked":["Reinforced Body","Stack"],"picked":"Conserve Battery","floor":1.0},{"not_picked":["Coolheaded","Beam Cell"],"picked":"Loop","floor":4.0},{"not_picked":["White Noise","Static Discharge"],"picked":"Double Energy","floor":5.0},{"not_picked":["Coolheaded","Barrage"],"picked":"Melter","floor":6.0},{"not_picked":["Barrage","Storm"],"picked":"Gash","floor":8.0},{"not_picked":["Go for the Eyes","Redo"],"picked":"Glacier","floor":11.0},{"not_picked":["Ball Lightning","Sweeping Beam"],"picked":"Coolheaded","floor":12.0},{"not_picked":["Barrage","Stack"],"picked":"Auto Shields","floor":13.0},{"not_picked":["Machine Learning","Fission"],"picked":"Rainbow","floor":16.0},{"not_picked":["Gash","Barrage"],"picked":"Streamline","floor":17.0},{"not_picked":["Conserve Battery","Steam"],"picked":"Defragment","floor":18.0},{"not_picked":["Redo","Heatsinks"],"picked":"Cold Snap+1","floor":20.0},{"not_picked":["Scrape","Coolheaded"],"picked":"Gash","floor":22.0}],"player_experience":412838,"potions_floor_usage":[23,23,23],"damage_taken":[{"damage":10.0,"enemies":"Small Slimes","floor":1.0,"turns":4.0},{"damage":0.0,"enemies":"2 Louse","floor":4.0,"turns":2.0},{"damage":1.0,"enemies":"Cultist","floor":5.0,"turns":3.0},{"damage":9.0,"enemies":"3 Sentries","floor":6.0,"turns":5.0},{"damage":0.0,"enemies":"3 Louse","floor":8.0,"turns":2.0},{"damage":0.0,"enemies":"Large Slime","floor":11.0,"turns":3.0},{"damage":0.0,"enemies":"Blue Slaver","floor":12.0,"turns":3.0},{"damage":14.0,"enemies":"Gremlin Nob","floor":13.0,"turns":3.0},{"damage":18.0,"enemies":"Slime Boss","floor":16.0,"turns":7.0},{"damage":11.0,"enemies":"3 Byrds","floor":18.0,"turns":5.0},{"damage":13.0,"enemies":"2 Thieves","floor":20.0,"turns":4.0},{"damage":16.0,"enemies":"Centurion and Healer","floor":22.0,"turns":7.0},{"damage":29,"enemies":"Book of Stabbing","floor":23,"turns":6}],"relics_obtained":[{"floor":6.0,"key":"Dead Branch"},{"floor":9.0,"key":"Ginger"},{"floor":13.0,"key":"Dream Catcher"},{"floor":19.0,"key":"Necronomicon"}],"event_choices":[{"event_name":"Golden Idol","player_choice":"Take Damage","floor":2.0,"damage_taken":0.0},{"event_name":"Scrap Ooze","player_choice":"success","floor":3.0,"damage_taken":3.0},{"event_name":"Big Fish","player_choice":"Banana","floor":14.0,"damage_taken":0.0},{"event_name":"Cursed Tome","player_choice":"Obtained Book","floor":19.0,"damage_taken":0.0},{"event_name":"The Mausoleum","player_choice":"Yes","floor":21.0,"damage_taken":0.0}],"boss_relics":[],"items_purged_floors":[],"potions_floor_spawned":[4,11,13,18,20,22],"seed_played":"3338347884492103359","killed_by":"Book of Stabbing","ascension_level":1,"potions_obtained":[{"floor":4.0,"key":"FearPotion"},{"floor":11.0,"key":"Dexterity Potion"},{"floor":13.0,"key":"FocusPotion"},{"floor":17.0,"key":"SkillPotion"},{"floor":18.0,"key":"SkillPotion"},{"floor":20.0,"key":"Strength Potion"},{"floor":22.0,"key":"Strength Potion"}],"is_trial":false}