{"path_per_floor":["M","$","?","?","M","R","$","E","T","R","M","M","M","M","R","B",null,"M","M","?","?","$","E","R","M","T","R","$","M","M","M","R","B",null,"M","M","?","$","M","R","?","E","T","M","M","M","R","$","R","B"],"character_chosen":"IRONCLAD","items_purchased":["Rampage","Flash of Steel","Strawberry"],"gold_per_floor":[368,216,216,166,178,178,78,113,113,113,133,150,160,174,174,276,276,296,311,226,226,10,44,44,64,64,64,64,76,94,104,104,199,199,213,230,230,80,100,100,100,126,126,139,150,169,169,18,18,18],"floor_reached":51,"campfire_rested":5,"playtime":2626,"current_hp_per_floor":[72,72,58,58,64,64,64,57,57,82,82,84,82,76,76,44,86,86,74,74,57,57,43,43,27,27,55,55,53,48,43,73,41,103,90,98,107,107,102,102,102,43,43,23,48,26,76,83,124,13],"items_purged":["Strike_R","Defend_R","Strike_R","Writhe"],"gold":18,"score":751,"play_id":"075c336d-ea1a-4ef5-8d3c-548534df7d0e","local_time":"20180422112028","is_prod":false,"is_daily":false,"chose_seed":false,"is_ascension_mode":false,"campfire_upgraded":4,"timestamp":1524421228,"path_taken":["M","$","?","?","M","R","$","E","T","R","M","M","M","M","R","BOSS","M","M","?","?","$","E","R","M","T","R","?","?","M","M","R","BOSS","M","M","?","$","M","R","?","E","T","M","M","M","R","$","R","BOSS"],"build_version":"2018-04-19","seed_source_timestamp":990000168027031,"purchased_purges":4,"victory":true,"master_deck":["Strike_R","Defend_R+1","Defend_R","Defend_R","Bash+1","Rampage+1","Dropkick+1","Flex","Double Tap+1","Dropkick+1","Thunderclap+1","Flash of Steel+1"],"max_hp_per_floor":[72,72,72,72,72,72,72,86,86,86,86,86,86,86,86,86,86,86,86,86,91,91,93,93,95,95,95,95,97,99,101,101,103,103,105,107,107,107,109,109,109,111,111,113,115,117,117,124,124,124],"relics":["Burning Blood","Mango","Matryoshka","White Beast Statue","Bag of Preparation","Singing Bowl","Centennial Puzzle","Pantograph","Lizard Tail","Regal Pillow","Oddly Smooth Stone","Question Card","Strawberry"],"card_choices":[{"not_picked":["Twin Strike","Anger"],"picked":"Dropkick","floor":8},{"not_picked":["Infernal Blade","True Grit"],"picked":"Flex","floor":12},{"not_picked":["Exhume","Bludgeon"],"picked":"Double Tap","floor":16},{"not_picked":["Searing Blow","Twin Strike"],"picked":"Dropkick","floor":18},{"not_picked":["Shrug It Off","Flex"],"picked":"Thunderclap","floor":19}],"player_experience":115218,"potions_floor_usage":[16,18,19,23,23,25,30,30,33,36,39,42,42,44,45,50,50],"damage_taken":[{"damage":0,"enemies":"2 Louse","floor":1,"turns":4},{"damage":0,"enemies":"Small Slimes","floor":5,"turns":3},{"damage":27,"enemies":"3 Sentries","floor":8,"turns":10},{"damage":6,"enemies":"Jaw Worm","floor":11,"turns":2},{"damage":4,"enemies":"2 Fungi Beasts","floor":12,"turns":4},{"damage":8,"enemies":"Blue Slaver","floor":13,"turns":3},{"damage":12,"enemies":"Large Slime","floor":14,"turns":5},{"damage":38,"enemies":"Slime Boss","floor":16,"turns":9},{"damage":2,"enemies":"Chosen","floor":18,"turns":3},{"damage":23,"enemies":"Spheric Guardian","floor":19,"turns":5},{"damage":37,"enemies":"Slavers","floor":23,"turns":6},{"damage":24,"enemies":"Snake Plant","floor":25,"turns":3},{"damage":10,"enemies":"Chosen and Byrds","floor":29,"turns":4},{"damage":13,"enemies":"Slaver and Parasite","floor":30,"turns":3},{"damage":13,"enemies":"Snake Plant","floor":31,"turns":3},{"damage":65,"enemies":"Champ","floor":33,"turns":7},{"damage":21,"enemies":"3 Darklings","floor":35,"turns":3},{"damage":0,"enemies":"Orb Walker","floor":36,"turns":2},{"damage":13,"enemies":"4 Shapes","floor":39,"turns":3},{"damage":67,"enemies":"Giant Head","floor":42,"turns":7},{"damage":28,"enemies":"3 Darklings","floor":44,"turns":3},{"damage":43,"enemies":"Maw","floor":45,"turns":6},{"damage":30,"enemies":"4 Shapes","floor":46,"turns":4},{"damage":117,"enemies":"Time Eater","floor":50,"turns":10}],"event_choices":[{"event_name":"Shining Light","player_choice":"Entered Light","floor":3,"damage_taken":0},{"event_name":"The Cleric","player_choice":"Card Removal","floor":4,"damage_taken":0},{"event_name":"Addict","player_choice":"Obtained Relic","floor":20,"damage_taken":0},{"event_name":"Forgotten Altar","player_choice":"Shed Blood","floor":21,"damage_taken":0},{"event_name":"Winding Halls","player_choice":"Writhe","floor":37,"damage_taken":0},{"event_name":"Purifier","player_choice":"One Purge","floor":41,"damage_taken":0}],"boss_relics":[{"not_picked":["Pandora\u0027s Box","Orrery"],"picked":"White Beast Statue"},{"not_picked":["Sozu","Velvet Choker"],"picked":"Lizard Tail"}],"potions_floor_spawned":[1,8,13,16,18,19,23,25,29,30,31,33,35,36,39,42,44,45,46],"seed_played":"-2797816993082825684","ascension_level":0,"is_trial":false}