{"gold_per_floor":[117,117,292,305,326,326,345,345,345,365,445,445,216,235,235,358,358,382,407,407,428,442,442,442,442,526,526,547,568,591,101,101,230,230,255,271,290,306,306,306,306,306,330,330,354,374,389,413,413,413],"floor_reached":51,"playtime":2023,"items_purged":["Doubt","Shame"],"score":697,"play_id":"30761fbf-22c5-4e88-a467-3d84edb91398","local_time":"20190303165947","is_ascension_mode":false,"campfire_choices":[{"data":"Perfected Strike","floor":6.0,"key":"SMITH"},{"data":"True Grit","floor":8.0,"key":"SMITH"},{"data":"Heavy Blade","floor":12.0,"key":"SMITH"},{"data":"Limit Break","floor":15.0,"key":"SMITH"},{"data":"Limit Break","floor":23.0,"key":"SMITH"},{"data":"Spot Weakness","floor":25.0,"key":"SMITH"},{"data":"Bash","floor":27.0,"key":"SMITH"},{"floor":32,"key":"REST"},{"data":"Perfected Strike","floor":40,"key":"SMITH"},{"data":"Pummel","floor":42,"key":"SMITH"},{"data":"Defend_R","floor":44,"key":"SMITH"},{"floor":49,"key":"REST"}],"neow_cost":"CURSE","seed_source_timestamp":5366105603859,"circlet_count":0,"master_deck":["Strike_R","Strike_R","Strike_R","Strike_R","Strike_R","Defend_R","Defend_R","Defend_R+1","Bash+1","Clumsy","Perfected Strike+1","True Grit+1","Spot Weakness+1","Headbutt","Heavy Blade+1","Perfected Strike+1","Limit Break+1","Pummel+1","Headbutt","Limit Break+1","Shockwave+1","Uppercut+1","Battle Trance+1","Uppercut+1","Reckless Charge+1","Reaper+1","Sword Boomerang+1","Iron Wave+1","Immolate+1","Pummel+1","Uppercut+1"],"special_seed":0,"relics":["Burning Blood","Pocketwatch","Golden Idol","Pantograph","Mummified Hand","Mark of Pain","Molten Egg 2","Tiny Chest","Charon\u0027s Ashes","Snecko Eye","Orichalcum"],"potions_floor_usage":[35,50,50],"damage_taken":[{"damage":7.0,"enemies":"2 Louse","floor":1.0,"turns":2.0},{"damage":8.0,"enemies":"Small Slimes","floor":4.0,"turns":4.0},{"damage":1.0,"enemies":"Cultist","floor":5.0,"turns":3.0},{"damage":11.0,"enemies":"3 Louse","floor":7.0,"turns":5.0},{"damage":11.0,"enemies":"Looter","floor":10.0,"turns":3.0},{"damage":26.0,"enemies":"3 Sentries","floor":11.0,"turns":7.0},{"damage":1.0,"enemies":"Exordium Thugs","floor":14.0,"turns":4.0},{"damage":33.0,"enemies":"Hexaghost","floor":16.0,"turns":7.0},{"damage":37.0,"enemies":"Shell Parasite","floor":18.0,"turns":7.0},{"damage":10.0,"enemies":"Chosen","floor":19.0,"turns":3.0},{"damage":10.0,"enemies":"Centurion and Healer","floor":21.0,"turns":4.0},{"damage":12.0,"enemies":"Snake Plant","floor":22.0,"turns":4.0},{"damage":38.0,"enemies":"Sentry and Sphere","floor":28.0,"turns":6.0},{"damage":14.0,"enemies":"3 Cultists","floor":29.0,"turns":5.0},{"damage":38,"enemies":"Shelled Parasite and Fungi","floor":30,"turns":6},{"damage":37,"enemies":"Automaton","floor":33,"turns":6},{"damage":19,"enemies":"3 Shapes","floor":35,"turns":3},{"damage":2,"enemies":"Orb Walker","floor":36,"turns":2},{"damage":37,"enemies":"Maw","floor":37,"turns":7},{"damage":11,"enemies":"Spire Growth","floor":38,"turns":4},{"damage":6,"enemies":"4 Shapes","floor":45,"turns":5},{"damage":15,"enemies":"Sphere and 2 Shapes","floor":46,"turns":3},{"damage":21,"enemies":"Spire Growth","floor":47,"turns":3},{"damage":19,"enemies":"Maw","floor":48,"turns":6},{"damage":24,"enemies":"Time Eater","floor":50,"turns":6}],"seed_played":"7841334494265552568","potions_obtained":[{"floor":5.0,"key":"Dexterity Potion"},{"floor":11.0,"key":"Fruit Juice"},{"floor":14.0,"key":"Dexterity Potion"},{"floor":18.0,"key":"Weak Potion"},{"floor":29.0,"key":"FairyPotion"},{"floor":33,"key":"Explosive Potion"},{"floor":35,"key":"Strength Potion"},{"floor":36,"key":"Dexterity Potion"},{"floor":38,"key":"Block Potion"}],"is_trial":false,"path_per_floor":["M","?","?","M","M","R","M","R","T","M","?","R","$","M","R","B",null,"M","M","?","M","M","R","?","R","T","R","M","M","M","$","R","B",null,"M","M","M","M","?","R","?","R","T","R","M","M","M","M","R","B",null],"character_chosen":"IRONCLAD","items_purchased":["Limit Break","Pummel","Charon\u0027s Ashes","Reckless Charge+1"],"campfire_rested":2,"item_purchase_floors":[13,13,31,31],"current_hp_per_floor":[79,79,79,77,80,80,75,75,75,70,55,55,55,60,60,58,85,54,50,85,81,75,75,75,75,75,75,43,35,14,14,39,33,85,85,85,61,63,63,63,63,63,63,63,70,68,60,52,77,67],"gold":413,"neow_bonus":"ONE_RARE_RELIC","is_prod":false,"is_daily":false,"chose_seed":false,"campfire_upgraded":10,"win_rate":0,"timestamp":1551653987,"path_taken":["M","?","?","M","M","R","M","R","T","M","?","R","$","M","R","BOSS","M","M","?","M","?","R","?","R","T","R","M","M","M","$","R","BOSS","M","M","M","M","?","R","?","R","T","R","M","M","M","?","R","BOSS"],"build_version":"2019-01-23","purchased_purges":2,"victory":true,"max_hp_per_floor":[80,80,80,80,80,80,80,80,80,80,85,85,85,85,85,85,85,85,85,85,85,85,85,85,85,85,85,85,85,85,85,85,85,85,85,85,85,85,85,85,85,85,85,85,85,85,85,85,85,85],"card_choices":[{"not_picked":["Power Through","Iron Wave"],"picked":"Perfected Strike","floor":1.0},{"not_picked":["Corruption","Thunderclap"],"picked":"True Grit","floor":4.0},{"not_picked":["Headbutt","Infernal Blade"],"picked":"Spot Weakness","floor":5.0},{"not_picked":["Dual Wield","Spot Weakness"],"picked":"Headbutt","floor":7.0},{"not_picked":["Anger","Burning Pact"],"picked":"Heavy Blade","floor":10.0},{"not_picked":["Combust","Flex"],"picked":"Perfected Strike","floor":11.0},{"not_picked":["Dropkick","Rage"],"picked":"Headbutt","floor":14.0},{"not_picked":["Immolate","Fiend Fire"],"picked":"Limit Break","floor":16.0},{"not_picked":["Sword Boomerang","Cleave"],"picked":"Shockwave+1","floor":18.0},{"not_picked":["Havoc","Clash+1"],"picked":"Uppercut","floor":19.0},{"not_picked":["Clash","Corruption","Fire Breathing"],"picked":"SKIP","floor":21.0},{"not_picked":["Battle Trance","Combust+1"],"picked":"Uppercut+1","floor":22.0},{"not_picked":["Twin Strike+1","Metallicize","Wild Strike+1"],"picked":"SKIP","floor":28.0},{"not_picked":["Entrench+1","Intimidate"],"picked":"Battle Trance+1","floor":29.0},{"not_picked":["Dual Wield","Entrench+1"],"picked":"Uppercut+1","floor":30},{"not_picked":["Berserk","Double Tap"],"picked":"Reaper+1","floor":33},{"not_picked":["Pommel Strike+1","Rage+1","Warcry+1"],"picked":"SKIP","floor":35},{"not_picked":["Corruption+1","Cleave+1"],"picked":"Sword Boomerang+1","floor":36},{"not_picked":["Flex","Anger+1","Cleave+1"],"picked":"SKIP","floor":37},{"not_picked":["Thunderclap+1","Wild Strike+1"],"picked":"Iron Wave+1","floor":38},{"not_picked":["Rage","Pummel+1"],"picked":"Immolate+1","floor":45},{"not_picked":["Sever Soul+1","Ghostly Armor","True Grit"],"picked":"SKIP","floor":46},{"not_picked":["Perfected Strike+1","Warcry"],"picked":"Pummel+1","floor":47},{"not_picked":["Clash+1","Intimidate"],"picked":"Uppercut+1","floor":48}],"player_experience":976140,"relics_obtained":[{"floor":9.0,"key":"Pantograph"},{"floor":26.0,"key":"Tiny Chest"},{"floor":43,"key":"Orichalcum"}],"event_choices":[{"damage_healed":0.0,"max_hp_gain":0.0,"max_hp_loss":0.0,"gold_gain":0.0,"event_name":"Golden Idol","player_choice":"Take Wound","floor":2.0,"gold_loss":0.0,"damage_taken":0.0,"relics_obtained":["Golden Idol"],"cards_obtained":["Injury"]},{"damage_healed":0.0,"max_hp_gain":0.0,"max_hp_loss":0.0,"gold_gain":175.0,"event_name":"Liars Game","player_choice":"AGREE","floor":3.0,"gold_loss":0.0,"damage_taken":0.0,"cards_obtained":["Doubt"]},{"damage_healed":0.0,"max_hp_gain":0.0,"max_hp_loss":0.0,"gold_gain":0.0,"event_name":"Dead Adventurer","player_choice":"Searched \u00273\u0027 times","floor":11.0,"gold_loss":0.0,"damage_taken":0.0,"relics_obtained":["Mummified Hand"]},{"cards_removed":["Uppercut"],"damage_healed":35.0,"max_hp_gain":0.0,"max_hp_loss":0.0,"gold_gain":0.0,"event_name":"Bonfire Elementals","player_choice":"Offered Uncommon","floor":20.0,"gold_loss":0.0,"damage_taken":0.0},{"damage_healed":0.0,"max_hp_gain":0.0,"max_hp_loss":0.0,"gold_gain":0.0,"event_name":"Addict","player_choice":"Stole Relic","floor":24.0,"gold_loss":0.0,"damage_taken":0.0,"relics_obtained":["Molten Egg 2"],"cards_obtained":["Shame"]},{"cards_removed":["Defend_R"],"damage_healed":0,"gold_gain":0,"player_choice":"Removed Skill","damage_taken":0,"max_hp_gain":0,"max_hp_loss":0,"event_name":"Falling","floor":39,"gold_loss":0},{"cards_removed":["Injury"],"damage_healed":0,"gold_gain":0,"player_choice":"Card Removal","damage_taken":0,"max_hp_gain":0,"max_hp_loss":0,"event_name":"Wheel of Change","floor":41,"gold_loss":0}],"is_beta":false,"boss_relics":[{"not_picked":["Eternal Feather","Ectoplasm"],"picked":"Mark of Pain"},{"not_picked":["Runic Dome","White Beast Statue"],"picked":"Snecko Eye"}],"items_purged_floors":[13,31],"is_endless":false,"potions_floor_spawned":[5,11,14,18,29,33,35,36,38,47],"ascension_level":0}