{"gold_per_floor":[113,113,132,147,35,35,71,91,91,41,41,316,316,329,329,459,459,473,493,508,508,284,284,305,323,399,326,350,350,350,370,370,473,473,488,171,184,204,204,233,233,249,273,273,302,302,302,337,337,337],"floor_reached":50,"playtime":4047,"items_purged":["Strike_B"],"score":638,"play_id":"418bda8e-d6f2-4a72-8089-d846eb1b5132","local_time":"20181023105725","is_ascension_mode":true,"campfire_choices":[{"data":"Loop","floor":6,"key":"SMITH"},{"data":"Redo","floor":11,"key":"SMITH"},{"floor":15,"key":"REST"},{"data":"Redo","floor":23,"key":"SMITH"},{"data":"Zap","floor":29,"key":"SMITH"},{"data":"Double Energy","floor":32,"key":"SMITH"},{"data":"Redo","floor":41,"key":"SMITH"},{"data":"Dualcast","floor":44,"key":"SMITH"},{"data":"Creative AI","floor":47,"key":"SMITH"},{"data":"Fusion","floor":49,"key":"SMITH"}],"neow_cost":"NONE","seed_source_timestamp":663183765851756,"circlet_count":0,"master_deck":["Strike_B+1","Strike_B+1","Defend_B+1","Defend_B+1","Defend_B+1","Defend_B+1","Zap+1","Dualcast+1","Coolheaded","Glacier","Loop+1","Redo+1","Redo+1","Defragment","Biased Cognition","Fusion+1","Doom and Gloom+1","White Noise+1","Defragment","White Noise+1","Meteor Strike","Consume","Leap+1","Double Energy+1","Creative AI+1","Defragment","Redo+1","Lockon+1","Chill","Ball Lightning+1","Storm+1","Conserve Battery+1","Capacitor+1"],"relics":["Cracked Core","NeowsBlessing","Bloody Idol","Bottled Flame","Letter Opener","Coffee Dripper","Blood Vial","Meat on the Bone","Sozu","Frozen Egg 2","Potion Belt","Regal Pillow","Question Card","Bird Faced Urn","Bottled Lightning"],"potions_floor_usage":[19,25,28,31],"damage_taken":[{"damage":0,"enemies":"2 Louse","floor":1,"turns":1},{"damage":0,"enemies":"Small Slimes","floor":3,"turns":1},{"damage":0,"enemies":"Jaw Worm","floor":4,"turns":1},{"damage":6,"enemies":"Lagavulin","floor":7,"turns":9},{"damage":10,"enemies":"Large Slime","floor":8,"turns":7},{"damage":5,"enemies":"Blue Slaver","floor":14,"turns":4},{"damage":27,"enemies":"The Guardian","floor":16,"turns":11},{"damage":10,"enemies":"Spheric Guardian","floor":18,"turns":4},{"damage":6,"enemies":"2 Thieves","floor":19,"turns":4},{"damage":7,"enemies":"Snecko","floor":20,"turns":4},{"damage":26,"enemies":"Snake Plant","floor":24,"turns":4},{"damage":4,"enemies":"Centurion and Healer","floor":25,"turns":5},{"damage":19,"enemies":"Snecko","floor":28,"turns":5},{"damage":0,"enemies":"Cultist and Chosen","floor":31,"turns":7},{"damage":25,"enemies":"Champ","floor":33,"turns":8},{"damage":21,"enemies":"3 Darklings","floor":35,"turns":5},{"damage":7,"enemies":"Orb Walker","floor":37,"turns":4},{"damage":69,"enemies":"Transient","floor":38,"turns":5},{"damage":33,"enemies":"Nemesis","floor":40,"turns":5},{"damage":38,"enemies":"3 Darklings","floor":42,"turns":6},{"damage":24,"enemies":"Giant Head","floor":45,"turns":8},{"damage":2,"enemies":"Mind Bloom Boss Battle","floor":46,"turns":4},{"damage":19,"enemies":"Reptomancer","floor":48,"turns":5},{"damage":58,"enemies":"Time Eater","floor":50,"turns":3}],"seed_played":"560297749003839","potions_obtained":[{"floor":8,"key":"Block Potion"},{"floor":16,"key":"GamblersBrew"},{"floor":20,"key":"PowerPotion"},{"floor":24,"key":"SteroidPotion"},{"floor":25,"key":"Regen Potion"},{"floor":31,"key":"FairyPotion"}],"is_trial":false,"path_per_floor":["M","?","M","M","$","R","E","M","T","?","R","?","?","M","R","B",null,"M","M","M","?","$","R","M","M","T","$","M","R","?","M","R","B",null,"M","$","M","M","?","E","R","M","T","R","E","?","R","E","R"],"character_chosen":"DEFECT","items_purchased":["Loop","Defragment","Blood Vial","Consume","Defragment","Frozen Egg 2"],"campfire_rested":1,"item_purchase_floors":[5,22,22,27,36,36],"current_hp_per_floor":[75,57,57,57,57,57,51,41,41,41,41,41,34,29,51,24,75,65,59,52,52,52,52,28,26,26,26,35,35,35,54,54,48,75,59,59,59,18,66,50,50,31,36,36,31,43,43,43,43,0],"gold":337,"neow_bonus":"THREE_ENEMY_KILL","is_prod":false,"is_daily":false,"chose_seed":false,"campfire_upgraded":9,"win_rate":0,"timestamp":1540306645,"path_taken":["M","?","M","M","$","R","E","M","T","?","R","?","?","?","R","BOSS","M","M","M","?","$","R","M","M","T","$","M","R","?","M","R","BOSS","M","$","M","M","?","E","R","M","T","R","E","?","R","E","R","BOSS"],"build_version":"2018-10-18","purchased_purges":1,"victory":false,"max_hp_per_floor":[75,75,75,75,75,75,75,75,75,75,75,75,75,75,75,75,75,75,75,75,75,75,75,75,75,75,75,75,75,75,75,75,75,75,75,75,75,75,66,66,66,66,66,66,66,66,66,66,66,66],"card_choices":[{"not_picked":["Barrage","Steam"],"picked":"Coolheaded","floor":1},{"not_picked":["Steam","Beam Cell"],"picked":"Glacier","floor":3},{"not_picked":["Steam","Gash","Reinforced Body"],"picked":"SKIP","floor":4},{"not_picked":["Skim","Gash"],"picked":"Redo","floor":7},{"not_picked":["Beam Cell","Stack"],"picked":"Redo","floor":8},{"not_picked":["BootSequence","Barrage"],"picked":"Defragment","floor":14},{"not_picked":["Rainbow","Hyperbeam"],"picked":"Biased Cognition","floor":16},{"not_picked":["Coolheaded","Gash"],"picked":"Fusion","floor":18},{"not_picked":["Static Discharge","Go for the Eyes"],"picked":"Doom and Gloom+1","floor":19},{"not_picked":["Turbo","Chill"],"picked":"White Noise+1","floor":20},{"not_picked":["Compile Driver","Barrage"],"picked":"White Noise+1","floor":24},{"not_picked":["Rebound","Sweeping Beam"],"picked":"Meteor Strike","floor":25},{"not_picked":["Hologram","Steam"],"picked":"Leap+1","floor":28},{"not_picked":["Sweeping Beam","Barrage"],"picked":"Double Energy","floor":31},{"not_picked":["Seek","Hyperbeam"],"picked":"Creative AI","floor":33},{"not_picked":["Sweeping Beam+1","Compile Driver+1","Hologram"],"picked":"SKIP","floor":35},{"not_picked":["Conserve Battery+1","Steam+1"],"picked":"Redo","floor":37},{"not_picked":["Recycle","Barrage"],"picked":"Lockon+1","floor":38},{"not_picked":["Compile Driver+1","Rebound"],"picked":"Chill","floor":40},{"not_picked":["All For One","Streamline"],"picked":"Ball Lightning+1","floor":42},{"not_picked":["Coolheaded","Darkness+1"],"picked":"Storm+1","floor":45},{"not_picked":["Self Repair+1","Stack+1","Reinforced Body"],"picked":"Conserve Battery+1","floor":46},{"not_picked":["Barrage","Scrape+1","Stack+1"],"picked":"Capacitor+1","floor":48}],"player_experience":214395,"relics_obtained":[{"floor":7,"key":"Bottled Flame"},{"floor":9,"key":"Letter Opener"},{"floor":26,"key":"Meat on the Bone"},{"floor":40,"key":"Potion Belt"},{"floor":43,"key":"Regal Pillow"},{"floor":45,"key":"Question Card"},{"floor":46,"key":"Bird Faced Urn"},{"floor":48,"key":"Bottled Lightning"}],"event_choices":[{"damage_healed":0,"gold_gain":0,"player_choice":"Take Damage","damage_taken":18,"relics_obtained":["Golden Idol"],"max_hp_gain":0,"max_hp_loss":0,"event_name":"Golden Idol","floor":2,"gold_loss":0},{"cards_removed":["Strike_B"],"damage_healed":0,"gold_gain":0,"player_choice":"Card Removal","damage_taken":0,"max_hp_gain":0,"max_hp_loss":0,"event_name":"The Cleric","floor":10,"gold_loss":50},{"damage_healed":0,"gold_gain":275,"player_choice":"Desecrate","damage_taken":0,"max_hp_gain":0,"max_hp_loss":0,"event_name":"Golden Shrine","floor":12,"gold_loss":0,"cards_obtained":["Regret"]},{"cards_removed":["Regret"],"damage_healed":0,"gold_gain":0,"player_choice":"Card Removal","damage_taken":7,"max_hp_gain":0,"max_hp_loss":0,"event_name":"Golden Wing","floor":13,"gold_loss":0},{"damage_healed":0,"gold_gain":0,"player_choice":"Simplicity","damage_taken":0,"max_hp_gain":0,"max_hp_loss":0,"event_name":"Back to Basics","floor":21,"gold_loss":0,"cards_upgraded":["Strike_B","Strike_B","Defend_B","Defend_B","Defend_B","Defend_B"]},{"damage_healed":0,"gold_gain":0,"player_choice":"Gave Idol","damage_taken":0,"relics_obtained":["Bloody Idol"],"max_hp_gain":0,"max_hp_loss":0,"event_name":"Forgotten Altar","floor":30,"relics_lost":["Golden Idol"],"gold_loss":0},{"damage_healed":66,"gold_gain":0,"player_choice":"Heal","damage_taken":0,"max_hp_gain":0,"max_hp_loss":9,"event_name":"The Moai Head","floor":39,"gold_loss":0},{"damage_healed":0,"gold_gain":0,"player_choice":"Fight","damage_taken":0,"max_hp_gain":0,"max_hp_loss":0,"event_name":"MindBloom","floor":46,"gold_loss":0}],"is_beta":false,"boss_relics":[{"not_picked":["Eternal Feather","Velvet Choker"],"picked":"Coffee Dripper"},{"not_picked":["Runic Pyramid","Runic Dome"],"picked":"Sozu"}],"items_purged_floors":[5],"is_endless":false,"potions_floor_spawned":[8,16,20,24,25,31,40,42,46,48],"killed_by":"Time Eater","ascension_level":2}