{"gold_per_floor":[111,261,336,349,349,388,400,342,378,415,427,473,503,529,541,553],"floor_reached":16,"playtime":321,"items_purged":[],"score":270,"play_id":"e4c5a627-2de1-42fd-8e3b-b1731eba9946","local_time":"20190209172051","is_ascension_mode":true,"campfire_choices":[{"data":"Hemokinesis","floor":7,"key":"SMITH"},{"data":"Offering","floor":15,"key":"SMITH"}],"neow_cost":"NONE","seed_source_timestamp":1962140770710189,"circlet_count":0,"master_deck":["AscendersBane","Strike_R","Strike_R","Strike_R","Strike_R","Strike_R","Defend_R","Defend_R","Defend_R","Defend_R","Bash","Clash","Doubt","Hemokinesis+1","Offering+1","Metallicize","Parasite","Blood for Blood","Shrug It Off"],"relics":["Burning Blood","NeowsBlessing","Golden Idol","MawBank","Oddly Smooth Stone","Happy Flower","Bronze Scales"],"potions_floor_usage":[12],"damage_taken":[{"damage":0,"enemies":"Small Slimes","floor":1,"turns":1},{"damage":0,"enemies":"2 Louse","floor":4,"turns":1},{"damage":0,"enemies":"Gremlin Nob","floor":6,"turns":1},{"damage":8,"enemies":"Cultist","floor":10,"turns":3},{"damage":37,"enemies":"Lagavulin","floor":12,"turns":6},{"damage":19,"enemies":"Blue Slaver","floor":13,"turns":3},{"damage":20,"enemies":"3 Louse","floor":14,"turns":4},{"damage":8,"enemies":"Slime Boss","floor":16,"turns":3}],"seed_played":"-423342103017340516","potions_obtained":[{"floor":1,"key":"Dexterity Potion"},{"floor":4,"key":"Poison Potion"},{"floor":12,"key":"Energy Potion"}],"is_trial":false,"path_per_floor":["M","?","?","M","?","E","R","?","T","M","?","E","M","M","R","B"],"character_chosen":"IRONCLAD","items_purchased":[],"campfire_rested":0,"item_purchase_floors":[],"current_hp_per_floor":[74,74,63,69,43,49,49,49,49,47,65,34,21,7,7,0],"gold":553,"neow_bonus":"THREE_ENEMY_KILL","is_prod":false,"is_daily":false,"chose_seed":false,"campfire_upgraded":2,"win_rate":0,"timestamp":1549750851,"path_taken":["M","?","?","M","?","E","R","?","T","?","?","E","M","M","R","BOSS"],"build_version":"2019-01-23","purchased_purges":0,"victory":false,"max_hp_per_floor":[75,75,75,75,75,75,75,75,75,75,75,75,75,75,75,75],"card_choices":[{"not_picked":["Warcry","Entrench"],"picked":"Clash","floor":1},{"not_picked":["Burning Pact","Fire Breathing"],"picked":"Hemokinesis","floor":4},{"not_picked":["Clash","Spot Weakness"],"picked":"Offering","floor":6},{"not_picked":["Hemokinesis","Clothesline"],"picked":"Metallicize","floor":10},{"not_picked":["Clash","Shrug It Off"],"picked":"Blood for Blood","floor":12},{"not_picked":["Havoc","Flex","Perfected Strike"],"picked":"SKIP","floor":13},{"not_picked":["Thunderclap","Twin Strike"],"picked":"Shrug It Off","floor":14}],"player_experience":714429,"relics_obtained":[{"floor":6,"key":"MawBank"},{"floor":9,"key":"Happy Flower"},{"floor":12,"key":"Bronze Scales"}],"event_choices":[{"damage_healed":0,"gold_gain":150,"player_choice":"AGREE","damage_taken":0,"max_hp_gain":0,"max_hp_loss":0,"event_name":"Liars Game","floor":2,"gold_loss":0,"cards_obtained":["Doubt"]},{"damage_healed":0,"gold_gain":75,"player_choice":"Gather Gold","damage_taken":11,"max_hp_gain":0,"max_hp_loss":0,"event_name":"World of Goop","floor":3,"gold_loss":0},{"damage_healed":0,"gold_gain":0,"player_choice":"Take Damage","damage_taken":26,"relics_obtained":["Golden Idol"],"max_hp_gain":0,"max_hp_loss":0,"event_name":"Golden Idol","floor":5,"gold_loss":0},{"damage_healed":0,"gold_gain":0,"player_choice":"Paid Gold","damage_taken":0,"relics_obtained":["Oddly Smooth Stone"],"max_hp_gain":0,"max_hp_loss":0,"event_name":"WeMeetAgain","floor":8,"gold_loss":70},{"damage_healed":18,"gold_gain":0,"player_choice":"Healed and dodged fight","damage_taken":0,"max_hp_gain":0,"max_hp_loss":0,"event_name":"Mushrooms","floor":11,"gold_loss":0,"cards_obtained":["Parasite"]}],"is_beta":false,"boss_relics":[],"items_purged_floors":[],"is_endless":false,"potions_floor_spawned":[1,4,6,12],"killed_by":"Slime Boss","ascension_level":20}