{"gold_per_floor":[112,287,303,320,338,338,355,355,380,455,455,481,496,510,510,510],"floor_reached":16,"playtime":920,"items_purged":[],"score":155,"play_id":"08ad4f74-a08d-42ac-8e62-71a06b67a863","local_time":"20190221224733","is_ascension_mode":true,"campfire_choices":[{"data":"Zap","floor":6.0,"key":"SMITH"},{"floor":8.0,"key":"REST"},{"data":"Dualcast","floor":11.0,"key":"SMITH"},{"data":"Seek","floor":15.0,"key":"SMITH"}],"neow_cost":"PERCENT_DAMAGE","seed_source_timestamp":19818340102031,"circlet_count":0,"master_deck":["AscendersBane","Strike_B","Strike_B","Strike_B","Strike_B","Defend_B","Defend_B","Defend_B","Defend_B","Zap+1","Dualcast+1","Seek+1","Doubt","Chill","Cold Snap","Conserve Battery","Coolheaded"],"special_seed":0,"relics":["Cracked Core","Smiling Mask","Pen Nib"],"potions_floor_usage":[16,16],"damage_taken":[{"damage":6.0,"enemies":"Jaw Worm","floor":1.0,"turns":5.0},{"damage":0.0,"enemies":"2 Louse","floor":3.0,"turns":3.0},{"damage":3.0,"enemies":"Small Slimes","floor":4.0,"turns":3.0},{"damage":6.0,"enemies":"Looter","floor":5.0,"turns":4.0},{"damage":6.0,"enemies":"3 Louse","floor":7.0,"turns":3.0},{"damage":0.0,"enemies":"Large Slime","floor":13.0,"turns":6.0},{"damage":0.0,"enemies":"2 Fungi Beasts","floor":14.0,"turns":3.0},{"damage":40,"enemies":"Hexaghost","floor":16,"turns":12}],"seed_played":"6621932189866804386","potions_obtained":[{"floor":3.0,"key":"SteroidPotion"},{"floor":5.0,"key":"AttackPotion"},{"floor":7.0,"key":"Dexterity Potion"},{"floor":14.0,"key":"AttackPotion"}],"is_trial":false,"path_per_floor":["M","?","M","M","M","R","M","R","T","?","R","T","M","M","R","B"],"character_chosen":"DEFECT","items_purchased":[],"campfire_rested":1,"item_purchase_floors":[],"current_hp_per_floor":[44,44,44,41,35,35,29,51,51,40,40,40,40,40,40,0],"gold":510,"neow_bonus":"THREE_RARE_CARDS","is_prod":false,"is_daily":false,"chose_seed":false,"campfire_upgraded":3,"win_rate":0,"timestamp":1550818053,"path_taken":["M","?","M","M","M","R","M","R","T","?","R","?","M","?","R","BOSS"],"build_version":"2019-01-23","purchased_purges":0,"victory":false,"max_hp_per_floor":[75,75,75,75,75,75,75,75,75,75,75,75,75,75,75,75],"card_choices":[{"not_picked":["Hyperbeam","All For One"],"picked":"Seek","floor":0.0},{"not_picked":["Compile Driver","Heatsinks","Chaos"],"picked":"SKIP","floor":1.0},{"not_picked":["Chaos","Coolheaded"],"picked":"Chill","floor":3.0},{"not_picked":["Heatsinks","Rebound"],"picked":"Cold Snap","floor":4.0},{"not_picked":["Skim","Coolheaded"],"picked":"Conserve Battery","floor":5.0},{"not_picked":["Streamline","Compile Driver","Rebound"],"picked":"SKIP","floor":7.0},{"not_picked":["Steam","Rip and Tear","Turbo"],"picked":"SKIP","floor":13.0},{"not_picked":["Beam Cell","Conserve Battery"],"picked":"Coolheaded","floor":14.0}],"player_experience":464023,"relics_obtained":[{"floor":9.0,"key":"Smiling Mask"},{"floor":12.0,"key":"Pen Nib"}],"event_choices":[{"damage_healed":0.0,"max_hp_gain":0.0,"max_hp_loss":0.0,"gold_gain":175.0,"event_name":"Liars Game","player_choice":"AGREE","floor":2.0,"gold_loss":0.0,"damage_taken":0.0,"cards_obtained":["Doubt"]},{"damage_healed":0.0,"max_hp_gain":0.0,"max_hp_loss":0.0,"gold_gain":75.0,"event_name":"World of Goop","player_choice":"Gather Gold","floor":10.0,"gold_loss":0.0,"damage_taken":11.0}],"is_beta":false,"boss_relics":[],"items_purged_floors":[],"is_endless":false,"potions_floor_spawned":[3,5,7,14],"killed_by":"Hexaghost","ascension_level":13}