{"gold_per_floor":[114,134,144,1,14,49,49,49,49,49],"floor_reached":10,"playtime":256,"items_purged":[],"score":119,"play_id":"c832c9e0-6612-4341-bd9c-48e07b8f4b03","local_time":"20190124152928","is_ascension_mode":true,"campfire_choices":[{"data":"Limit Break","floor":7,"key":"SMITH"}],"neow_cost":"PERCENT_DAMAGE","seed_source_timestamp":572974560079516,"circlet_count":0,"master_deck":["AscendersBane","Strike_R","Strike_R","Strike_R","Strike_R","Strike_R","Defend_R","Defend_R","Defend_R","Defend_R","Bash","Limit Break+1","Flex"],"relics":["Burning Blood","Red Skull","Happy Flower","Pantograph"],"potions_floor_usage":[2,6],"damage_taken":[{"damage":8,"enemies":"Jaw Worm","floor":1,"turns":5},{"damage":6,"enemies":"Cultist","floor":2,"turns":4},{"damage":7,"enemies":"2 Louse","floor":3,"turns":4},{"damage":6,"enemies":"Exordium Wildlife","floor":5,"turns":5},{"damage":41,"enemies":"Gremlin Nob","floor":6,"turns":5},{"damage":20,"enemies":"3 Sentries","floor":10,"turns":2}],"seed_played":"-2972065696195703270","potions_obtained":[{"floor":1,"key":"BloodPotion"},{"floor":5,"key":"PowerPotion"}],"is_trial":false,"path_per_floor":["M","M","M","$","M","E","R","?","T","E"],"character_chosen":"IRONCLAD","items_purchased":["Red Skull"],"campfire_rested":0,"item_purchase_floors":[4],"current_hp_per_floor":[48,55,54,54,54,19,19,19,19,0],"gold":49,"neow_bonus":"THREE_RARE_CARDS","is_prod":false,"is_daily":false,"chose_seed":false,"campfire_upgraded":1,"win_rate":0,"timestamp":1548361768,"path_taken":["M","M","M","$","M","E","R","?","T","E"],"build_version":"2019-01-23","purchased_purges":0,"victory":false,"max_hp_per_floor":[75,75,75,75,75,75,75,75,75,75],"card_choices":[{"not_picked":["Exhume","Barricade"],"picked":"Limit Break","floor":0},{"not_picked":["Combust","Headbutt","Twin Strike"],"picked":"SKIP","floor":1},{"not_picked":["Sword Boomerang","Body Slam","Havoc"],"picked":"SKIP","floor":2},{"not_picked":["Body Slam","Wild Strike","Seeing Red"],"picked":"SKIP","floor":3},{"not_picked":["Anger","Iron Wave","Wild Strike"],"picked":"SKIP","floor":5},{"not_picked":["Uppercut","Shrug It Off"],"picked":"Flex","floor":6}],"player_experience":420008,"relics_obtained":[{"floor":6,"key":"Happy Flower"},{"floor":9,"key":"Pantograph"}],"event_choices":[{"damage_healed":0,"gold_gain":0,"player_choice":"0 cards matched","damage_taken":0,"max_hp_gain":0,"max_hp_loss":0,"event_name":"Match and Keep!","floor":8,"gold_loss":0,"cards_obtained":[]}],"is_beta":false,"boss_relics":[],"items_purged_floors":[],"is_endless":false,"potions_floor_spawned":[1,5],"killed_by":"3 Sentries","ascension_level":15}