{"gold_per_floor":[114,114,132,132,146,146,162,162,162,175,191,203,234,244,244,339,339,351,376,386,397,397,397,397,397,423,31,31,64,75,75,75,174,174,188,201,20,38,38,38,138,138,138,163,163,163,216,235,235,235],"floor_reached":50,"playtime":2836,"items_purged":["Strike_G"],"score":517,"play_id":"f754ada8-40c6-40df-af8b-e70ec7cbe37b","local_time":"20190102164718","is_ascension_mode":false,"campfire_choices":[{"floor":6,"key":"REST"},{"data":"Slice","floor":8,"key":"SMITH"},{"data":"Terror","floor":15,"key":"SMITH"},{"floor":23,"key":"REST"},{"floor":25,"key":"REST"},{"data":"Blade Dance","floor":28,"key":"SMITH"},{"floor":32,"key":"REST"},{"data":"Bandage Up","floor":42,"key":"SMITH"},{"floor":46,"key":"REST"},{"floor":49,"key":"REST"}],"neow_cost":"NONE","seed_source_timestamp":2971896243455,"circlet_count":0,"master_deck":["Defend_G","Defend_G","Defend_G+1","Defend_G","Defend_G+1","Strike_G","Strike_G","Strike_G","Strike_G","Survivor","Neutralize","Slice+1","Crippling Poison+1","Backstab","Unload","Crippling Poison","Terror+1","Blade Dance+1","PiercingWail","Slice","Tools of the Trade+1","Dagger Spray","Deflect","Infinite Blades+1","Dagger Throw","Footwork+1","Bandage Up+1","Calculated Gamble","Dodge and Roll+1","PiercingWail+1","Phantasmal Killer","Panache+1","Calculated Gamble+1","Unload","Bandage Up","Swift Strike","Finisher"],"relics":["Ring of the Snake","Singing Bowl","War Paint","Frozen Egg 2","WristBlade","Dream Catcher","Nilry\u0027s Codex","Lantern","Pen Nib","Sling","Dodecahedron","Busted Crown","Pocketwatch","Pantograph","Ancient Tea Set","Incense Burner"],"potions_floor_usage":[13,16,16,33,48,50],"damage_taken":[{"damage":0,"enemies":"Cultist","floor":1,"turns":3},{"damage":0,"enemies":"Jaw Worm","floor":3,"turns":7},{"damage":5,"enemies":"Small Slimes","floor":5,"turns":3},{"damage":4,"enemies":"Looter","floor":7,"turns":3},{"damage":7,"enemies":"Lots of Slimes","floor":10,"turns":2},{"damage":10,"enemies":"Blue Slaver","floor":11,"turns":3},{"damage":6,"enemies":"Large Slime","floor":12,"turns":5},{"damage":25,"enemies":"3 Sentries","floor":13,"turns":8},{"damage":0,"enemies":"3 Louse","floor":14,"turns":4},{"damage":6,"enemies":"Hexaghost","floor":16,"turns":7},{"damage":11,"enemies":"3 Byrds","floor":18,"turns":4},{"damage":0,"enemies":"Shell Parasite","floor":20,"turns":4},{"damage":15,"enemies":"Snake Plant","floor":21,"turns":4},{"damage":17,"enemies":"Book of Stabbing","floor":29,"turns":3},{"damage":15,"enemies":"Shelled Parasite and Fungi","floor":30,"turns":5},{"damage":1,"enemies":"Champ","floor":33,"turns":11},{"damage":15,"enemies":"3 Darklings","floor":35,"turns":5},{"damage":4,"enemies":"3 Shapes","floor":36,"turns":3},{"damage":41,"enemies":"Spire Growth","floor":38,"turns":5},{"damage":0,"enemies":"Mind Bloom Boss Battle","floor":41,"turns":4},{"damage":18,"enemies":"Reptomancer","floor":44,"turns":4},{"damage":49,"enemies":"2 Orb Walkers","floor":47,"turns":6},{"damage":17,"enemies":"Transient","floor":48,"turns":5},{"damage":86,"enemies":"Time Eater","floor":50,"turns":9}],"seed_played":"6174912418424118455","potions_obtained":[{"floor":5,"key":"LiquidBronze"},{"floor":7,"key":"Poison Potion"},{"floor":10,"key":"Strength Potion"},{"floor":11,"key":"Regen Potion"},{"floor":13,"key":"Ancient Potion"},{"floor":20,"key":"Fire Potion"},{"floor":29,"key":"Regen Potion"},{"floor":30,"key":"Block Potion"},{"floor":33,"key":"SpeedPotion"},{"floor":35,"key":"FearPotion"}],"is_trial":false,"path_per_floor":["M","T","M","?","M","R","M","R","T","M","M","M","E","M","R","B",null,"M","T","M","M","?","R","?","R","T","$","R","E","M","$","R","B",null,"M","M","$","M","$","?","?","R","T","E","?","R","?","M","R","B"],"character_chosen":"THE_SILENT","items_purchased":["Bandage Up","Sling","Calculated Gamble","Panache+1"],"campfire_rested":6,"item_purchase_floors":[27,27,27,37],"current_hp_per_floor":[70,70,70,70,65,70,66,66,66,59,49,43,33,33,33,27,70,59,59,59,44,28,49,49,70,70,70,70,55,44,44,65,72,72,63,65,65,30,30,68,68,68,68,50,42,65,28,23,45,0],"gold":235,"neow_bonus":"ONE_RANDOM_RARE_CARD","is_prod":false,"is_daily":false,"chose_seed":false,"campfire_upgraded":4,"win_rate":0.0,"timestamp":1546415238,"path_taken":["M","?","M","?","M","R","M","R","T","M","M","M","E","?","R","BOSS","M","?","M","M","?","R","?","R","T","$","R","E","M","$","R","BOSS","M","M","$","?","$","?","?","R","T","E","?","R","?","?","R","BOSS"],"build_version":"2018-12-20","purchased_purges":1,"victory":false,"max_hp_per_floor":[70,70,70,70,70,70,70,70,70,70,70,70,70,70,70,70,70,70,70,70,70,70,70,70,70,70,70,70,72,72,72,72,72,72,74,76,76,78,78,68,68,68,68,68,70,72,74,76,76,76],"card_choices":[{"not_picked":["Flying Knee","Sucker Punch"],"picked":"Slice","floor":1},{"not_picked":["Deadly Poison","Masterful Stab"],"picked":"Crippling Poison","floor":3},{"not_picked":["Eviscerate","Underhanded Strike"],"picked":"Backstab","floor":5},{"not_picked":["Acrobatics","Distraction"],"picked":"Unload","floor":7},{"not_picked":["Flechettes","Dagger Spray"],"picked":"Crippling Poison","floor":10},{"not_picked":["Finisher","Dagger Spray"],"picked":"Terror","floor":11},{"not_picked":["PiercingWail","Bane"],"picked":"Blade Dance","floor":12},{"not_picked":["Crippling Poison","All Out Attack"],"picked":"PiercingWail","floor":13},{"not_picked":["Acrobatics","Quick Slash"],"picked":"Slice","floor":14},{"not_picked":["Wraith Form v2+1","A Thousand Cuts+1"],"picked":"Tools of the Trade+1","floor":16},{"not_picked":["Outmaneuver","Bane"],"picked":"Dagger Spray","floor":18},{"not_picked":["Flechettes","Heel Hook"],"picked":"Deflect","floor":20},{"not_picked":["Dagger Throw","Deadly Poison"],"picked":"Infinite Blades+1","floor":21},{"not_picked":["Bane","Poisoned Stab"],"picked":"Dagger Throw","floor":23},{"not_picked":["Prepared","All Out Attack"],"picked":"Footwork+1","floor":25},{"not_picked":["Backflip","Underhanded Strike","Venomology"],"picked":"Singing Bowl","floor":29},{"not_picked":["Deadly Poison","Infinite Blades+1"],"picked":"Dodge and Roll+1","floor":30},{"not_picked":["Finisher+1","Masterful Stab"],"picked":"PiercingWail+1","floor":32},{"not_picked":["Wraith Form v2+1","Bullet Time"],"picked":"Phantasmal Killer","floor":33},{"not_picked":["Outmaneuver+1"],"picked":"Singing Bowl","floor":35},{"not_picked":["Underhanded Strike"],"picked":"Singing Bowl","floor":36},{"not_picked":["Sucker Punch"],"picked":"Singing Bowl","floor":38},{"not_picked":[],"picked":"Calculated Gamble+1","floor":41},{"not_picked":[],"picked":"Unload","floor":44},{"not_picked":[],"picked":"Bandage Up","floor":45},{"not_picked":[],"picked":"Swift Strike","floor":45},{"not_picked":["Madness"],"picked":"Singing Bowl","floor":45},{"not_picked":["Flying Knee+1"],"picked":"Singing Bowl","floor":46},{"not_picked":["Flying Knee"],"picked":"Singing Bowl","floor":47},{"not_picked":["Poisoned Stab+1"],"picked":"Singing Bowl","floor":48},{"not_picked":[],"picked":"Finisher","floor":49}],"player_experience":41166,"relics_obtained":[{"floor":2,"key":"Singing Bowl"},{"floor":9,"key":"War Paint"},{"floor":13,"key":"Frozen Egg 2"},{"floor":19,"key":"Dream Catcher"},{"floor":22,"key":"Nilry\u0027s Codex"},{"floor":26,"key":"Pen Nib"},{"floor":29,"key":"Dodecahedron"},{"floor":41,"key":"Pocketwatch"},{"floor":43,"key":"Pantograph"},{"floor":44,"key":"Ancient Tea Set"},{"floor":47,"key":"Incense Burner"}],"event_choices":[{"damage_healed":0,"gold_gain":0,"player_choice":"Upgraded","damage_taken":0,"max_hp_gain":0,"max_hp_loss":0,"event_name":"Upgrade Shrine","floor":4,"gold_loss":0,"cards_upgraded":["Crippling Poison"]},{"damage_healed":0,"gold_gain":0,"player_choice":"Obtained Book","damage_taken":16,"max_hp_gain":0,"max_hp_loss":0,"event_name":"Cursed Tome","floor":22,"gold_loss":0},{"cards_removed":["Night Terror"],"damage_healed":0,"gold_gain":0,"player_choice":"Gave Card","damage_taken":0,"relics_obtained":["Lantern"],"max_hp_gain":0,"max_hp_loss":0,"event_name":"WeMeetAgain","floor":24,"gold_loss":0},{"damage_healed":68,"gold_gain":0,"player_choice":"Heal","damage_taken":0,"max_hp_gain":0,"max_hp_loss":10,"event_name":"The Moai Head","floor":40,"gold_loss":0},{"damage_healed":0,"gold_gain":0,"player_choice":"Fight","damage_taken":0,"max_hp_gain":0,"max_hp_loss":0,"event_name":"MindBloom","floor":41,"gold_loss":0},{"damage_healed":0,"gold_gain":0,"player_choice":"Memory 3","damage_taken":10,"max_hp_gain":0,"max_hp_loss":0,"event_name":"SensoryStone","floor":45,"gold_loss":0},{"damage_healed":0,"gold_gain":0,"player_choice":"Fight","damage_taken":0,"max_hp_gain":0,"max_hp_loss":0,"event_name":"Mysterious Sphere","floor":47,"gold_loss":0}],"is_beta":false,"boss_relics":[{"not_picked":["Orrery","Velvet Choker"],"picked":"WristBlade"},{"not_picked":["Snecko Eye","Runic Dome"],"picked":"Busted Crown"}],"items_purged_floors":[27],"is_endless":false,"potions_floor_spawned":[5,7,10,11,13,20,29,30,33,35,41,44],"killed_by":"Time Eater","ascension_level":0}