{"gold_per_floor":[115,133,16,16,34,67,67,101,182,195,211,211,112,112],"floor_reached":14,"playtime":398,"items_purged":["Strike_R"],"score":200,"play_id":"7d567645-80ff-46f4-a1bc-66ba9f3a04f6","local_time":"20190201074609","is_ascension_mode":true,"campfire_choices":[{"data":"Perfected Strike","floor":7,"key":"SMITH"}],"neow_cost":"NONE","seed_source_timestamp":1236304679295097,"circlet_count":0,"master_deck":["AscendersBane","Strike_R","Strike_R","Strike_R","Strike_R","Defend_R","Defend_R","Defend_R","Defend_R","Bash","Clothesline","Ghostly Armor","Ghostly Armor","Perfected Strike+1","Pommel Strike","Havoc","Whirlwind","True Grit"],"relics":["Burning Blood","NeowsBlessing","CultistMask","Champion Belt","Happy Flower","Blue Candle","Dream Catcher"],"potions_floor_usage":[6,10,11],"damage_taken":[{"damage":0,"enemies":"2 Louse","floor":1,"turns":1},{"damage":0,"enemies":"Cultist","floor":2,"turns":1},{"damage":0,"enemies":"Small Slimes","floor":5,"turns":1},{"damage":43,"enemies":"Gremlin Nob","floor":6,"turns":6},{"damage":35,"enemies":"Lagavulin","floor":8,"turns":8},{"damage":7,"enemies":"3 Louse","floor":10,"turns":3},{"damage":0,"enemies":"Looter","floor":11,"turns":3},{"damage":15,"enemies":"3 Sentries","floor":14,"turns":2}],"seed_played":"5162009430248141140","potions_obtained":[{"floor":1,"key":"SteroidPotion"},{"floor":2,"key":"LiquidBronze"},{"floor":6,"key":"Weak Potion"}],"is_trial":false,"path_per_floor":["M","M","$","?","M","E","R","E","T","M","M","?","?","E"],"character_chosen":"IRONCLAD","items_purchased":["Ghostly Armor"],"campfire_rested":0,"item_purchase_floors":[3],"current_hp_per_floor":[74,75,75,75,75,38,38,9,9,8,14,14,14,0],"gold":112,"neow_bonus":"THREE_ENEMY_KILL","is_prod":false,"is_daily":false,"chose_seed":false,"campfire_upgraded":1,"win_rate":0,"timestamp":1549025169,"path_taken":["M","M","$","?","M","E","R","E","T","?","M","?","?","E"],"build_version":"2019-01-23","purchased_purges":1,"victory":false,"max_hp_per_floor":[75,75,75,75,75,75,75,75,75,75,75,75,75,75],"card_choices":[{"not_picked":["Inflame","Armaments"],"picked":"Clothesline","floor":1},{"not_picked":["Anger","Pommel Strike"],"picked":"Ghostly Armor","floor":2},{"not_picked":["Inflame","Barricade"],"picked":"Perfected Strike","floor":5},{"not_picked":["Heavy Blade","Clothesline"],"picked":"Pommel Strike","floor":6},{"not_picked":["Hemokinesis","Clash"],"picked":"Havoc","floor":8},{"not_picked":["Seeing Red","Rupture"],"picked":"Whirlwind","floor":10},{"not_picked":["Clothesline","Iron Wave"],"picked":"True Grit","floor":11}],"player_experience":611725,"relics_obtained":[{"floor":6,"key":"Champion Belt"},{"floor":8,"key":"Happy Flower"},{"floor":9,"key":"Blue Candle"}],"event_choices":[{"damage_healed":0,"gold_gain":0,"player_choice":"Trade","damage_taken":0,"relics_obtained":["CultistMask"],"max_hp_gain":0,"max_hp_loss":0,"event_name":"FaceTrader","floor":4,"gold_loss":0},{"damage_healed":0,"gold_gain":0,"player_choice":"Fled","damage_taken":0,"max_hp_gain":0,"max_hp_loss":0,"event_name":"Scrap Ooze","floor":12,"gold_loss":0},{"damage_healed":0,"gold_gain":0,"player_choice":"Paid Gold","damage_taken":0,"relics_obtained":["Dream Catcher"],"max_hp_gain":0,"max_hp_loss":0,"event_name":"WeMeetAgain","floor":13,"gold_loss":99}],"is_beta":false,"boss_relics":[],"items_purged_floors":[3],"is_endless":false,"potions_floor_spawned":[1,2,6,8],"killed_by":"3 Sentries","ascension_level":20}