{"path_per_floor":["M","?","?","$","?","E","M","E","T","E","R","M","$","E","R","B",null,"M","M","?","M"],"character_chosen":"DEFECT","items_purchased":["Streamline","Gash+1","Doom and Gloom+1"],"gold_per_floor":[113,113,63,9,9,37,51,77,77,108,108,125,44,72,72,175,175,190,209,209,219,219],"floor_reached":22,"campfire_rested":1,"playtime":1292,"item_purchase_floors":[],"current_hp_per_floor":[66,71,71,71,71,65,60,43,43,13,37,37,37,31,31,11,63,27,23,23,2,0],"items_purged":[],"gold":219,"score":276,"play_id":"7af9458d-fe25-4b37-a898-118ffc4ca6cf","local_time":"20180606133936","is_prod":false,"is_daily":false,"chose_seed":false,"is_ascension_mode":true,"campfire_upgraded":1,"win_rate":0,"timestamp":1528285176,"campfire_choices":[{"floor":11.0,"key":"REST"},{"data":"Hologram","floor":15.0,"key":"SMITH"}],"path_taken":["M","?","?","$","?","E","M","E","T","E","R","?","$","E","R","BOSS","M","M","?","?","M"],"build_version":"2018-05-31","seed_source_timestamp":1805799937831944,"purchased_purges":0,"victory":false,"master_deck":["Strike_B","Strike_B","Strike_B","Defend_B","Defend_B","Defend_B","Defend_B","Zap","Dualcast","White Noise","Streamline","Gash","Auto Shields","Creative AI","Hologram+1","Steam","Gash+1","Doom and Gloom+1","Sweeping Beam+1","Machine Learning","Stack+1","Doom and Gloom+1","Skim+1","Scrape+1","Go for the Eyes+1","Go for the Eyes+1","Chaos+1","Conserve Battery+1"],"max_hp_per_floor":[75,80,80,80,80,80,80,80,80,80,80,80,80,80,80,80,80,80,80,80,80,80],"relics":["Cracked Core","Ginger","Bag of Preparation","Molten Egg 2","Potion Belt","Toxic Egg 2","Orrery"],"card_choices":[{"not_picked":["Compile Driver","Hologram"],"picked":"White Noise","floor":1.0},{"not_picked":["Reinforced Body","Doom and Gloom"],"picked":"Gash","floor":6.0},{"not_picked":["Cold Snap","Turbo"],"picked":"Auto Shields","floor":7.0},{"not_picked":["Steam Power","Leap"],"picked":"Creative AI","floor":8.0},{"not_picked":["Compile Driver+1","Glacier"],"picked":"Hologram","floor":10.0},{"not_picked":["Redo","Static Discharge"],"picked":"Steam","floor":12.0},{"not_picked":["Go for the Eyes+1","Doom and Gloom+1"],"picked":"Sweeping Beam+1","floor":14.0},{"not_picked":["Thunder Strike+1","Core Surge+1"],"picked":"Machine Learning","floor":16},{"not_picked":["Beam Cell+1","Hologram+1"],"picked":"Stack+1","floor":17},{"not_picked":["Defragment","Auto Shields+1"],"picked":"Doom and Gloom+1","floor":17},{"not_picked":["Barrage+1","BootSequence+1"],"picked":"Skim+1","floor":17},{"not_picked":["Doom and Gloom+1","Lockon+1"],"picked":"Scrape+1","floor":17},{"not_picked":["Static Discharge","Conserve Battery+1"],"picked":"Go for the Eyes+1","floor":17},{"not_picked":["Conserve Battery+1","Rebound+1"],"picked":"Go for the Eyes+1","floor":18},{"not_picked":["Reprogram+1","Capacitor"],"picked":"Chaos+1","floor":19},{"not_picked":["Beam Cell+1","Consume+1"],"picked":"Conserve Battery+1","floor":21}],"player_experience":473776,"potions_floor_usage":[16,19],"damage_taken":[{"damage":2.0,"enemies":"Jaw Worm","floor":1.0,"turns":3.0},{"damage":6.0,"enemies":"Gremlin Nob","floor":6.0,"turns":3.0},{"damage":5.0,"enemies":"Small Slimes","floor":7.0,"turns":3.0},{"damage":17.0,"enemies":"Lagavulin","floor":8.0,"turns":9.0},{"damage":30.0,"enemies":"Gremlin Nob","floor":10.0,"turns":4.0},{"damage":0.0,"enemies":"2 Louse","floor":12.0,"turns":2.0},{"damage":6.0,"enemies":"3 Sentries","floor":14.0,"turns":4.0},{"damage":27,"enemies":"Hexaghost","floor":16,"turns":9},{"damage":36,"enemies":"2 Thieves","floor":18,"turns":5},{"damage":4,"enemies":"Chosen","floor":19,"turns":5},{"damage":21,"enemies":"Centurion and Healer","floor":21,"turns":7},{"damage":31,"enemies":"Chosen and Byrds","floor":22,"turns":4}],"relics_obtained":[{"floor":6.0,"key":"Ginger"},{"floor":8.0,"key":"Bag of Preparation"},{"floor":9.0,"key":"Molten Egg 2"},{"floor":10.0,"key":"Potion Belt"},{"floor":14.0,"key":"Toxic Egg 2"}],"event_choices":[{"event_name":"Big Fish","player_choice":"Donut","floor":2.0,"damage_taken":0.0},{"event_name":"The Cleric","player_choice":"Card Removal","floor":3.0,"damage_taken":0.0},{"event_name":"The Lab","player_choice":"Got Potions","floor":5.0,"damage_taken":0.0},{"event_name":"Drug Dealer","player_choice":"Ignored","floor":20,"damage_taken":0}],"boss_relics":[{"not_picked":["Runic Pyramid","Runic Dome"],"picked":"Orrery"}],"items_purged_floors":[],"potions_floor_spawned":[7,8,10,12,18,19],"seed_played":"7757155385721226233","killed_by":"Chosen and Byrds","ascension_level":6,"potions_obtained":[{"floor":5.0,"key":"Block Potion"},{"floor":5.0,"key":"SneckoOil"},{"floor":5.0,"key":"Fire Potion"},{"floor":7.0,"key":"LiquidBronze"},{"floor":8.0,"key":"AttackPotion"},{"floor":10.0,"key":"Explosive Potion"},{"floor":12.0,"key":"GamblersBrew"},{"floor":18,"key":"Energy Potion"},{"floor":19,"key":"Ancient Potion"}],"is_trial":false}