{"gold_per_floor":[112,126,51,70,90,90,121,136,136,147,181,181,197,272,272,272],"floor_reached":16,"playtime":572,"items_purged":["Strike_B"],"score":179,"play_id":"3d3509ed-ab75-45f5-9840-a47fbb4a3021","local_time":"20190205194513","is_ascension_mode":true,"campfire_choices":[{"data":"Zap","floor":6,"key":"SMITH"},{"floor":12,"key":"REST"},{"floor":15,"key":"REST"}],"neow_cost":"NONE","seed_source_timestamp":19609350595150,"circlet_count":0,"master_deck":["Strike_B","Strike_B","Strike_B","Defend_B","Defend_B","Defend_B","Defend_B","Zap+1","Dualcast","Melter","Rip and Tear","Ball Lightning","Reinforced Body","Rebound","Genetic Algorithm","Coolheaded","Turbo","BootSequence"],"relics":["Cracked Core","NeowsBlessing","Pear","Smiling Mask","Boot"],"potions_floor_usage":[15],"damage_taken":[{"damage":0,"enemies":"Cultist","floor":1,"turns":1},{"damage":0,"enemies":"Small Slimes","floor":2,"turns":1},{"damage":0,"enemies":"2 Louse","floor":4,"turns":1},{"damage":2,"enemies":"Looter","floor":5,"turns":3},{"damage":30,"enemies":"Lagavulin","floor":7,"turns":4},{"damage":2,"enemies":"Exordium Wildlife","floor":8,"turns":3},{"damage":0,"enemies":"3 Louse","floor":10,"turns":2},{"damage":22,"enemies":"3 Sentries","floor":11,"turns":6},{"damage":6,"enemies":"Large Slime","floor":13,"turns":5},{"damage":65,"enemies":"Slime Boss","floor":16,"turns":9}],"seed_played":"-6582509686330287832","potions_obtained":[{"floor":1,"key":"SpeedPotion"},{"floor":4,"key":"Ancient Potion"},{"floor":5,"key":"Dexterity Potion"},{"floor":13,"key":"Fruit Juice"}],"is_trial":false,"path_per_floor":["M","M","$","M","M","R","E","M","T","M","E","R","M","?","R","B"],"character_chosen":"DEFECT","items_purchased":[],"campfire_rested":2,"item_purchase_floors":[],"current_hp_per_floor":[68,68,68,68,66,66,46,44,44,44,22,47,41,30,62,0],"gold":272,"neow_bonus":"THREE_ENEMY_KILL","is_prod":false,"is_daily":false,"chose_seed":false,"campfire_upgraded":1,"win_rate":0,"timestamp":1549363513,"path_taken":["M","?","?","?","M","R","E","M","T","M","E","R","M","?","R","BOSS"],"build_version":"2019-01-23","purchased_purges":1,"victory":false,"max_hp_per_floor":[75,75,75,75,75,75,85,85,85,85,85,85,85,85,90,90],"card_choices":[{"not_picked":["Coolheaded","Go for the Eyes"],"picked":"Melter","floor":1},{"not_picked":["Chill","FTL"],"picked":"Rip and Tear","floor":2},{"not_picked":["Steam","Stack"],"picked":"Ball Lightning","floor":4},{"not_picked":["Redo","Conserve Battery"],"picked":"Reinforced Body","floor":5},{"not_picked":["Meteor Strike","Ball Lightning"],"picked":"Rebound","floor":7},{"not_picked":["Aggregate","Blizzard"],"picked":"Genetic Algorithm","floor":8},{"not_picked":["Chill","Compile Driver"],"picked":"Coolheaded","floor":10},{"not_picked":["Loop","Scrape"],"picked":"Turbo","floor":11},{"not_picked":["Beam Cell","Reprogram"],"picked":"BootSequence","floor":13}],"player_experience":262110,"relics_obtained":[{"floor":7,"key":"Pear"},{"floor":9,"key":"Smiling Mask"},{"floor":11,"key":"Boot"}],"event_choices":[{"damage_healed":0,"gold_gain":75,"player_choice":"Gather Gold","damage_taken":11,"max_hp_gain":0,"max_hp_loss":0,"event_name":"World of Goop","floor":14,"gold_loss":0}],"is_beta":false,"boss_relics":[],"items_purged_floors":[3],"is_endless":false,"potions_floor_spawned":[1,4,5,13],"killed_by":"Slime Boss","ascension_level":7}