{"gold_per_floor":[118,43,143,161,161,217,217,244,244,274,285,285,298,311,311,406,406,346,346,31,42,42,42,55,55],"floor_reached":25,"playtime":876,"items_purged":["Strike_B"],"score":281,"play_id":"2d9310cb-82f6-47e7-974e-2bca7be661f6","local_time":"20190106190903","is_ascension_mode":true,"campfire_choices":[{"data":"Coolheaded","floor":7,"key":"SMITH"},{"floor":15,"key":"REST"},{"floor":23,"key":"REST"}],"neow_cost":"NONE","seed_source_timestamp":20601376696526,"circlet_count":0,"master_deck":["Strike_B","Strike_B","Strike_B","Defend_B","Defend_B","Defend_B+1","Defend_B","Zap","Dualcast+1","Coolheaded+1","Rebound","Streamline","Gash","Fusion","Go for the Eyes","Gash","Conserve Battery","Creative AI","Writhe","Turbo","Cold Snap","FTL"],"relics":["Cracked Core","NeowsBlessing","Tiny Chest","Potion Belt","Blue Candle","War Paint","Black Star","Bronze Scales","Question Card"],"potions_floor_usage":[16,21,25],"damage_taken":[{"damage":0,"enemies":"Small Slimes","floor":1,"turns":1},{"damage":0,"enemies":"Cultist","floor":4,"turns":1},{"damage":0,"enemies":"Gremlin Nob","floor":6,"turns":1},{"damage":25,"enemies":"3 Sentries","floor":8,"turns":9},{"damage":23,"enemies":"Lagavulin","floor":10,"turns":5},{"damage":0,"enemies":"2 Louse","floor":11,"turns":2},{"damage":9,"enemies":"Exordium Wildlife","floor":13,"turns":4},{"damage":4,"enemies":"3 Louse","floor":14,"turns":3},{"damage":33,"enemies":"Hexaghost","floor":16,"turns":11},{"damage":33,"enemies":"2 Thieves","floor":18,"turns":4},{"damage":17,"enemies":"3 Byrds","floor":21,"turns":3},{"damage":41,"enemies":"Snake Plant","floor":24,"turns":5},{"damage":12,"enemies":"Book of Stabbing","floor":25,"turns":2}],"seed_played":"-6249480200724339875","potions_obtained":[{"floor":4,"key":"FocusPotion"},{"floor":11,"key":"AttackPotion"},{"floor":13,"key":"Fire Potion"},{"floor":14,"key":"SpeedPotion"},{"floor":21,"key":"FocusPotion"}],"is_trial":false,"path_per_floor":["M","$","?","M","?","E","R","E","T","E","M","?","M","M","R","B",null,"M","?","$","M","?","R","M","E"],"character_chosen":"DEFECT","items_purchased":["Question Card","Turbo"],"campfire_rested":2,"item_purchase_floors":[20,20],"current_hp_per_floor":[75,75,75,75,75,75,75,50,50,27,27,27,18,14,36,3,75,42,42,42,25,25,47,6,0],"gold":55,"neow_bonus":"THREE_ENEMY_KILL","is_prod":false,"is_daily":false,"chose_seed":false,"campfire_upgraded":1,"win_rate":0,"timestamp":1546769343,"path_taken":["M","$","?","?","?","E","R","E","T","E","M","?","M","?","R","BOSS","M","?","$","M","?","R","M","E"],"build_version":"2019-01-03v4","purchased_purges":1,"victory":false,"max_hp_per_floor":[75,75,75,75,75,75,75,75,75,75,75,75,75,75,75,75,75,75,75,75,75,75,75,75,75],"card_choices":[{"not_picked":["Turbo","Hologram"],"picked":"Coolheaded","floor":1},{"not_picked":["Conserve Battery","Redo"],"picked":"Rebound","floor":4},{"not_picked":["Glacier","Blizzard"],"picked":"Streamline","floor":6},{"not_picked":["Hello World","Beam Cell"],"picked":"Gash","floor":8},{"not_picked":["Steam Power","Stack"],"picked":"Fusion","floor":10},{"not_picked":["Multi-Cast","Force Field"],"picked":"Go for the Eyes","floor":11},{"not_picked":["Glacier","Doom and Gloom"],"picked":"Gash","floor":13},{"not_picked":["Aggregate","Streamline"],"picked":"Conserve Battery","floor":14},{"not_picked":["Electrodynamics","Hyperbeam"],"picked":"Creative AI","floor":16},{"not_picked":["Darkness","Chaos","Static Discharge"],"picked":"SKIP","floor":18},{"not_picked":["Heatsinks","Ball Lightning+1","Redo"],"picked":"Cold Snap","floor":21},{"not_picked":["Compile Driver","Loop","Stack"],"picked":"FTL","floor":24}],"player_experience":141825,"relics_obtained":[{"floor":6,"key":"Tiny Chest"},{"floor":8,"key":"Potion Belt"},{"floor":9,"key":"Blue Candle"},{"floor":10,"key":"War Paint"}],"event_choices":[{"damage_healed":0,"gold_gain":100,"player_choice":"Pray","damage_taken":0,"max_hp_gain":0,"max_hp_loss":0,"event_name":"Golden Shrine","floor":3,"gold_loss":0},{"damage_healed":0,"gold_gain":0,"player_choice":"Ignored","damage_taken":0,"max_hp_gain":0,"max_hp_loss":0,"event_name":"Golden Idol","floor":5,"gold_loss":0},{"damage_healed":0,"gold_gain":0,"player_choice":"Ignored","damage_taken":0,"max_hp_gain":0,"max_hp_loss":0,"event_name":"Liars Game","floor":12,"gold_loss":0},{"damage_healed":0,"gold_gain":0,"player_choice":"Opened","damage_taken":0,"relics_obtained":["Bronze Scales"],"max_hp_gain":0,"max_hp_loss":0,"event_name":"The Mausoleum","floor":19,"gold_loss":0,"cards_obtained":["Writhe"]},{"damage_healed":0,"gold_gain":0,"player_choice":"Ignored","damage_taken":0,"max_hp_gain":0,"max_hp_loss":0,"event_name":"Cursed Tome","floor":22,"gold_loss":0}],"is_beta":false,"boss_relics":[{"not_picked":["Tiny House","Runic Dome"],"picked":"Black Star"}],"items_purged_floors":[2],"is_endless":false,"potions_floor_spawned":[4,11,13,14,21],"killed_by":"Book of Stabbing","ascension_level":3}