{"gold_per_floor":[116,134,134,7,7,7,19,19,99,126,126,142,66,76,76,172,172,189,199,88,188,200,200,233,233,233,233,244,159,159,12,12,112,112,130,230,245,245,265,265,283,283,359,359,84,102,112,112,112,112],"floor_reached":51,"playtime":2851,"items_purged":["Strike_G","Strike_G"],"score":695,"play_id":"01d22976-daee-4a26-934d-2a9aeb2ede63","local_time":"20190104003806","is_ascension_mode":false,"campfire_choices":[{"data":"Deadly Poison","floor":6,"key":"SMITH"},{"data":"Footwork","floor":8,"key":"SMITH"},{"data":"Dodge and Roll","floor":11,"key":"SMITH"},{"data":"Deadly Poison","floor":15,"key":"SMITH"},{"floor":23,"key":"REST"},{"floor":25,"key":"REST"},{"data":"Noxious Fumes","floor":30,"key":"SMITH"},{"data":"Blur","floor":32,"key":"SMITH"},{"data":"Night Terror","floor":40,"key":"SMITH"},{"data":"Malaise","floor":42,"key":"SMITH"},{"data":"Deflect","floor":44,"key":"SMITH"},{"data":"Burst","floor":49,"key":"SMITH"}],"neow_cost":"NONE","seed_source_timestamp":51014742092264,"circlet_count":0,"master_deck":["Defend_G","Defend_G","Defend_G","Defend_G","Strike_G","Strike_G","Survivor","Neutralize+1","Dodge and Roll+1","Deadly Poison+1","Footwork+1","Quick Slash","Deadly Poison+1","Blur+1","Backflip","Malaise+1","Catalyst+1","Noxious Fumes+1","Calculated Gamble","Backflip","Well Laid Plans+1","Night Terror+1","Dodge and Roll+1","Deflect+1","Chrysalis","PiercingWail","Bouncing Flask","Backstab","Burst+1","Writhe"],"relics":["Ring of the Serpent","Ninja Scroll","Meat on the Bone","Unceasing Top","Bottled Tornado","Red Mask","Ginger","Pocketwatch","Blood Vial","Sozu","Thread and Needle","Bottled Lightning"],"potions_floor_usage":[16,16,16,18,21,33,33,33],"damage_taken":[{"damage":0,"enemies":"2 Louse","floor":1,"turns":3},{"damage":4,"enemies":"Jaw Worm","floor":2,"turns":5},{"damage":0,"enemies":"Cultist","floor":7,"turns":4},{"damage":10,"enemies":"Lagavulin","floor":10,"turns":6},{"damage":4,"enemies":"2 Fungi Beasts","floor":12,"turns":4},{"damage":0,"enemies":"Blue Slaver","floor":14,"turns":3},{"damage":0,"enemies":"Hexaghost","floor":16,"turns":8},{"damage":0,"enemies":"2 Thieves","floor":18,"turns":5},{"damage":0,"enemies":"Spheric Guardian","floor":19,"turns":3},{"damage":12,"enemies":"Colosseum Slavers","floor":21,"turns":6},{"damage":47,"enemies":"Colosseum Nobs","floor":21,"turns":6},{"damage":1,"enemies":"3 Cultists","floor":22,"turns":8},{"damage":44,"enemies":"Masked Bandits","floor":24,"turns":6},{"damage":0,"enemies":"Cultist and Chosen","floor":28,"turns":8},{"damage":21,"enemies":"Automaton","floor":33,"turns":9},{"damage":7,"enemies":"3 Darklings","floor":35,"turns":5},{"damage":29,"enemies":"Mind Bloom Boss Battle","floor":36,"turns":5},{"damage":0,"enemies":"3 Shapes","floor":37,"turns":6},{"damage":23,"enemies":"Spire Growth","floor":39,"turns":5},{"damage":0,"enemies":"3 Darklings","floor":41,"turns":6},{"damage":4,"enemies":"Sphere and 2 Shapes","floor":46,"turns":3},{"damage":2,"enemies":"4 Shapes","floor":47,"turns":6},{"damage":18,"enemies":"Donu and Deca","floor":50,"turns":10}],"seed_played":"7919477556745998345","potions_obtained":[{"floor":1,"key":"SneckoOil"},{"floor":10,"key":"Poison Potion"},{"floor":12,"key":"Fire Potion"},{"floor":14,"key":"Poison Potion"},{"floor":16,"key":"Explosive Potion"},{"floor":18,"key":"AttackPotion"},{"floor":22,"key":"Strength Potion"},{"floor":24,"key":"SpeedPotion"},{"floor":28,"key":"Regen Potion"}],"is_trial":false,"path_per_floor":["M","M","?","$","?","R","M","R","T","E","R","M","$","M","R","B",null,"M","M","$","?","M","R","?","R","T","?","M","?","R","$","R","B",null,"M","?","M","?","M","R","M","R","T","R","$","M","M","?","R","B",null],"character_chosen":"THE_SILENT","items_purchased":["Deadly Poison","Footwork","Blur","Calculated Gamble","Blood Vial","PiercingWail","Bouncing Flask","Backstab"],"campfire_rested":2,"item_purchase_floors":[4,4,13,20,31,45,45,45],"current_hp_per_floor":[70,66,59,59,59,59,59,59,59,49,49,45,45,45,45,45,70,70,70,70,23,34,55,23,44,44,44,44,44,44,44,44,40,70,63,36,38,38,29,29,43,43,43,43,43,41,41,59,59,43],"gold":112,"neow_bonus":"UPGRADE_CARD","is_prod":false,"is_daily":false,"chose_seed":false,"campfire_upgraded":10,"win_rate":0.0,"timestamp":1546529886,"path_taken":["M","M","?","$","?","R","M","R","T","E","R","M","$","?","R","BOSS","M","M","$","?","M","R","?","R","T","?","M","?","R","$","R","BOSS","M","?","M","?","M","R","M","R","T","R","$","M","M","?","R","BOSS"],"build_version":"2018-12-20","purchased_purges":2,"victory":true,"max_hp_per_floor":[70,70,70,70,70,70,70,70,70,70,70,70,70,70,70,70,70,70,70,70,70,70,70,70,70,70,70,70,70,70,70,70,70,70,70,70,70,70,70,70,70,70,70,70,70,70,70,70,70,70],"card_choices":[{"not_picked":["Infinite Blades","Bane"],"picked":"Dodge and Roll","floor":1},{"not_picked":["Skewer","Accuracy","Prepared"],"picked":"SKIP","floor":2},{"not_picked":["Underhanded Strike","Calculated Gamble"],"picked":"Quick Slash","floor":7},{"not_picked":["Accuracy","Expertise","Underhanded Strike"],"picked":"SKIP","floor":10},{"not_picked":["Prepared","A Thousand Cuts"],"picked":"Deadly Poison","floor":12},{"not_picked":["Cloak And Dagger","Sucker Punch"],"picked":"Backflip","floor":14},{"not_picked":["Tools of the Trade","Night Terror"],"picked":"Malaise","floor":16},{"not_picked":["Cloak And Dagger","Dagger Spray"],"picked":"Catalyst+1","floor":18},{"not_picked":["Slice+1","Underhanded Strike"],"picked":"Noxious Fumes","floor":19},{"not_picked":["All Out Attack+1","Underhanded Strike"],"picked":"Backflip","floor":21},{"not_picked":["Dagger Spray","Poisoned Stab","Outmaneuver+1"],"picked":"SKIP","floor":22},{"not_picked":["Underhanded Strike","Escape Plan+1"],"picked":"Well Laid Plans+1","floor":28},{"not_picked":["After Image","A Thousand Cuts"],"picked":"Night Terror","floor":33},{"not_picked":["Leg Sweep+1","Sucker Punch+1"],"picked":"Dodge and Roll+1","floor":35},{"not_picked":["Tactician+1","Slice"],"picked":"Deflect","floor":37},{"not_picked":["Purity","Impatience"],"picked":"Chrysalis","floor":38},{"not_picked":["Slice+1","Sucker Punch","Bane"],"picked":"SKIP","floor":39},{"not_picked":["Dagger Throw","Dagger Spray","Calculated Gamble"],"picked":"SKIP","floor":41},{"not_picked":["Backflip","Cloak And Dagger","Dodge and Roll+1"],"picked":"SKIP","floor":46},{"not_picked":["Underhanded Strike","Dagger Spray+1"],"picked":"Burst","floor":47}],"player_experience":82471,"relics_obtained":[{"floor":9,"key":"Ninja Scroll"},{"floor":10,"key":"Meat on the Bone"},{"floor":21,"key":"Unceasing Top"},{"floor":21,"key":"Bottled Tornado"},{"floor":24,"key":"Red Mask"},{"floor":26,"key":"Ginger"},{"floor":36,"key":"Thread and Needle"},{"floor":43,"key":"Bottled Lightning"}],"event_choices":[{"cards_removed":["Strike_G"],"damage_healed":0,"gold_gain":0,"player_choice":"Card Removal","damage_taken":7,"max_hp_gain":0,"max_hp_loss":0,"event_name":"Golden Wing","floor":3,"gold_loss":0},{"cards_removed":["Defend_G"],"damage_healed":0,"gold_gain":0,"player_choice":"Card Removal","damage_taken":0,"max_hp_gain":0,"max_hp_loss":0,"event_name":"Wheel of Change","floor":5,"gold_loss":0},{"damage_healed":0,"gold_gain":0,"player_choice":"Fight","damage_taken":0,"max_hp_gain":0,"max_hp_loss":0,"event_name":"Colosseum","floor":21,"gold_loss":0},{"damage_healed":0,"gold_gain":0,"player_choice":"Fought Nobs","damage_taken":0,"max_hp_gain":0,"max_hp_loss":0,"event_name":"Colosseum","floor":21,"gold_loss":0},{"damage_healed":0,"gold_gain":0,"player_choice":"Fought Bandits","damage_taken":0,"max_hp_gain":0,"max_hp_loss":0,"event_name":"Masked Bandits","floor":24,"gold_loss":0},{"damage_healed":0,"gold_gain":0,"player_choice":"Ignored","damage_taken":0,"max_hp_gain":0,"max_hp_loss":0,"event_name":"Ghosts","floor":27,"gold_loss":0},{"damage_healed":0,"gold_gain":0,"player_choice":"Obtained Relic","damage_taken":0,"relics_obtained":["Pocketwatch"],"max_hp_gain":0,"max_hp_loss":0,"event_name":"Addict","floor":29,"gold_loss":85},{"damage_healed":0,"gold_gain":0,"player_choice":"Fight","damage_taken":0,"max_hp_gain":0,"max_hp_loss":0,"event_name":"MindBloom","floor":36,"gold_loss":0},{"damage_healed":0,"gold_gain":0,"player_choice":"Memory 1","damage_taken":0,"max_hp_gain":0,"max_hp_loss":0,"event_name":"SensoryStone","floor":38,"gold_loss":0},{"damage_healed":18,"gold_gain":0,"player_choice":"Writhe","damage_taken":0,"max_hp_gain":0,"max_hp_loss":0,"event_name":"Winding Halls","floor":48,"gold_loss":0,"cards_obtained":["Writhe"]}],"is_beta":false,"boss_relics":[{"not_picked":["Pandora\u0027s Box","Cursed Key"],"picked":"Ring of the Serpent"},{"not_picked":["HoveringKite","Calling Bell"],"picked":"Sozu"}],"items_purged_floors":[20,45],"is_endless":false,"potions_floor_spawned":[1,10,12,14,16,18,21,22,24,28,36,37],"ascension_level":0}