{"gold_per_floor":[109,184,203,221,16,16,74,91,91,91],"floor_reached":10,"playtime":337,"items_purged":[],"score":109,"play_id":"036d5226-5e5e-4bd6-b8f0-2774d081329c","local_time":"20190129214643","is_ascension_mode":true,"campfire_choices":[{"data":"Dualcast","floor":6,"key":"SMITH"}],"neow_cost":"NONE","seed_source_timestamp":1027549649993213,"circlet_count":0,"master_deck":["AscendersBane","Strike_B","Strike_B","Strike_B","Strike_B","Defend_B","Defend_B","Defend_B","Defend_B","Zap","Dualcast+1","Steam","Sweeping Beam","Cold Snap","Defragment","Rainbow"],"relics":["Cracked Core","NeowsBlessing","ClockworkSouvenir","Tiny Chest"],"potions_floor_usage":[4],"damage_taken":[{"damage":0,"enemies":"Small Slimes","floor":1,"turns":1},{"damage":0,"enemies":"Jaw Worm","floor":3,"turns":1},{"damage":0,"enemies":"Cultist","floor":4,"turns":1},{"damage":14,"enemies":"3 Sentries","floor":7,"turns":7},{"damage":13,"enemies":"Exordium Wildlife","floor":8,"turns":7},{"damage":46,"enemies":"Gremlin Nob","floor":10,"turns":5}],"seed_played":"7052802677853149658","potions_obtained":[{"floor":3,"key":"Strength Potion"},{"floor":4,"key":"Fruit Juice"}],"is_trial":false,"path_per_floor":["M","?","M","M","$","R","E","M","T","E"],"character_chosen":"DEFECT","items_purchased":["ClockworkSouvenir"],"campfire_rested":0,"item_purchase_floors":[5],"current_hp_per_floor":[68,57,57,62,62,62,48,35,35,0],"gold":91,"neow_bonus":"THREE_ENEMY_KILL","is_prod":false,"is_daily":false,"chose_seed":false,"campfire_upgraded":1,"win_rate":0,"timestamp":1548816403,"path_taken":["M","?","M","M","$","R","E","M","T","E"],"build_version":"2019-01-23","purchased_purges":0,"victory":false,"max_hp_per_floor":[75,75,75,80,80,80,80,80,80,80],"card_choices":[{"not_picked":["Barrage","Rebound"],"picked":"Steam","floor":1},{"not_picked":["Steam","Reprogram"],"picked":"Sweeping Beam","floor":3},{"not_picked":["Chill","Steam"],"picked":"Cold Snap","floor":4},{"not_picked":["Cold Snap","Ball Lightning"],"picked":"Defragment","floor":7},{"not_picked":["Gash","Go for the Eyes"],"picked":"Rainbow","floor":8}],"player_experience":546190,"relics_obtained":[{"floor":7,"key":"Tiny Chest"}],"event_choices":[{"damage_healed":0,"gold_gain":75,"player_choice":"Gather Gold","damage_taken":11,"max_hp_gain":0,"max_hp_loss":0,"event_name":"World of Goop","floor":2,"gold_loss":0}],"is_beta":false,"boss_relics":[],"items_purged_floors":[],"is_endless":false,"potions_floor_spawned":[3,4],"killed_by":"Gremlin Nob","ascension_level":12}