{"gold_per_floor":[116,291,291,31,47,47,59,59,59,59,59,76,76,76,76,196,196,196,196,210,229,74,107,107,107,107,107,132,132,155,174,174,174],"floor_reached":33,"playtime":620,"items_purged":["Strike_B"],"score":255,"play_id":"728dd49d-3211-462c-a523-43455137e37b","local_time":"20190227110754","is_ascension_mode":false,"campfire_choices":[{"data":"Zap","floor":6,"key":"SMITH"},{"data":"Fusion","floor":10,"key":"SMITH"},{"data":"Tempest","floor":15,"key":"SMITH"},{"data":"Dualcast","floor":25,"key":"SMITH"},{"data":"Biased Cognition","floor":27,"key":"SMITH"},{"data":"Tempest","floor":29,"key":"SMITH"},{"floor":32,"key":"REST"}],"neow_cost":"NONE","seed_source_timestamp":55968347906474,"circlet_count":0,"master_deck":["Strike_B","Strike_B+1","Defend_B","Defend_B+1","Defend_B","Defend_B","Zap+1","Dualcast+1","Fusion+1","Steam","Ball Lightning","Blizzard","Tempest+1","Biased Cognition+1","Double Energy","Cold Snap+1","Reinforced Body","Shame","Tempest+1","Storm+1","Tempest"],"special_seed":0,"relics":["Cracked Core","NeowsBlessing","Matryoshka","Happy Flower","Gremlin Horn","Golden Idol","Sozu","Centennial Puzzle","Kunai","Potion Belt","Blue Candle"],"potions_floor_usage":[16,18],"damage_taken":[{"damage":0.0,"enemies":"Cultist","floor":1.0,"turns":1.0},{"damage":0,"enemies":"Jaw Worm","floor":5,"turns":1},{"damage":0,"enemies":"2 Louse","floor":7,"turns":1},{"damage":0,"enemies":"Large Slime","floor":12,"turns":6},{"damage":48,"enemies":"Hexaghost","floor":16,"turns":11},{"damage":0,"enemies":"2 Thieves","floor":18,"turns":1},{"damage":0,"enemies":"Spheric Guardian","floor":20,"turns":2},{"damage":10,"enemies":"Snecko","floor":21,"turns":3},{"damage":30,"enemies":"Slavers","floor":23,"turns":4},{"damage":2,"enemies":"Snake Plant","floor":28,"turns":3},{"damage":5,"enemies":"Cultist and Chosen","floor":30,"turns":2},{"damage":20,"enemies":"Centurion and Healer","floor":31,"turns":4},{"damage":23,"enemies":"Automaton","floor":33,"turns":4}],"seed_played":"-6208889840315780676","potions_obtained":[{"floor":5,"key":"SmokeBomb"},{"floor":12,"key":"Explosive Potion"}],"is_trial":false,"path_per_floor":["M","?","?","$","M","R","M","?","T","R","?","M","?","$","R","B",null,"M","?","M","M","$","E","?","R","T","R","M","R","M","M","R","B"],"character_chosen":"DEFECT","items_purchased":["Matryoshka","Reinforced Body"],"campfire_rested":1,"item_purchase_floors":[4,22],"current_hp_per_floor":[75,75,60,60,60,60,60,53,53,53,53,53,53,53,53,5,69,69,69,69,59,59,29,29,29,29,29,27,27,22,2,22,0],"gold":174,"neow_bonus":"THREE_ENEMY_KILL","is_prod":false,"is_daily":false,"chose_seed":false,"campfire_upgraded":6,"win_rate":0,"timestamp":1551287274,"path_taken":["M","?","?","$","M","R","M","?","T","R","?","M","?","$","R","BOSS","M","?","M","M","$","E","?","R","T","R","M","R","M","M","R","BOSS"],"build_version":"2019-01-23","purchased_purges":1,"victory":false,"max_hp_per_floor":[75,75,75,75,75,75,75,75,75,75,75,75,69,69,69,69,69,69,69,69,69,69,69,69,69,69,69,69,69,69,69,69,69],"card_choices":[{"not_picked":["Streamline","Leap"],"picked":"Fusion","floor":1.0},{"not_picked":["Redo","Lockon"],"picked":"Steam","floor":5},{"not_picked":["Lockon","Streamline"],"picked":"Ball Lightning","floor":7},{"not_picked":["Undo","Storm"],"picked":"Tempest","floor":12},{"not_picked":["Reboot","Amplify"],"picked":"Biased Cognition","floor":16},{"not_picked":["Redo","Compile Driver+1"],"picked":"Double Energy","floor":20},{"not_picked":["Sweeping Beam+1","Barrage"],"picked":"Cold Snap+1","floor":21},{"not_picked":["Redo","Gash","Heatsinks"],"picked":"SKIP","floor":23},{"not_picked":["Skim+1","Auto Shields"],"picked":"Tempest","floor":28},{"not_picked":["Turbo","Gash"],"picked":"Storm+1","floor":30},{"not_picked":["Glacier","Conserve Battery"],"picked":"Tempest","floor":31}],"player_experience":943350,"relics_obtained":[{"floor":9,"key":"Happy Flower"},{"floor":9,"key":"Gremlin Horn"},{"floor":23,"key":"Centennial Puzzle"},{"floor":26,"key":"Potion Belt"},{"floor":26,"key":"Blue Candle"}],"event_choices":[{"damage_healed":0.0,"max_hp_gain":0.0,"max_hp_loss":0.0,"gold_gain":175.0,"event_name":"Liars Game","player_choice":"AGREE","floor":2.0,"gold_loss":0.0,"damage_taken":0.0,"cards_obtained":["Doubt"]},{"damage_healed":0.0,"max_hp_gain":0.0,"max_hp_loss":0.0,"gold_gain":0.0,"event_name":"Shining Light","player_choice":"Entered Light","floor":3.0,"gold_loss":0.0,"damage_taken":15.0,"cards_upgraded":["Defend_B","Strike_B"]},{"cards_removed":["Doubt"],"damage_healed":0,"gold_gain":0,"player_choice":"Card Removal","damage_taken":7,"max_hp_gain":0,"max_hp_loss":0,"event_name":"Golden Wing","floor":8,"gold_loss":0},{"damage_healed":0,"gold_gain":0,"cards_transformed":["Strike_B"],"player_choice":"Change","damage_taken":0,"max_hp_gain":0,"max_hp_loss":0,"event_name":"Living Wall","floor":11,"gold_loss":0,"cards_obtained":["Blizzard"]},{"damage_healed":0,"gold_gain":0,"player_choice":"Lose Max HP","damage_taken":0,"relics_obtained":["Golden Idol"],"max_hp_gain":0,"max_hp_loss":6,"event_name":"Golden Idol","floor":13,"gold_loss":0},{"damage_healed":0,"gold_gain":0,"player_choice":"Ignored","damage_taken":0,"max_hp_gain":0,"max_hp_loss":0,"event_name":"Vampires","floor":19,"gold_loss":0},{"damage_healed":0,"gold_gain":0,"player_choice":"Stole Relic","damage_taken":0,"relics_obtained":["Kunai"],"max_hp_gain":0,"max_hp_loss":0,"event_name":"Addict","floor":24,"gold_loss":0,"cards_obtained":["Shame"]}],"is_beta":false,"boss_relics":[{"not_picked":["Nuclear Battery","Empty Cage"],"picked":"Sozu"}],"items_purged_floors":[22],"is_endless":false,"potions_floor_spawned":[5,12,18,21],"killed_by":"Automaton","ascension_level":0}