{"gold_per_floor":[114,124,10,30,50,50,125,160,160,160,173,193,3,21,21,121,121,137,148,158,58,58,58,89,102,102,102,102,102,102,102,102,102],"floor_reached":33,"playtime":1471,"items_purged":["Strike_G","Strike_G"],"score":292,"play_id":"e4d97427-1868-49a4-be0a-cb31b31d84cc","local_time":"20181024145629","is_ascension_mode":false,"campfire_choices":[{"floor":15,"key":"REST"},{"data":"Apotheosis","floor":23,"key":"SMITH"},{"data":"Choke","floor":27,"key":"SMITH"},{"data":"Neutralize","floor":29,"key":"SMITH"},{"data":"J.A.X.","floor":32,"key":"SMITH"}],"neow_cost":"PERCENT_DAMAGE","seed_source_timestamp":766512361536813,"circlet_count":0,"master_deck":["Defend_G","Defend_G","Defend_G","Defend_G","Defend_G","Survivor","Neutralize+1","Blade Dance","Cloak And Dagger","Choke+1","Blade Dance","Cloak And Dagger","Bullet Time","Blade Dance","Apotheosis+1","Finisher","Adrenaline","Cloak And Dagger","Shame","Bite","Bite","Bite","Bite","Bite","J.A.X.+1"],"relics":["Ring of the Snake","WingedGreaves","Mango","Singing Bowl","Cursed Key","Potion Belt","Matryoshka","Nilry\u0027s Codex"],"potions_floor_usage":[11,16,24,33,33,33],"damage_taken":[{"damage":2,"enemies":"Small Slimes","floor":1,"turns":4},{"damage":1,"enemies":"Jaw Worm","floor":2,"turns":4},{"damage":6,"enemies":"Cultist","floor":4,"turns":3},{"damage":10,"enemies":"Large Slime","floor":5,"turns":5},{"damage":15,"enemies":"Gremlin Nob","floor":8,"turns":4},{"damage":0,"enemies":"Blue Slaver","floor":11,"turns":3},{"damage":2,"enemies":"Looter","floor":12,"turns":4},{"damage":0,"enemies":"3 Louse","floor":14,"turns":2},{"damage":6,"enemies":"Slime Boss","floor":16,"turns":8},{"damage":0,"enemies":"3 Byrds","floor":18,"turns":4},{"damage":4,"enemies":"2 Thieves","floor":19,"turns":4},{"damage":1,"enemies":"3 Cultists","floor":20,"turns":5},{"damage":32,"enemies":"Gremlin Leader","floor":24,"turns":4},{"damage":1,"enemies":"Centurion and Healer","floor":25,"turns":5},{"damage":86,"enemies":"Collector","floor":33,"turns":7}],"seed_played":"-7770623528461761614","potions_obtained":[{"floor":2,"key":"LiquidBronze"},{"floor":8,"key":"Energy Potion"},{"floor":11,"key":"Dexterity Potion"},{"floor":14,"key":"GhostInAJar"},{"floor":16,"key":"Swift Potion"},{"floor":19,"key":"SteroidPotion"},{"floor":20,"key":"Explosive Potion"},{"floor":25,"key":"SteroidPotion"}],"is_trial":false,"path_per_floor":["M","M","$","M","M","?","?","E","T","?","M","M","$","M","R","B",null,"M","M","M","$","?","R","E","M","T","R","?","R","?","?","R"],"character_chosen":"THE_SILENT","items_purchased":["Choke","Apotheosis"],"campfire_rested":1,"item_purchase_floors":[3,13],"current_hp_per_floor":[61,60,60,54,44,49,38,23,37,12,14,12,12,12,43,37,105,107,105,106,106,106,106,74,75,75,75,59,59,59,59,59,0],"gold":102,"neow_bonus":"TWENTY_PERCENT_HP_BONUS","is_prod":false,"is_daily":false,"chose_seed":false,"campfire_upgraded":4,"win_rate":0,"timestamp":1540407389,"path_taken":["M","M","$","M","M","?","?","E","T","?","M","?","?","M","R","BOSS","M","M","?","?","?","R","E","M","T","R","?","R","?","?","R","BOSS"],"build_version":"2018-10-18","purchased_purges":2,"victory":false,"max_hp_per_floor":[84,84,84,84,84,89,89,89,103,103,105,105,105,105,105,105,105,107,109,111,111,111,111,111,113,113,113,113,113,79,79,79,79],"card_choices":[{"not_picked":["Acrobatics","Outmaneuver"],"picked":"Blade Dance","floor":1},{"not_picked":["Heel Hook","Slice"],"picked":"Cloak And Dagger","floor":2},{"not_picked":["Deadly Poison","Outmaneuver"],"picked":"Blade Dance","floor":4},{"not_picked":["Sucker Punch","Noxious Fumes"],"picked":"Cloak And Dagger","floor":5},{"not_picked":["Riddle With Holes","Dagger Spray"],"picked":"Bullet Time","floor":8},{"not_picked":["Slice","Flying Knee","PiercingWail"],"picked":"Singing Bowl","floor":11},{"not_picked":["Dodge and Roll","Bane"],"picked":"Blade Dance","floor":12},{"not_picked":["Dash","Noxious Fumes"],"picked":"Finisher","floor":14},{"not_picked":["Malaise","Burst"],"picked":"Adrenaline","floor":16},{"not_picked":["Sucker Punch","Bane","Distraction"],"picked":"Singing Bowl","floor":18},{"not_picked":["PiercingWail","Masterful Stab","Deflect"],"picked":"Singing Bowl","floor":19},{"not_picked":["Prepared","Slice","Acrobatics"],"picked":"Singing Bowl","floor":20},{"not_picked":["Predator","Caltrops+1"],"picked":"Cloak And Dagger","floor":24},{"not_picked":["Outmaneuver","Tools of the Trade","Reflex+1"],"picked":"Singing Bowl","floor":25}],"player_experience":231202,"relics_obtained":[{"floor":8,"key":"WingedGreaves"},{"floor":9,"key":"Mango"},{"floor":24,"key":"Potion Belt"},{"floor":26,"key":"Matryoshka"},{"floor":28,"key":"Nilry\u0027s Codex"}],"event_choices":[{"damage_healed":0,"gold_gain":0,"player_choice":"Donut","damage_taken":0,"max_hp_gain":5,"max_hp_loss":0,"event_name":"Big Fish","floor":6,"gold_loss":0},{"damage_healed":0,"gold_gain":75,"player_choice":"Gather Gold","damage_taken":11,"max_hp_gain":0,"max_hp_loss":0,"event_name":"World of Goop","floor":7,"gold_loss":0},{"damage_healed":0,"gold_gain":0,"player_choice":"Success","damage_taken":25,"relics_obtained":["Singing Bowl"],"max_hp_gain":0,"max_hp_loss":0,"event_name":"Scrap Ooze","floor":10,"gold_loss":0},{"cards_removed":["Strike_G"],"damage_healed":0,"gold_gain":0,"player_choice":"Purged","damage_taken":0,"max_hp_gain":0,"max_hp_loss":0,"event_name":"Purifier","floor":22,"gold_loss":0},{"damage_healed":0,"gold_gain":0,"player_choice":"Obtained Book","damage_taken":16,"max_hp_gain":0,"max_hp_loss":0,"event_name":"Cursed Tome","floor":28,"gold_loss":0},{"damage_healed":0,"gold_gain":0,"player_choice":"Became a vampire","damage_taken":0,"max_hp_gain":0,"max_hp_loss":34,"event_name":"Vampires","floor":30,"gold_loss":0,"cards_obtained":["Bite","Bite","Bite","Bite","Bite"]},{"damage_healed":0,"gold_gain":0,"player_choice":"Obtain J.A.X.","damage_taken":0,"max_hp_gain":0,"max_hp_loss":0,"event_name":"Drug Dealer","floor":31,"gold_loss":0,"cards_obtained":["J.A.X."]}],"is_beta":false,"boss_relics":[{"not_picked":["Runic Dome","Busted Crown"],"picked":"Cursed Key"}],"items_purged_floors":[3,21],"is_endless":false,"potions_floor_spawned":[2,8,11,14,16,19,20,25],"killed_by":"Collector","ascension_level":0}