{"gold_per_floor":[216,2,77,95,105,130,130,142,165,165,165],"floor_reached":11,"playtime":341,"items_purged":["Strike_R"],"score":124,"play_id":"7c16a5e6-c808-4af8-a8f7-807c28532df0","local_time":"20190124111225","is_ascension_mode":true,"campfire_choices":[{"data":"Uppercut","floor":7,"key":"SMITH"}],"neow_cost":"NONE","seed_source_timestamp":557466906048120,"circlet_count":0,"master_deck":["AscendersBane","Strike_R","Strike_R","Strike_R","Strike_R","Defend_R+1","Defend_R+1","Defend_R","Defend_R","Bash","Flame Barrier","Double Tap","Dropkick","Uppercut+1"],"relics":["Burning Blood","Potion Belt","Juzu Bracelet"],"potions_floor_usage":[8],"damage_taken":[{"damage":18,"enemies":"Jaw Worm","floor":1,"turns":4},{"damage":3,"enemies":"Cultist","floor":4,"turns":5},{"damage":4,"enemies":"Small Slimes","floor":5,"turns":4},{"damage":28,"enemies":"Gremlin Nob","floor":6,"turns":4},{"damage":17,"enemies":"Gremlin Gang","floor":8,"turns":5},{"damage":12,"enemies":"Large Slime","floor":11,"turns":4}],"seed_played":"-7923117405249949139","potions_obtained":[{"floor":6,"key":"PowerPotion"},{"floor":8,"key":"LiquidBronze"}],"is_trial":false,"path_per_floor":["M","$","?","M","M","E","R","M","T","?","M"],"character_chosen":"IRONCLAD","items_purchased":["Double Tap"],"campfire_rested":0,"item_purchase_floors":[2],"current_hp_per_floor":[56,56,45,48,50,28,28,17,17,2,0],"gold":165,"neow_bonus":"HUNDRED_GOLD","is_prod":false,"is_daily":false,"chose_seed":false,"campfire_upgraded":1,"win_rate":0,"timestamp":1548346345,"path_taken":["M","$","?","M","M","E","R","M","T","?","M"],"build_version":"2019-01-23","purchased_purges":1,"victory":false,"max_hp_per_floor":[75,75,75,75,75,75,75,75,75,75,75],"card_choices":[{"not_picked":["Thunderclap","Shrug It Off"],"picked":"Flame Barrier","floor":1},{"not_picked":["Headbutt","Reckless Charge"],"picked":"Dropkick","floor":4},{"not_picked":["Warcry","Clash"],"picked":"Uppercut","floor":5},{"not_picked":["Blood for Blood","Burning Pact","Pummel"],"picked":"SKIP","floor":6},{"not_picked":["Perfected Strike","Infernal Blade","Hemokinesis"],"picked":"SKIP","floor":8}],"player_experience":408330,"relics_obtained":[{"floor":6,"key":"Potion Belt"},{"floor":9,"key":"Juzu Bracelet"}],"event_choices":[{"damage_healed":0,"gold_gain":75,"player_choice":"Gather Gold","damage_taken":11,"max_hp_gain":0,"max_hp_loss":0,"event_name":"World of Goop","floor":3,"gold_loss":0},{"damage_healed":0,"gold_gain":0,"player_choice":"Entered Light","damage_taken":15,"max_hp_gain":0,"max_hp_loss":0,"event_name":"Shining Light","floor":10,"gold_loss":0,"cards_upgraded":["Defend_R","Defend_R"]}],"is_beta":false,"boss_relics":[],"items_purged_floors":[2],"is_endless":false,"potions_floor_spawned":[6,8],"killed_by":"Large Slime","ascension_level":14}