{"gold_per_floor":[114,84,9,23,38,70,70,345,345,37,37,37,47,47,47,47],"floor_reached":16,"playtime":356,"items_purged":["Strike_R","Regret"],"score":167,"play_id":"7dec1b5b-a7f2-4334-9a01-1a7d0a77c33a","local_time":"20190124110626","is_ascension_mode":true,"campfire_choices":[{"data":"Rampage","floor":7,"key":"SMITH"},{"data":"Bash","floor":11,"key":"SMITH"},{"data":"Brutality","floor":15,"key":"SMITH"}],"neow_cost":"NONE","seed_source_timestamp":557092911198638,"circlet_count":0,"master_deck":["AscendersBane","Strike_R","Strike_R","Strike_R","Strike_R","Defend_R","Defend_R","Defend_R","Defend_R","Bash+1","Body Slam","Rampage+1","Iron Wave","Evolve","Rampage+1","Brutality+1","Parasite"],"relics":["Burning Blood","NeowsBlessing","Gremlin Horn","Question Card","DollysMirror"],"potions_floor_usage":[6,16,16],"damage_taken":[{"damage":0,"enemies":"Jaw Worm","floor":1,"turns":1},{"damage":0,"enemies":"Cultist","floor":4,"turns":1},{"damage":0,"enemies":"Small Slimes","floor":5,"turns":1},{"damage":43,"enemies":"Lagavulin","floor":6,"turns":7},{"damage":24,"enemies":"Exordium Thugs","floor":13,"turns":5},{"damage":39,"enemies":"Hexaghost","floor":16,"turns":9}],"seed_played":"-1655836295819242095","potions_obtained":[{"floor":2,"key":"PowerPotion"},{"floor":2,"key":"Swift Potion"},{"floor":4,"key":"Fire Potion"},{"floor":13,"key":"Dexterity Potion"}],"is_trial":false,"path_per_floor":["M","?","$","M","M","E","R","?","T","$","R","T","M","?","R","B"],"character_chosen":"IRONCLAD","items_purchased":["DollysMirror"],"campfire_rested":0,"item_purchase_floors":[10],"current_hp_per_floor":[74,74,74,75,75,38,38,38,38,38,38,38,20,38,38,0],"gold":47,"neow_bonus":"THREE_ENEMY_KILL","is_prod":false,"is_daily":false,"chose_seed":false,"campfire_upgraded":3,"win_rate":0,"timestamp":1548345986,"path_taken":["M","?","$","M","?","E","R","?","T","?","R","?","M","?","R","BOSS"],"build_version":"2019-01-23","purchased_purges":2,"victory":false,"max_hp_per_floor":[75,75,75,75,75,75,75,75,75,75,75,75,75,75,75,75],"card_choices":[{"not_picked":["Warcry","Heavy Blade"],"picked":"Body Slam","floor":1},{"not_picked":["Whirlwind","Rage"],"picked":"Rampage","floor":4},{"not_picked":["Flame Barrier","Heavy Blade"],"picked":"Iron Wave","floor":5},{"not_picked":["Havoc","Seeing Red"],"picked":"Evolve","floor":6},{"not_picked":["Burning Pact","Thunderclap","Cleave"],"picked":"Brutality","floor":13}],"player_experience":407974,"relics_obtained":[{"floor":6,"key":"Gremlin Horn"},{"floor":9,"key":"Question Card"}],"event_choices":[{"damage_healed":0,"gold_gain":0,"player_choice":"Bought 2 Potions","damage_taken":0,"max_hp_gain":0,"max_hp_loss":0,"event_name":"The Woman in Blue","floor":2,"gold_loss":0},{"damage_healed":0,"gold_gain":275,"player_choice":"Desecrate","damage_taken":0,"max_hp_gain":0,"max_hp_loss":0,"event_name":"Golden Shrine","floor":8,"gold_loss":0,"cards_obtained":["Regret"]},{"damage_healed":18,"gold_gain":0,"player_choice":"Healed and dodged fight","damage_taken":0,"max_hp_gain":0,"max_hp_loss":0,"event_name":"Mushrooms","floor":14,"gold_loss":0,"cards_obtained":["Parasite"]}],"is_beta":false,"boss_relics":[],"items_purged_floors":[3,10],"is_endless":false,"potions_floor_spawned":[4,13],"killed_by":"Hexaghost","ascension_level":14}