{"gold_per_floor":[111,36,54,65,65,65,91,104,104,104,115,150,165,10,10,108,108,122,102,112,112,12,47,47,63,113,140,10,10,28,28,28,124,124,136,148,148,162,178,208,208],"floor_reached":41,"playtime":2458,"items_purged":["Strike_G","Strike_G"],"score":644,"play_id":"6e5e1326-9b82-408f-a269-c2f042d36011","local_time":"20190127221243","is_ascension_mode":true,"campfire_choices":[{"data":"Dash","floor":6,"key":"SMITH"},{"data":"Neutralize","floor":10,"key":"SMITH"},{"data":"Well Laid Plans","floor":15,"key":"SMITH"},{"data":"After Image","floor":24,"key":"SMITH"},{"data":"Catalyst","floor":29,"key":"SMITH"},{"data":"Infinite Blades","floor":32,"key":"SMITH"}],"neow_cost":"NONE","seed_source_timestamp":854189986667366,"circlet_count":0,"master_deck":["Defend_G","Defend_G","Defend_G","Defend_G+1","Survivor","Neutralize+1","Backstab+1","Well Laid Plans+1","Dash+1","Bullet Time","PiercingWail","Deadly Poison","Flying Knee","Slice","After Image+1","Leg Sweep","Terror","Well Laid Plans","Noxious Fumes","Tools of the Trade","Infinite Blades+1","Catalyst+1","Slice","Noxious Fumes","Bite","Bite","Bite","Bite","Bite","Die Die Die","Caltrops+1","PiercingWail+1","Prepared","Tactician+1","Tactician+1"],"relics":["Ring of the Serpent","NeowsBlessing","Pear","Shuriken","Blue Candle","Vajra","Regal Pillow","Dodecahedron","Fusion Hammer","Pantograph"],"potions_floor_usage":[7,12,12,16,23,25,27,30,33,39,40],"damage_taken":[{"damage":0,"enemies":"Cultist","floor":1,"turns":1},{"damage":0,"enemies":"2 Louse","floor":3,"turns":1},{"damage":0,"enemies":"Jaw Worm","floor":4,"turns":1},{"damage":6,"enemies":"Lagavulin","floor":7,"turns":7},{"damage":1,"enemies":"Lots of Slimes","floor":8,"turns":3},{"damage":0,"enemies":"Red Slaver","floor":11,"turns":4},{"damage":8,"enemies":"Gremlin Nob","floor":12,"turns":4},{"damage":4,"enemies":"Large Slime","floor":13,"turns":5},{"damage":12,"enemies":"Hexaghost","floor":16,"turns":8},{"damage":3,"enemies":"Chosen","floor":18,"turns":4},{"damage":10,"enemies":"2 Thieves","floor":19,"turns":4},{"damage":4,"enemies":"Shelled Parasite and Fungi","floor":20,"turns":7},{"damage":5,"enemies":"Book of Stabbing","floor":23,"turns":7},{"damage":0,"enemies":"Centurion and Healer","floor":25,"turns":6},{"damage":5,"enemies":"Gremlin Leader","floor":27,"turns":5},{"damage":7,"enemies":"Snecko","floor":30,"turns":4},{"damage":24,"enemies":"Champ","floor":33,"turns":10},{"damage":0,"enemies":"3 Darklings","floor":35,"turns":4},{"damage":19,"enemies":"3 Shapes","floor":36,"turns":3},{"damage":28,"enemies":"Sphere and 2 Shapes","floor":38,"turns":5},{"damage":6,"enemies":"4 Shapes","floor":39,"turns":4},{"damage":3,"enemies":"Giant Head","floor":40,"turns":7},{"damage":39,"enemies":"Spire Growth","floor":41,"turns":4}],"seed_played":"782046646779032563","potions_obtained":[{"floor":4,"key":"SteroidPotion"},{"floor":8,"key":"FearPotion"},{"floor":11,"key":"Block Potion"},{"floor":12,"key":"Poison Potion"},{"floor":21,"key":"EssenceOfSteel"},{"floor":21,"key":"GhostInAJar"},{"floor":21,"key":"Explosive Potion"},{"floor":23,"key":"Regen Potion"},{"floor":25,"key":"Swift Potion"},{"floor":27,"key":"Energy Potion"},{"floor":33,"key":"Dexterity Potion"},{"floor":36,"key":"Strength Potion"}],"is_trial":false,"path_per_floor":["M","$","M","M","?","R","E","M","T","R","M","E","M","$","R","B",null,"M","M","M","?","$","E","R","M","T","E","$","R","M","?","R","B",null,"M","M","?","M","M","E","M"],"character_chosen":"THE_SILENT","items_purchased":["Vajra","Catalyst","Slice"],"campfire_rested":0,"item_purchase_floors":[14,28,28],"current_hp_per_floor":[70,70,70,70,56,56,60,59,59,59,59,51,47,47,47,35,69,66,56,52,52,52,47,47,61,61,56,56,56,49,49,49,42,53,56,39,39,19,17,30,0],"gold":208,"neow_bonus":"THREE_ENEMY_KILL","is_prod":false,"is_daily":false,"chose_seed":false,"campfire_upgraded":6,"win_rate":0,"timestamp":1548645163,"path_taken":["M","$","M","?","?","R","E","M","T","R","M","E","M","$","R","BOSS","M","M","M","?","$","E","R","?","T","E","?","R","M","?","R","BOSS","M","M","?","M","M","E","M"],"build_version":"2019-01-23","purchased_purges":2,"victory":false,"max_hp_per_floor":[70,70,70,70,70,70,80,80,80,80,80,80,80,80,80,80,80,80,80,80,80,80,80,80,80,80,80,80,80,80,56,56,56,56,56,56,56,56,56,56,56],"card_choices":[{"not_picked":["Flying Knee","Blade Dance"],"picked":"Backstab","floor":1},{"not_picked":["Sucker Punch","Choke"],"picked":"Well Laid Plans","floor":3},{"not_picked":["Sucker Punch","Concentrate"],"picked":"Dash","floor":4},{"not_picked":["Expertise","Bane"],"picked":"Bullet Time","floor":7},{"not_picked":["Escape Plan","Leg Sweep"],"picked":"PiercingWail","floor":8},{"not_picked":["Finisher","Prepared"],"picked":"Deadly Poison","floor":11},{"not_picked":["Blade Dance","Endless Agony"],"picked":"Flying Knee","floor":12},{"not_picked":["Flechettes","Leg Sweep"],"picked":"Slice","floor":13},{"not_picked":["Doppelganger","Die Die Die"],"picked":"After Image","floor":16},{"not_picked":["Deadly Poison","Setup"],"picked":"Leg Sweep","floor":18},{"not_picked":["Deadly Poison","Endless Agony+1"],"picked":"Terror","floor":19},{"not_picked":["Sucker Punch","Outmaneuver"],"picked":"Well Laid Plans","floor":20},{"not_picked":["Eviscerate","Skewer"],"picked":"Noxious Fumes","floor":23},{"not_picked":["Outmaneuver","Expertise+1"],"picked":"Tools of the Trade","floor":25},{"not_picked":["Outmaneuver","Calculated Gamble"],"picked":"Infinite Blades","floor":27},{"not_picked":["Outmaneuver","Blur"],"picked":"Noxious Fumes","floor":30},{"not_picked":["Wraith Form v2","Doppelganger"],"picked":"Die Die Die","floor":33},{"not_picked":["Predator+1","Poisoned Stab"],"picked":"Caltrops+1","floor":35},{"not_picked":["Deadly Poison","Quick Slash+1"],"picked":"PiercingWail+1","floor":36},{"not_picked":["Leg Sweep+1","Concentrate+1"],"picked":"Prepared","floor":38},{"not_picked":["Terror+1","Dagger Throw"],"picked":"Tactician+1","floor":39},{"not_picked":["Terror","Acrobatics+1"],"picked":"Tactician+1","floor":40}],"player_experience":510280,"relics_obtained":[{"floor":7,"key":"Pear"},{"floor":9,"key":"Shuriken"},{"floor":12,"key":"Blue Candle"},{"floor":23,"key":"Regal Pillow"},{"floor":27,"key":"Dodecahedron"},{"floor":40,"key":"Pantograph"}],"event_choices":[{"damage_healed":0,"gold_gain":0,"player_choice":"Entered Light","damage_taken":14,"max_hp_gain":0,"max_hp_loss":0,"event_name":"Shining Light","floor":5,"gold_loss":0,"cards_upgraded":["Backstab","Defend_G"]},{"damage_healed":0,"gold_gain":0,"player_choice":"Got Potions","damage_taken":0,"max_hp_gain":0,"max_hp_loss":0,"event_name":"Lab","floor":21,"gold_loss":0},{"damage_healed":0,"gold_gain":0,"player_choice":"Became a vampire","damage_taken":0,"max_hp_gain":0,"max_hp_loss":24,"event_name":"Vampires","floor":31,"gold_loss":0,"cards_obtained":["Bite","Bite","Bite","Bite","Bite"]},{"cards_removed":["Defend_G"],"damage_healed":0,"gold_gain":0,"player_choice":"Removed Skill","damage_taken":0,"max_hp_gain":0,"max_hp_loss":0,"event_name":"Falling","floor":37,"gold_loss":0}],"is_beta":false,"boss_relics":[{"not_picked":["White Beast Statue","Velvet Choker"],"picked":"Ring of the Serpent"},{"not_picked":["Busted Crown","Snecko Eye"],"picked":"Fusion Hammer"}],"items_purged_floors":[2,22],"is_endless":false,"potions_floor_spawned":[4,8,11,12,23,25,27,33,36],"killed_by":"Spire Growth","ascension_level":5}