{"gold_per_floor":[119,134,153,165,340,340,415,47,47,58,69,69,69,69,69,69],"floor_reached":16,"playtime":652,"items_purged":[],"score":94,"play_id":"746a8b6d-a7e1-4378-8686-b99d2229253b","local_time":"20190102214337","is_ascension_mode":false,"campfire_choices":[{"data":"Noxious Fumes","floor":6,"key":"SMITH"},{"floor":15,"key":"REST"}],"neow_cost":"NONE","seed_source_timestamp":22937168552163,"circlet_count":0,"master_deck":["Defend_G","Defend_G","Defend_G","Defend_G","Defend_G","Strike_G","Strike_G","Strike_G","Strike_G","Survivor","Neutralize","Acrobatics","Noxious Fumes+1","Deadly Poison","Riddle With Holes","Doubt","Dark Shackles","Dash","Catalyst","Deadly Poison"],"relics":["Ring of the Snake","Mercury Hourglass","Potion Belt","Paper Crane"],"potions_floor_usage":[10,13],"damage_taken":[{"damage":3,"enemies":"2 Louse","floor":1,"turns":4},{"damage":0,"enemies":"Small Slimes","floor":2,"turns":6},{"damage":0,"enemies":"Cultist","floor":3,"turns":5},{"damage":17,"enemies":"Gremlin Gang","floor":4,"turns":5},{"damage":7,"enemies":"Exordium Wildlife","floor":10,"turns":4},{"damage":13,"enemies":"Large Slime","floor":11,"turns":5},{"damage":0,"enemies":"Exordium Thugs","floor":13,"turns":1},{"damage":36,"enemies":"Slime Boss","floor":16,"turns":7}],"seed_played":"-393627409633946039","potions_obtained":[{"floor":3,"key":"SkillPotion"},{"floor":10,"key":"SmokeBomb"},{"floor":11,"key":"SteroidPotion"}],"is_trial":false,"path_per_floor":["M","M","M","M","?","R","?","$","T","M","M","?","M","$","R","B"],"character_chosen":"THE_SILENT","items_purchased":["Mercury Hourglass","Dark Shackles","Dash"],"campfire_rested":1,"item_purchase_floors":[8,8,8],"current_hp_per_floor":[67,67,67,50,50,50,39,39,39,32,19,7,7,7,28,0],"gold":69,"neow_bonus":"REMOVE_CARD","is_prod":false,"is_daily":false,"chose_seed":false,"campfire_upgraded":1,"win_rate":0.0,"timestamp":1546433017,"path_taken":["M","M","M","M","?","R","?","$","T","M","M","?","M","$","R","BOSS"],"build_version":"2018-12-20","purchased_purges":0,"victory":false,"max_hp_per_floor":[70,70,70,70,70,70,70,70,70,70,70,70,70,70,70,70],"card_choices":[{"not_picked":["Escape Plan","Dagger Throw"],"picked":"Acrobatics","floor":1},{"not_picked":["Flechettes","Deflect"],"picked":"Noxious Fumes","floor":2},{"not_picked":["Slice","Flying Knee"],"picked":"Deadly Poison","floor":3},{"not_picked":["Tactician","Prepared"],"picked":"Riddle With Holes","floor":4},{"not_picked":["Outmaneuver","PiercingWail"],"picked":"Catalyst","floor":10},{"not_picked":["Infinite Blades","Poisoned Stab"],"picked":"Deadly Poison","floor":11}],"player_experience":54704,"relics_obtained":[{"floor":9,"key":"Potion Belt"}],"event_choices":[{"damage_healed":0,"gold_gain":175,"player_choice":"AGREE","damage_taken":0,"max_hp_gain":0,"max_hp_loss":0,"event_name":"Liars Game","floor":5,"gold_loss":0,"cards_obtained":["Doubt"]},{"damage_healed":0,"gold_gain":75,"player_choice":"Gather Gold","damage_taken":11,"max_hp_gain":0,"max_hp_loss":0,"event_name":"World of Goop","floor":7,"gold_loss":0},{"damage_healed":0,"gold_gain":0,"player_choice":"Success","damage_taken":12,"relics_obtained":["Paper Crane"],"max_hp_gain":0,"max_hp_loss":0,"event_name":"Scrap Ooze","floor":12,"gold_loss":0}],"is_beta":false,"boss_relics":[],"items_purged_floors":[],"is_endless":false,"potions_floor_spawned":[3,10,11],"killed_by":"Slime Boss","ascension_level":0}