{"gold_per_floor":[110,123,123,147,165,200,200,214,214,248,248,46,56,87,87,191,191,205,222,222,187,187,187,214,214,214,249,274,291,316,316,316,411,411,426,441,366,366,366,399,16,43,43,76,156,189,224,234,234,339,339,349,390,390,410,360,360,383,5,5,5,24,49,90,64,64,187,187,200,200,200,240,240,240,280,294,337,352,377,391,410,426,426,556,556,576,599,599,614,634,634,650,650,693,693,711,691,34,59,59,187,187,203,203,203,203,222,261,27,27,58,76,120,120,155,179,179,179],"floor_reached":118,"playtime":11066,"items_purged":["Enlightenment","Purity"],"score":2940,"play_id":"79300afd-cde0-4b59-b1a8-684a2a07920a","local_time":"20181017091430","daily_mods":["Draft","Colorless Cards","DeadlyEvents","Elite Swarm"],"is_ascension_mode":false,"campfire_choices":[{"data":"Discovery","floor":7.0,"key":"SMITH"},{"data":"Apotheosis","floor":11.0,"key":"SMITH"},{"data":"Mayhem","floor":15.0,"key":"SMITH"},{"data":"Panacea","floor":23.0,"key":"SMITH"},{"data":"Seek","floor":25.0,"key":"SMITH"},{"floor":32.0,"key":"REST"},{"floor":49.0,"key":"REST"},{"data":"Mind Blast","floor":57.0,"key":"SMITH"},{"data":"Creative AI","floor":61.0,"key":"SMITH"},{"data":"Storm","floor":66.0,"key":"SMITH"},{"data":"Storm","floor":74.0,"key":"SMITH"},{"floor":83.0,"key":"REST"},{"floor":91.0,"key":"REST"},{"floor":93.0,"key":"REST"},{"data":"Mind Blast","floor":95.0,"key":"SMITH"},{"floor":100.0,"key":"REST"},{"data":"Mind Blast","floor":110,"key":"SMITH"},{"data":"Thunder Strike","floor":114,"key":"SMITH"},{"floor":117,"key":"REST"}],"neow_cost":"","seed_source_timestamp":0,"circlet_count":0,"master_deck":["Beam Cell","Impatience","Static Discharge","Coolheaded","Coolheaded","PanicButton","Redo","Bandage Up","Discovery+1","Leap","Reprogram","Blind","Ball Lightning","Multi-Cast+1","Panacea+1","Apotheosis+1","Mayhem+1","Electrodynamics","Storm+1","Static Discharge","Seek+1","Thinking Ahead+1","Creative AI+1","Transmutation","Transmutation","Dark Shackles+1","Impatience","Mayhem","Storm+1","Mayhem","Transmutation","All For One","Core Surge","Swift Strike","Defragment+1","Panache+1","Turbo+1","Thunder Strike","Mind Blast+1","Lockon","Self Repair+1","Genetic Algorithm+1","Self Repair+1","The Bomb+1","Madness+1","Sadistic Nature+1","Redo+1","Swift Strike","Discovery+1","Thunder Strike+1","Loop+1","Thinking Ahead+1","Flash of Steel","Good Instincts+1","Deep Breath+1","Thinking Ahead+1","Genetic Algorithm+1","Loop+1","The Bomb+1","Panacea+1","PanicButton+1","Defragment+1","Secret Technique+1","Jack Of All Trades+1","Recycle+1","Impatience+1","Mind Blast+1","Buffer+1","FTL+1","Heatsinks+1","Dark Shackles+1","Turbo+1","Sadistic Nature+1","Turbo+1","Apotheosis+1","Chill+1","Mind Blast+1","Loop+1","Capacitor+1","Defragment+1","Heatsinks+1","Deep Breath+1","Storm+1","Thinking Ahead+1","Master of Strategy+1","PanicButton+1","Transmutation+1","Defragment+1","Self Repair+1","Secret Weapon+1","Turbo+1","The Bomb+1","Machine Learning+1","Reinforced Body+1","Panacea+1"],"special_seed":0,"relics":["FrozenCore","Regal Pillow","Kunai","Anchor","Chemical X","Bottled Flame","Nuclear Battery","Oddly Smooth Stone","GremlinMask","Omamori","Question Card","Cables","Symbiotic Virus","Vajra","Lizard Tail","Nunchaku","Pear","Lee\u0027s Waffle","Prayer Wheel","The Courier","Frozen Egg 2","Shuriken","Toxic Egg 2","Happy Flower","Odd Mushroom","Golden Idol","Bottled Tornado","FossilizedHelix","Bottled Lightning","Frozen Eye","Boot"],"potions_floor_usage":[118],"damage_taken":[{"damage":0.0,"enemies":"Cultist","floor":1.0,"turns":4.0},{"damage":0.0,"enemies":"2 Louse","floor":2.0,"turns":2.0},{"damage":3.0,"enemies":"Jaw Worm","floor":5.0,"turns":3.0},{"damage":4.0,"enemies":"Lagavulin","floor":6.0,"turns":5.0},{"damage":10.0,"enemies":"3 Louse","floor":8.0,"turns":3.0},{"damage":38.0,"enemies":"Gremlin Nob","floor":10.0,"turns":5.0},{"damage":0.0,"enemies":"Exordium Wildlife","floor":13.0,"turns":1.0},{"damage":12.0,"enemies":"3 Sentries","floor":14.0,"turns":5.0},{"damage":7.0,"enemies":"Slime Boss","floor":16.0,"turns":6.0},{"damage":7.0,"enemies":"Shell Parasite","floor":18.0,"turns":3.0},{"damage":0.0,"enemies":"2 Thieves","floor":19.0,"turns":3.0},{"damage":20.0,"enemies":"Slavers","floor":24.0,"turns":3.0},{"damage":26.0,"enemies":"Book of Stabbing","floor":27.0,"turns":3.0},{"damage":27.0,"enemies":"Slavers","floor":28.0,"turns":3.0},{"damage":0.0,"enemies":"Centurion and Healer","floor":29.0,"turns":4.0},{"damage":0.0,"enemies":"Gremlin Leader","floor":30.0,"turns":4.0},{"damage":20.0,"enemies":"Automaton","floor":33.0,"turns":5.0},{"damage":19.0,"enemies":"3 Darklings","floor":35.0,"turns":3.0},{"damage":7.0,"enemies":"3 Shapes","floor":36.0,"turns":4.0},{"damage":0.0,"enemies":"Mind Bloom Boss Battle","floor":38.0,"turns":4.0},{"damage":31.0,"enemies":"Giant Head","floor":40.0,"turns":6.0},{"damage":18.0,"enemies":"2 Orb Walkers","floor":42.0,"turns":3.0},{"damage":8.0,"enemies":"Nemesis","floor":44.0,"turns":5.0},{"damage":38.0,"enemies":"2 Orb Walkers","floor":46.0,"turns":3.0},{"damage":18.0,"enemies":"Giant Head","floor":47.0,"turns":4.0},{"damage":0.0,"enemies":"Transient","floor":48.0,"turns":5.0},{"damage":82.0,"enemies":"Awakened One","floor":50.0,"turns":8.0},{"damage":6.0,"enemies":"Small Slimes","floor":52.0,"turns":2.0},{"damage":4.0,"enemies":"The Mushroom Lair","floor":53.0,"turns":2.0},{"damage":0.0,"enemies":"Jaw Worm","floor":55.0,"turns":1.0},{"damage":2.0,"enemies":"2 Louse","floor":58.0,"turns":2.0},{"damage":10.0,"enemies":"Looter","floor":62.0,"turns":2.0},{"damage":7.0,"enemies":"Gremlin Gang","floor":63.0,"turns":3.0},{"damage":0.0,"enemies":"Gremlin Nob","floor":64.0,"turns":2.0},{"damage":54.0,"enemies":"Hexaghost","floor":67.0,"turns":4.0},{"damage":30.0,"enemies":"2 Thieves","floor":69.0,"turns":3.0},{"damage":0.0,"enemies":"Shell Parasite","floor":72.0,"turns":2.0},{"damage":0.0,"enemies":"Gremlin Leader","floor":75.0,"turns":3.0},{"damage":64.0,"enemies":"Snake Plant","floor":76.0,"turns":3.0},{"damage":40.0,"enemies":"Slavers","floor":77.0,"turns":2.0},{"damage":16.0,"enemies":"Snecko","floor":78.0,"turns":3.0},{"damage":0.0,"enemies":"Sentry and Sphere","floor":79.0,"turns":2.0},{"damage":0.0,"enemies":"Snake Plant","floor":80.0,"turns":2.0},{"damage":16.0,"enemies":"Centurion and Healer","floor":81.0,"turns":3.0},{"damage":10.0,"enemies":"Chosen and Byrds","floor":82.0,"turns":2.0},{"damage":28.0,"enemies":"Automaton","floor":84.0,"turns":4.0},{"damage":31.0,"enemies":"3 Darklings","floor":86.0,"turns":4.0},{"damage":12.0,"enemies":"3 Shapes","floor":87.0,"turns":3.0},{"damage":8.0,"enemies":"Transient","floor":89.0,"turns":5.0},{"damage":36.0,"enemies":"Spire Growth","floor":90.0,"turns":4.0},{"damage":46.0,"enemies":"3 Darklings","floor":92.0,"turns":4.0},{"damage":42.0,"enemies":"Giant Head","floor":94.0,"turns":6.0},{"damage":13.0,"enemies":"Maw","floor":96.0,"turns":5.0},{"damage":0.0,"enemies":"Transient","floor":99.0,"turns":5.0},{"damage":30.0,"enemies":"Donu and Deca","floor":101.0,"turns":4.0},{"damage":0,"enemies":"Jaw Worm","floor":103,"turns":1},{"damage":0,"enemies":"2 Louse","floor":107,"turns":1},{"damage":0,"enemies":"3 Sentries","floor":108,"turns":2},{"damage":0,"enemies":"Lagavulin","floor":111,"turns":2},{"damage":0,"enemies":"Small Slimes","floor":112,"turns":1},{"damage":0,"enemies":"Gremlin Nob","floor":113,"turns":1},{"damage":0,"enemies":"Lagavulin","floor":115,"turns":2},{"damage":0,"enemies":"Red Slaver","floor":116,"turns":1},{"damage":120,"enemies":"Hexaghost","floor":118,"turns":2}],"seed_played":"-6566802970882552960","potions_obtained":[{"floor":1.0,"key":"GamblersBrew"},{"floor":8.0,"key":"Block Potion"},{"floor":13.0,"key":"FocusPotion"},{"floor":19.0,"key":"Block Potion"},{"floor":24.0,"key":"FocusPotion"},{"floor":29.0,"key":"Dexterity Potion"},{"floor":33.0,"key":"Dexterity Potion"},{"floor":36.0,"key":"Block Potion"},{"floor":38.0,"key":"FocusPotion"},{"floor":44.0,"key":"Dexterity Potion"},{"floor":47.0,"key":"SmokeBomb"},{"floor":58.0,"key":"EssenceOfSteel"},{"floor":62.0,"key":"GamblersBrew"},{"floor":63.0,"key":"FearPotion"},{"floor":77.0,"key":"PowerPotion"},{"floor":80.0,"key":"FocusPotion"},{"floor":82.0,"key":"LiquidBronze"},{"floor":86.0,"key":"Ancient Potion"},{"floor":89.0,"key":"EssenceOfSteel"},{"floor":96.0,"key":"SteroidPotion"},{"floor":97.0,"key":"FocusPotion"},{"floor":108,"key":"SkillPotion"},{"floor":113,"key":"LiquidBronze"}],"is_trial":true,"path_per_floor":["M","M","?","T","M","E","R","M","T","E","R","$","M","E","R","B",null,"M","M","?","$","?","R","E","R","T","E","E","M","E","?","R","B",null,"M","M","$","?","?","E","$","E","T","E","T","E","E","M","R","B",null,"M","?","?","M","?","R","M","$","T","R","M","M","E","$","R","B",null,"M","?","?","M","?","R","E","M","E","M","M","M","M","M","R","B",null,"M","M","?","M","M","R","M","R","E","R","M","?","$","M","R","B",null,"M","?","?","?","M","E","$","R","E","M","E","R","E","M","R"],"character_chosen":"DEFECT","items_purchased":["Chemical X","Static Discharge","Lee\u0027s Waffle","Storm","The Bomb+1","Madness+1","Sadistic Nature+1","Loop+1","Loop+1","Bottled Lightning","Frozen Eye","Capacitor+1","Defragment+1","Heatsinks+1","Deep Breath+1","Boot","Defragment+1","Self Repair+1"],"campfire_rested":7,"item_purchase_floors":[12,21,41,41,59,59,59,65,98,98,98,98,98,98,98,109,109,109],"current_hp_per_floor":[75,75,80,80,80,78,78,70,70,36,36,36,36,28,28,25,80,73,77,77,77,77,77,60,60,60,34,7,13,19,19,58,44,80,61,60,60,66,80,65,97,79,79,75,75,43,31,37,81,5,97,91,87,63,63,63,63,61,61,61,61,71,74,74,74,74,26,97,77,61,61,61,93,93,97,39,48,46,56,56,40,30,74,62,97,66,64,64,76,40,84,48,92,70,70,67,67,67,67,97,67,97,97,78,83,76,76,76,76,76,76,76,76,76,76,76,102,0],"gold":179,"neow_bonus":"","is_prod":false,"is_daily":false,"chose_seed":false,"campfire_upgraded":12,"win_rate":0,"timestamp":1539782070,"path_taken":["M","?","?","?","M","E","R","M","T","E","R","$","?","E","R","BOSS","M","M","?","$","?","R","E","R","T","?","E","?","E","?","R","BOSS","M","M","$","?","?","E","$","E","T","E","?","?","?","M","R","BOSS","M","?","?","M","?","R","M","$","T","R","?","M","?","$","R","BOSS","M","?","?","M","?","R","E","M","E","M","M","M","M","M","R","BOSS","M","M","?","?","M","R","M","R","E","R","M","?","$","M","R","BOSS","M","?","?","?","M","E","$","R","E","M","E","R","?","M","R","BOSS"],"build_version":"2018-10-11","purchased_purges":2,"victory":false,"max_hp_per_floor":[75,75,80,80,80,80,80,80,80,80,80,80,80,80,80,80,80,80,80,80,80,80,80,80,80,80,80,80,80,80,80,80,80,80,80,80,80,80,80,90,97,97,97,97,97,97,97,97,97,97,97,97,97,97,97,97,97,97,97,97,97,97,97,97,97,97,97,97,97,97,97,97,97,97,97,97,97,97,97,97,97,97,97,97,97,97,97,97,97,97,97,97,97,97,97,97,97,97,97,97,97,97,97,97,102,102,102,102,102,102,102,102,102,102,102,102,102,102],"card_choices":[{"not_picked":["Force Field","Streamline"],"picked":"Enlightenment","floor":0.0},{"not_picked":["Gash","Stack"],"picked":"Beam Cell","floor":0.0},{"not_picked":["Consume","Redo"],"picked":"Undo","floor":0.0},{"not_picked":["Beam Cell","Turbo"],"picked":"Impatience","floor":0.0},{"not_picked":["Redo","Conserve Battery"],"picked":"Static Discharge","floor":0.0},{"not_picked":["Ball Lightning","Gash"],"picked":"Consume","floor":0.0},{"not_picked":["Cold Snap","Lockon"],"picked":"Coolheaded","floor":0.0},{"not_picked":["Cold Snap","Steam"],"picked":"Coolheaded","floor":0.0},{"not_picked":["Compile Driver","Ball Lightning"],"picked":"PanicButton","floor":0.0},{"not_picked":["Stack","Hologram"],"picked":"Redo","floor":0.0},{"not_picked":["Swift Strike","Go for the Eyes"],"picked":"Bandage Up","floor":0.0},{"not_picked":["Finesse","Mind Blast"],"picked":"Discovery","floor":0.0},{"not_picked":["Hologram","Go for the Eyes"],"picked":"Leap","floor":0.0},{"not_picked":["Gash","Sweeping Beam"],"picked":"Reprogram","floor":0.0},{"not_picked":["Gash","Hologram"],"picked":"Blind","floor":0.0},{"not_picked":["Turbo","Hologram"],"picked":"Ball Lightning","floor":1.0},{"not_picked":["Compile Driver","Barrage","Rebound"],"picked":"SKIP","floor":2.0},{"not_picked":["Go for the Eyes","Redo"],"picked":"Darkness","floor":5.0},{"not_picked":["Secret Weapon","Metamorphosis"],"picked":"Multi-Cast","floor":6.0},{"not_picked":["Redo","Compile Driver"],"picked":"Panacea","floor":8.0},{"not_picked":["Master of Strategy","Transmutation"],"picked":"Apotheosis","floor":10.0},{"not_picked":["Genetic Algorithm","Swift Strike","Beam Cell"],"picked":"SKIP","floor":13.0},{"not_picked":["Metamorphosis","Chrysalis"],"picked":"Mayhem","floor":14.0},{"not_picked":["Thinking Ahead","Panache"],"picked":"Electrodynamics","floor":16.0},{"not_picked":["Conserve Battery","Forethought"],"picked":"Purity","floor":18.0},{"not_picked":["Deep Breath","Redo"],"picked":"Storm","floor":19.0},{"not_picked":["Chrysalis","Fission"],"picked":"Seek","floor":24.0},{"not_picked":["Violence","Amplify","Secret Weapon"],"picked":"Thinking Ahead","floor":27.0},{"not_picked":["Thinking Ahead","Amplify","Meteor Strike"],"picked":"Creative AI","floor":28.0},{"not_picked":["Good Instincts+1","Cold Snap+1","Coolheaded+1"],"picked":"Dramatic Entrance+1","floor":29.0},{"not_picked":["The Bomb","Secret Technique","Rainbow"],"picked":"Transmutation","floor":30.0},{"not_picked":["Panache","Violence","Apotheosis"],"picked":"Transmutation","floor":33.0},{"not_picked":["Turbo","Hologram","Steam+1"],"picked":"Dark Shackles+1","floor":35.0},{"not_picked":["Cold Snap+1","Sweeping Beam","Barrage","Ball Lightning+1"],"picked":"SKIP","floor":36.0},{"not_picked":["Hologram","Gash+1","Purity+1"],"picked":"Impatience","floor":38.0},{"not_picked":["Violence","Machine Learning","The Bomb"],"picked":"Mayhem","floor":40.0},{"not_picked":["Transmutation","Thinking Ahead","The Bomb"],"picked":"Mayhem","floor":42.0},{"not_picked":["The Bomb","Master of Strategy","Thinking Ahead"],"picked":"Transmutation","floor":44.0},{"not_picked":["HandOfGreed","Secret Technique","Reboot"],"picked":"All For One","floor":46.0},{"not_picked":["Secret Weapon+1","Violence+1","Reboot+1"],"picked":"Core Surge","floor":47.0},{"not_picked":["Streamline","Coolheaded+1","Rebound+1"],"picked":"Swift Strike","floor":48.0},{"not_picked":["Finesse+1","Cold Snap+1","Stack+1"],"picked":"Defragment+1","floor":48.0},{"not_picked":["The Bomb+1","Transmutation+1","Master of Strategy+1"],"picked":"Panache+1","floor":50.0},{"not_picked":["FTL","Rebound","Gash"],"picked":"Turbo+1","floor":52.0},{"not_picked":["Hologram+1","Compile Driver","Go for the Eyes"],"picked":"Thunder Strike","floor":52.0},{"not_picked":["Gash","Sweeping Beam","Conserve Battery+1"],"picked":"Mind Blast","floor":53.0},{"not_picked":["Sweeping Beam","Rebound","Cold Snap"],"picked":"Lockon","floor":55.0},{"not_picked":["All For One","Barrage","Swift Strike"],"picked":"Self Repair+1","floor":55.0},{"not_picked":["Sweeping Beam","Trip+1","Streamline"],"picked":"Genetic Algorithm+1","floor":58.0},{"not_picked":["Leap+1","Barrage","Dark Shackles+1"],"picked":"Self Repair+1","floor":58.0},{"not_picked":["Gash","Streamline","Coolheaded+1"],"picked":"Redo+1","floor":62.0},{"not_picked":["Skim+1","Conserve Battery+1","Ball Lightning"],"picked":"Swift Strike","floor":62.0},{"not_picked":["Ball Lightning","Streamline","Go for the Eyes"],"picked":"Discovery+1","floor":63.0},{"not_picked":["Coolheaded+1","Compile Driver","Sweeping Beam","Enlightenment+1"],"picked":"SKIP","floor":63.0},{"not_picked":["Violence+1","Magnetism+1","Sadistic Nature+1"],"picked":"Thunder Strike","floor":64.0},{"not_picked":["Master of Strategy+1","Violence+1","Apotheosis+1"],"picked":"Thinking Ahead+1","floor":67.0},{"not_picked":["Scrape","Mind Blast","Redo+1"],"picked":"Flash of Steel","floor":69.0},{"not_picked":["Streamline","Rebound","Redo+1","Coolheaded+1"],"picked":"SKIP","floor":69.0},{"not_picked":["Hologram+1","Recycle+1","Self Repair+1"],"picked":"Good Instincts+1","floor":72.0},{"not_picked":["Redo+1","Turbo+1","FTL"],"picked":"Deep Breath+1","floor":72.0},{"not_picked":["Secret Weapon+1","Meteor Strike","Magnetism+1"],"picked":"Thinking Ahead+1","floor":75.0},{"not_picked":["Go for the Eyes","Stack+1","Compile Driver+1"],"picked":"Genetic Algorithm+1","floor":76.0},{"not_picked":["Leap+1","Compile Driver","Violence+1"],"picked":"Loop+1","floor":76.0},{"not_picked":["HandOfGreed","Echo Form+1","Multi-Cast+1"],"picked":"The Bomb+1","floor":77.0},{"not_picked":["Leap+1","Lockon","Static Discharge+1"],"picked":"Panacea+1","floor":78.0},{"not_picked":["Beam Cell+1","Heatsinks+1","Madness+1"],"picked":"PanicButton+1","floor":78.0},{"not_picked":["Sweeping Beam","Gash","Conserve Battery+1"],"picked":"Defragment+1","floor":79.0},{"not_picked":["Streamline","Doom and Gloom","Steam+1","Leap+1"],"picked":"SKIP","floor":79.0},{"not_picked":["Beam Cell","Coolheaded+1","Heatsinks+1"],"picked":"Secret Technique+1","floor":80.0},{"not_picked":["Go for the Eyes","Leap+1","Barrage"],"picked":"Jack Of All Trades+1","floor":80.0},{"not_picked":["Enlightenment+1","Glacier+1","Barrage"],"picked":"Recycle+1","floor":81.0},{"not_picked":["Stack+1","Beam Cell+1","Gash"],"picked":"Impatience+1","floor":81.0},{"not_picked":["Streamline+1","Barrage","Consume+1"],"picked":"Mind Blast","floor":82.0},{"not_picked":["Heatsinks+1","Coolheaded+1","Barrage","Undo+1"],"picked":"SKIP","floor":82.0},{"not_picked":["Hyperbeam","The Bomb+1","Rainbow+1"],"picked":"Buffer+1","floor":84.0},{"not_picked":["Go for the Eyes","Redo+1","Sweeping Beam"],"picked":"FTL+1","floor":86.0},{"not_picked":["Stack+1","Go for the Eyes","Ball Lightning","Steam+1"],"picked":"SKIP","floor":86.0},{"not_picked":["Beam Cell","Swift Strike+1","Streamline+1"],"picked":"Heatsinks+1","floor":87.0},{"not_picked":["Enlightenment+1","Coolheaded+1","Gash+1","Hologram+1"],"picked":"SKIP","floor":87.0},{"not_picked":["Cold Snap+1","Leap+1","Purity+1"],"picked":"Dark Shackles+1","floor":89.0},{"not_picked":["Panacea+1","Swift Strike+1","Sweeping Beam+1"],"picked":"Turbo+1","floor":89.0},{"not_picked":["Coolheaded+1","Hologram+1","Barrage"],"picked":"Sadistic Nature+1","floor":90.0},{"not_picked":["Jack Of All Trades+1","Coolheaded+1","Discovery+1"],"picked":"Turbo+1","floor":90.0},{"not_picked":["Coolheaded+1","Redo+1","Ball Lightning+1","Static Discharge+1"],"picked":"SKIP","floor":92.0},{"not_picked":["Compile Driver+1","Coolheaded+1","Gash+1","Dramatic Entrance"],"picked":"SKIP","floor":92.0},{"not_picked":["Multi-Cast+1","The Bomb+1","Echo Form+1"],"picked":"Apotheosis+1","floor":94.0},{"not_picked":["Leap+1","Double Energy+1","Lockon+1"],"picked":"Chill+1","floor":96.0},{"not_picked":["Discovery+1","Ball Lightning+1","Stack+1"],"picked":"Mind Blast","floor":96.0},{"not_picked":["Sweeping Beam+1","Barrage+1","Steam+1"],"picked":"Storm+1","floor":99.0},{"not_picked":["Redo+1","Beam Cell+1","Ball Lightning+1","Purity+1"],"picked":"SKIP","floor":99.0},{"not_picked":["HandOfGreed","All For One","Multi-Cast+1"],"picked":"Thinking Ahead+1","floor":101.0},{"not_picked":["Conserve Battery+1","Go for the Eyes","Enlightenment+1"],"picked":"Master of Strategy+1","floor":103},{"not_picked":["Leap+1","Beam Cell","Gash","Conserve Battery+1"],"picked":"SKIP","floor":103},{"not_picked":["Trip+1","Impatience+1","Stack+1"],"picked":"PanicButton+1","floor":107},{"not_picked":["Barrage","Blind+1","Gash","Steam Power+1"],"picked":"SKIP","floor":107},{"not_picked":["Apotheosis+1","Violence+1","Metamorphosis+1"],"picked":"Transmutation+1","floor":108},{"not_picked":["Violence+1","All For One","Master of Strategy+1"],"picked":"Secret Weapon+1","floor":111},{"not_picked":["Compile Driver","Sweeping Beam","Go for the Eyes"],"picked":"Turbo+1","floor":112},{"not_picked":["Leap+1","Beam Cell","Cold Snap","Hologram+1"],"picked":"SKIP","floor":112},{"not_picked":["All For One","Chrysalis+1","Sadistic Nature+1"],"picked":"The Bomb+1","floor":113},{"not_picked":["Thinking Ahead+1","Violence+1","Apotheosis+1"],"picked":"Machine Learning+1","floor":115},{"not_picked":["Go for the Eyes","Compile Driver","Cold Snap"],"picked":"Reinforced Body+1","floor":116},{"not_picked":["Steam+1","Forethought+1","Chill+1"],"picked":"Panacea+1","floor":116}],"player_experience":165066,"relics_obtained":[{"floor":4.0,"key":"Regal Pillow"},{"floor":6.0,"key":"Kunai"},{"floor":10.0,"key":"Anchor"},{"floor":14.0,"key":"Bottled Flame"},{"floor":24.0,"key":"Omamori"},{"floor":26.0,"key":"Question Card"},{"floor":27.0,"key":"Cables"},{"floor":28.0,"key":"Symbiotic Virus"},{"floor":30.0,"key":"Vajra"},{"floor":38.0,"key":"Nunchaku"},{"floor":40.0,"key":"Pear"},{"floor":42.0,"key":"Prayer Wheel"},{"floor":43.0,"key":"The Courier"},{"floor":44.0,"key":"Frozen Egg 2"},{"floor":45.0,"key":"Shuriken"},{"floor":46.0,"key":"Toxic Egg 2"},{"floor":47.0,"key":"Happy Flower"},{"floor":53.0,"key":"Odd Mushroom"},{"floor":60.0,"key":"Bottled Tornado"}],"event_choices":[{"event_name":"Big Fish","player_choice":"Donut","floor":3.0,"damage_taken":0.0},{"event_name":"The Mausoleum","player_choice":"Yes","floor":20.0,"damage_taken":0.0},{"event_name":"FaceTrader","player_choice":"Trade","floor":22.0,"damage_taken":0.0},{"event_name":"Back to Basics","player_choice":"Elegance","floor":31.0,"damage_taken":0.0},{"event_name":"MindBloom","player_choice":"Fight","floor":38.0,"damage_taken":0.0},{"event_name":"Winding Halls","player_choice":"Writhe","floor":39.0,"damage_taken":0.0},{"event_name":"Mushrooms","player_choice":"Fought Mushrooms","floor":53.0,"damage_taken":0.0},{"event_name":"Golden Idol","player_choice":"Take Damage","floor":54.0,"damage_taken":0.0},{"event_name":"The Cleric","player_choice":"Card Removal","floor":56.0,"damage_taken":0.0},{"event_name":"Cursed Tome","player_choice":"Obtained Book","floor":70.0,"damage_taken":0.0},{"event_name":"The Mausoleum","player_choice":"Yes","floor":71.0,"damage_taken":0.0},{"event_name":"The Library","player_choice":"Heal","floor":73.0,"damage_taken":0.0},{"event_name":"Falling","player_choice":"Removed Attack","floor":88.0,"damage_taken":0.0},{"event_name":"The Woman in Blue","player_choice":"Bought 1 Potion","floor":97.0,"damage_taken":0.0},{"event_name":"Shining Light","player_choice":"Entered Light","floor":104,"damage_taken":0},{"event_name":"Big Fish","player_choice":"Donut","floor":105,"damage_taken":0},{"event_name":"Golden Wing","player_choice":"Card Removal","floor":106,"damage_taken":0}],"is_beta":false,"boss_relics":[{"not_picked":["Ectoplasm","Eternal Feather"],"picked":"Nuclear Battery"},{"not_picked":["Coffee Dripper","Pandora\u0027s Box"],"picked":"Lizard Tail"},{"not_picked":["Cursed Key","Busted Crown"],"picked":"FrozenCore"},{"not_picked":["Accursed"],"picked":"TwistingMind"},{"not_picked":["GraspOfShadows"],"picked":"TwistingMind"},{"not_picked":["TwistingMind"],"picked":"Accursed"}],"items_purged_floors":[37,41],"is_endless":true,"potions_floor_spawned":[1,8,13,19,24,29,33,36,38,44,47,58,62,63,72,77,80,82,86,89,96,99,108,111,113],"killed_by":"Hexaghost","ascension_level":0}