{"path_per_floor":["M","M","?","?","M","E","R","M","T","E","M","R","M","E","R","B",null,"M","?","?","$","?"],"character_chosen":"DEFECT","items_purchased":["Apotheosis","Tiny Chest","Chill"],"gold_per_floor":[119,130,80,80,97,123,123,134,210,243,254,254,274,307,307,407,407,420,420,420,13,42,42],"floor_reached":23,"campfire_rested":3,"playtime":1136,"item_purchase_floors":[],"current_hp_per_floor":[48,40,40,40,32,7,29,27,27,18,17,54,51,24,61,30,64,49,49,49,49,37,0],"items_purged":[],"gold":42,"score":303,"play_id":"fa3af44b-8689-43c6-a195-ddffcf48763c","local_time":"20180609124342","is_prod":false,"is_daily":false,"chose_seed":false,"is_ascension_mode":true,"campfire_upgraded":0,"win_rate":0,"timestamp":1528541022,"campfire_choices":[{"floor":7.0,"key":"REST"},{"floor":12.0,"key":"REST"},{"floor":15.0,"key":"REST"}],"path_taken":["M","M","?","?","M","E","R","M","T","E","M","R","M","E","R","BOSS","M","?","?","?","?","E"],"build_version":"2018-06-07v3","seed_source_timestamp":0,"purchased_purges":0,"victory":false,"master_deck":["Strike_B+1","Strike_B+1","Strike_B+1","Defend_B+1","Defend_B+1","Defend_B+1","Defend_B+1","Zap","Dualcast","Rebound","Gash","Gash","Leap","Rebound","Beam Cell","Static Discharge+1","Defragment+1","Cold Snap","Capacitor+1","Sweeping Beam","Hyperbeam","Creative AI+1","Skim+1","Hello World+1","Apotheosis","Chill","Rebound+1"],"max_hp_per_floor":[75,75,75,75,75,75,75,75,75,75,75,75,75,75,75,75,75,77,77,77,77,77,77],"relics":["Cracked Core","Peace Pipe","Prayer Wheel","Frozen Egg 2","Regal Pillow","Singing Bowl","Eternal Feather","Tiny Chest","Red Mask"],"card_choices":[{"not_picked":["Conserve Battery","Steam"],"picked":"Rebound","floor":1.0},{"not_picked":["Leap","Streamline"],"picked":"Gash","floor":2.0},{"not_picked":["Steam Power","Sunder"],"picked":"Gash","floor":5.0},{"not_picked":["Conserve Battery","Static Discharge"],"picked":"Leap","floor":6.0},{"not_picked":["Leap","Steam"],"picked":"Rebound","floor":8.0},{"not_picked":["Stack","Fission"],"picked":"Beam Cell","floor":8.0},{"not_picked":["Sunder","Streamline"],"picked":"Static Discharge+1","floor":10.0},{"not_picked":["Stack","Steam"],"picked":"Defragment+1","floor":11.0},{"not_picked":["Heatsinks+1","Reinforced Body"],"picked":"Cold Snap","floor":11.0},{"not_picked":["BootSequence","Aggregate"],"picked":"Capacitor+1","floor":13.0},{"not_picked":["Conserve Battery","Genetic Algorithm"],"picked":"Sweeping Beam","floor":13.0},{"not_picked":["Genetic Algorithm","Turbo"],"picked":"Hyperbeam","floor":14.0},{"not_picked":["Hyperbeam","Biased Cognition+1"],"picked":"Creative AI+1","floor":16.0},{"not_picked":["Sunder","Leap"],"picked":"Skim+1","floor":18.0},{"not_picked":["Compile Driver","Tempest","Barrage"],"picked":"Singing Bowl","floor":18.0},{"not_picked":["Redo","Auto Shields"],"picked":"Rebound+1","floor":22.0}],"player_experience":494631,"potions_floor_usage":[23],"damage_taken":[{"damage":20.0,"enemies":"Jaw Worm","floor":1.0,"turns":4.0},{"damage":8.0,"enemies":"Cultist","floor":2.0,"turns":3.0},{"damage":8.0,"enemies":"2 Louse","floor":5.0,"turns":2.0},{"damage":25.0,"enemies":"Gremlin Nob","floor":6.0,"turns":5.0},{"damage":2.0,"enemies":"Looter","floor":8.0,"turns":3.0},{"damage":9.0,"enemies":"3 Sentries","floor":10.0,"turns":6.0},{"damage":1.0,"enemies":"2 Fungi Beasts","floor":11.0,"turns":3.0},{"damage":3.0,"enemies":"Blue Slaver","floor":13.0,"turns":3.0},{"damage":27.0,"enemies":"Lagavulin","floor":14.0,"turns":5.0},{"damage":31.0,"enemies":"Hexaghost","floor":16.0,"turns":9.0},{"damage":17.0,"enemies":"3 Byrds","floor":18.0,"turns":5.0},{"damage":12.0,"floor":22.0,"turns":2.0},{"damage":37,"enemies":"Book of Stabbing","floor":23,"turns":4}],"relics_obtained":[{"floor":6.0,"key":"Prayer Wheel"},{"floor":9.0,"key":"Frozen Egg 2"},{"floor":10.0,"key":"Regal Pillow"},{"floor":14.0,"key":"Singing Bowl"},{"floor":22.0,"key":"Red Mask"}],"event_choices":[{"event_name":"The Cleric","player_choice":"Card Removal","floor":3.0,"damage_taken":0.0},{"event_name":"Purifier","player_choice":"One Purge","floor":4.0,"damage_taken":0.0},{"event_name":"Back to Basics","player_choice":"Simplicity","floor":19.0,"damage_taken":0.0},{"event_name":"The Library","player_choice":"Read","floor":20.0,"damage_taken":0.0},{"event_name":"Masked Bandits","player_choice":"Fought over 13 gold","floor":22.0,"damage_taken":0.0}],"boss_relics":[{"not_picked":["Sozu","Tiny House"],"picked":"Eternal Feather"}],"items_purged_floors":[],"potions_floor_spawned":[5,6,13,16],"seed_played":"-8659293453324300008","killed_by":"Book of Stabbing","ascension_level":9,"potions_obtained":[{"floor":5.0,"key":"EssenceOfSteel"},{"floor":6.0,"key":"Block Potion"},{"floor":13.0,"key":"LiquidBronze"},{"floor":16.0,"key":"GamblersBrew"}],"is_trial":false}