{"gold_per_floor":[109,119,133,148,160,160,174,174,197,230,230,264,264,274,274,377,427,441,460,25,25,25,53,53,53,53,53,328,354,354,354,354,457,457,473,83,83,100,117,152,164,176,240,265,287,299,311,341,353,365],"floor_reached":51,"playtime":3314,"items_purged":["Strike_G","Regret"],"score":1020,"play_id":"0ec65001-2717-4297-881f-78d576587d7b","local_time":"20190213002331","is_ascension_mode":true,"campfire_choices":[{"data":"Neutralize","floor":6.0,"key":"SMITH"},{"floor":8.0,"key":"REST"},{"floor":13,"key":"REST"},{"data":"Dagger Spray","floor":15,"key":"SMITH"},{"floor":24,"key":"REST"},{"data":"Glass Knife","floor":30,"key":"SMITH"},{"data":"After Image","floor":32,"key":"SMITH"},{"floor":42,"key":"REST"},{"data":"Footwork","floor":47,"key":"SMITH"},{"data":"Dash","floor":49,"key":"SMITH"}],"neow_cost":"NONE","seed_source_timestamp":0,"circlet_count":0,"master_deck":["Defend_G+1","Defend_G+1","Defend_G+1","Defend_G+1","Defend_G+1","Survivor","Neutralize+1","PiercingWail","Cloak And Dagger","Dagger Spray+1","Tools of the Trade","Terror","After Image+1","Crippling Poison","A Thousand Cuts","Dash+1","Cloak And Dagger","Infinite Blades","Bite","Bite","Bite","Bite","Bite","Glass Knife+1","Blade Dance+1","Adrenaline","Backflip","Footwork+1","Noxious Fumes+1","Noxious Fumes"],"special_seed":0,"relics":["Sozu","Happy Flower","Dream Catcher","Anchor","Tiny House","Juzu Bracelet","Oddly Smooth Stone","MutagenicStrength","Nunchaku","Du-Vu Doll","WristBlade","Bottled Flame","MawBank","Bag of Preparation"],"potions_floor_usage":[],"damage_taken":[{"damage":0.0,"enemies":"Small Slimes","floor":1.0,"turns":4.0},{"damage":0.0,"enemies":"2 Louse","floor":2.0,"turns":4.0},{"damage":0.0,"enemies":"Jaw Worm","floor":3.0,"turns":5.0},{"damage":8.0,"enemies":"Large Slime","floor":4.0,"turns":10.0},{"damage":12.0,"enemies":"Lots of Slimes","floor":5.0,"turns":7.0},{"damage":8.0,"enemies":"3 Louse","floor":7.0,"turns":5.0},{"damage":12.0,"enemies":"3 Sentries","floor":10.0,"turns":9.0},{"damage":19.0,"enemies":"Lagavulin","floor":12.0,"turns":9.0},{"damage":7,"enemies":"Exordium Wildlife","floor":14,"turns":5},{"damage":27,"enemies":"Slime Boss","floor":16,"turns":11},{"damage":3,"enemies":"Shell Parasite","floor":18,"turns":5},{"damage":2,"enemies":"2 Thieves","floor":19,"turns":5},{"damage":43,"enemies":"Slavers","floor":23,"turns":8},{"damage":30,"enemies":"Gremlin Leader","floor":29,"turns":7},{"damage":32,"enemies":"Collector","floor":33,"turns":10},{"damage":18,"enemies":"3 Darklings","floor":35,"turns":5},{"damage":0,"enemies":"Orb Walker","floor":38,"turns":2},{"damage":24,"enemies":"Writhing Mass","floor":39,"turns":8},{"damage":44,"enemies":"Giant Head","floor":40,"turns":10},{"damage":0,"enemies":"Jaw Worm Horde","floor":44,"turns":5},{"damage":0,"enemies":"3 Darklings","floor":45,"turns":4},{"damage":0,"enemies":"4 Shapes","floor":48,"turns":4},{"damage":26,"enemies":"Donu and Deca","floor":50,"turns":11}],"seed_played":"-1574919681257645922","potions_obtained":[],"is_trial":false,"path_per_floor":["M","M","M","M","M","R","M","R","T","E","?","E","R","M","R","B",null,"M","M","$","?","?","E","R","?","T","?","?","E","R","?","R","B",null,"M","$","?","M","M","E","?","R","T","M","M","?","R","M","R","B",null],"character_chosen":"THE_SILENT","items_purchased":["Dash","Cloak And Dagger","Juzu Bracelet","Infinite Blades","Backflip","Bottled Flame"],"campfire_rested":4,"item_purchase_floors":[20,20,20,20,36,36],"current_hp_per_floor":[63,63,63,55,43,43,35,56,56,44,37,18,39,32,32,5,59,56,54,54,54,52,17,32,32,32,49,49,30,30,30,30,22,45,37,37,52,52,38,6,6,21,21,27,35,35,35,39,39,25],"gold":377,"neow_bonus":"BOSS_RELIC","is_prod":false,"is_daily":false,"chose_seed":false,"campfire_upgraded":6,"win_rate":0,"timestamp":1550046211,"path_taken":["M","M","M","M","M","R","M","R","T","E","?","E","R","M","R","BOSS","M","M","$","?","?","E","R","?","T","?","?","E","R","?","R","BOSS","M","$","?","M","M","E","?","R","T","M","M","?","R","M","R","BOSS"],"build_version":"2019-01-23","purchased_purges":2,"victory":true,"max_hp_per_floor":[70,70,70,70,70,70,70,70,70,70,70,70,70,70,70,70,75,75,75,75,75,52,52,52,52,52,52,52,52,52,52,52,52,52,52,52,52,52,52,52,52,52,52,52,52,52,52,52,52,52],"card_choices":[{"not_picked":["Deflect","Choke"],"picked":"PiercingWail","floor":1.0},{"not_picked":["Reflex","Dodge and Roll","Poisoned Stab"],"picked":"SKIP","floor":2.0},{"not_picked":["Deadly Poison","Riddle With Holes","Quick Slash"],"picked":"SKIP","floor":3.0},{"not_picked":["Prepared","Blade Dance"],"picked":"Cloak And Dagger","floor":4.0},{"not_picked":["Acrobatics","PiercingWail","Dodge and Roll"],"picked":"SKIP","floor":5.0},{"not_picked":["Blade Dance","Underhanded Strike"],"picked":"Dagger Spray","floor":7.0},{"not_picked":["Underhanded Strike","Caltrops"],"picked":"Tools of the Trade","floor":10.0},{"not_picked":["Flechettes","Underhanded Strike","Sucker Punch"],"picked":"SKIP","floor":12},{"not_picked":["Acrobatics","Deflect"],"picked":"Predator","floor":13},{"not_picked":["Bane","Deadly Poison"],"picked":"Terror","floor":14},{"not_picked":["Corpse Explosion","Envenom"],"picked":"After Image","floor":16},{"not_picked":["Quick Slash","Dagger Throw+1"],"picked":"Crippling Poison","floor":18},{"not_picked":["Dagger Spray","Poisoned Stab"],"picked":"A Thousand Cuts","floor":19},{"not_picked":["Acrobatics","Slice"],"picked":"Glass Knife","floor":23},{"not_picked":["Concentrate","Deadly Poison"],"picked":"Blade Dance+1","floor":29},{"not_picked":["A Thousand Cuts","Glass Knife"],"picked":"Adrenaline","floor":33},{"not_picked":["Infinite Blades+1","Deflect","Flying Knee"],"picked":"SKIP","floor":35},{"not_picked":["Deadly Poison+1","Bane"],"picked":"Footwork","floor":38},{"not_picked":["Slice+1","Dagger Throw+1","Dagger Spray+1"],"picked":"SKIP","floor":39},{"not_picked":["Quick Slash+1","Bane","Heel Hook+1"],"picked":"SKIP","floor":40},{"not_picked":["Deflect+1","Dodge and Roll"],"picked":"Noxious Fumes+1","floor":42},{"not_picked":["Dodge and Roll","Acrobatics","Dash"],"picked":"SKIP","floor":44},{"not_picked":["Quick Slash","Reflex","Endless Agony+1"],"picked":"SKIP","floor":45},{"not_picked":["Night Terror","Underhanded Strike","Setup+1"],"picked":"SKIP","floor":48}],"player_experience":355632,"relics_obtained":[{"floor":9.0,"key":"Happy Flower"},{"floor":10.0,"key":"Dream Catcher"},{"floor":12,"key":"Anchor"},{"floor":23,"key":"Oddly Smooth Stone"},{"floor":26,"key":"Nunchaku"},{"floor":29,"key":"Du-Vu Doll"},{"floor":40,"key":"MawBank"},{"floor":43,"key":"Bag of Preparation"}],"event_choices":[{"cards_removed":["Strike_G"],"damage_healed":0.0,"max_hp_gain":0.0,"max_hp_loss":0.0,"gold_gain":0.0,"event_name":"Golden Wing","player_choice":"Card Removal","floor":11.0,"gold_loss":0.0,"damage_taken":7.0},{"damage_healed":0,"gold_gain":0,"player_choice":"Simplicity","damage_taken":0,"max_hp_gain":0,"max_hp_loss":0,"event_name":"Back to Basics","floor":21,"gold_loss":0,"cards_upgraded":["Defend_G","Defend_G","Defend_G","Defend_G","Strike_G","Strike_G","Strike_G"]},{"damage_healed":0,"gold_gain":0,"player_choice":"Became a vampire","damage_taken":0,"max_hp_gain":0,"max_hp_loss":23,"event_name":"Vampires","floor":22,"gold_loss":0,"cards_obtained":["Bite","Bite","Bite","Bite","Bite"]},{"damage_healed":0,"gold_gain":0,"player_choice":"Inject Mutagens","damage_taken":0,"relics_obtained":["MutagenicStrength"],"max_hp_gain":0,"max_hp_loss":0,"event_name":"Drug Dealer","floor":25,"gold_loss":0},{"damage_healed":17,"gold_gain":0,"player_choice":"Heal","damage_taken":0,"max_hp_gain":0,"max_hp_loss":0,"event_name":"The Library","floor":27,"gold_loss":0},{"damage_healed":0,"gold_gain":275,"player_choice":"Desecrate","damage_taken":0,"max_hp_gain":0,"max_hp_loss":0,"event_name":"Golden Shrine","floor":28,"gold_loss":0,"cards_obtained":["Regret"]},{"damage_healed":0,"gold_gain":0,"player_choice":"Ignored","damage_taken":0,"max_hp_gain":0,"max_hp_loss":0,"event_name":"Ghosts","floor":31,"gold_loss":0},{"damage_healed":15,"gold_gain":0,"player_choice":"Full Heal","damage_taken":0,"max_hp_gain":0,"max_hp_loss":0,"event_name":"Wheel of Change","floor":37,"gold_loss":0},{"damage_healed":0,"gold_gain":0,"player_choice":"Ignored","damage_taken":0,"max_hp_gain":0,"max_hp_loss":0,"event_name":"Mysterious Sphere","floor":41,"gold_loss":0},{"damage_healed":0,"gold_gain":0,"cards_transformed":["Predator"],"player_choice":"Transformed","damage_taken":0,"max_hp_gain":0,"max_hp_loss":0,"event_name":"Transmorgrifier","floor":46,"gold_loss":0,"cards_obtained":["Noxious Fumes"]}],"is_beta":false,"boss_relics":[{"not_picked":["Ectoplasm","Black Star"],"picked":"Tiny House"},{"not_picked":["Fusion Hammer","Runic Dome"],"picked":"WristBlade"}],"items_purged_floors":[20,36],"is_endless":false,"potions_floor_spawned":[3,4,7,12,16,33,38,39,48],"ascension_level":8}