{"gold_per_floor":[113,130,130,149,224,224,551,26,26,26,54,54,81,95,95,95],"floor_reached":16,"playtime":916,"items_purged":["Strike_B"],"score":195,"play_id":"32e797a2-05d7-4773-b8bb-d68a94c78708","local_time":"20190224095601","is_ascension_mode":true,"campfire_choices":[{"data":"Zap","floor":6,"key":"SMITH"},{"data":"Dualcast","floor":10,"key":"SMITH"},{"data":"Echo Form","floor":15,"key":"SMITH"}],"neow_cost":"NONE","seed_source_timestamp":96178283451794,"circlet_count":0,"master_deck":["AscendersBane","Strike_B","Strike_B","Strike_B","Defend_B","Defend_B","Defend_B","Defend_B","Zap+1","Dualcast+1","Echo Form+1","Coolheaded","Self Repair","Conserve Battery","Cold Snap","All For One"],"relics":["Cracked Core","Old Coin","PreservedInsect","Peace Pipe","Pocketwatch","Potion Belt","Bottled Lightning","Pear"],"potions_floor_usage":[7,16],"damage_taken":[{"damage":0,"enemies":"2 Louse","floor":1,"turns":2},{"damage":1,"enemies":"Cultist","floor":2,"turns":3},{"damage":0,"enemies":"Small Slimes","floor":4,"turns":3},{"damage":35,"enemies":"3 Sentries","floor":7,"turns":12},{"damage":4,"enemies":"Lagavulin","floor":11,"turns":5},{"damage":21,"enemies":"3 Sentries","floor":13,"turns":7},{"damage":6,"enemies":"Blue Slaver","floor":14,"turns":3},{"damage":45,"enemies":"Hexaghost","floor":16,"turns":15}],"seed_played":"5975480096408044831","potions_obtained":[{"floor":1,"key":"Regen Potion"},{"floor":13,"key":"LiquidBronze"},{"floor":14,"key":"Weak Potion"}],"is_trial":false,"path_per_floor":["M","M","?","M","?","R","E","$","T","R","E","T","E","M","R","B"],"character_chosen":"DEFECT","items_purchased":["PreservedInsect","Peace Pipe"],"campfire_rested":0,"item_purchase_floors":[8,8],"current_hp_per_floor":[68,67,67,67,56,56,43,43,43,43,46,46,42,43,43,0],"gold":95,"neow_bonus":"ONE_RANDOM_RARE_CARD","is_prod":false,"is_daily":false,"chose_seed":false,"campfire_upgraded":3,"win_rate":0,"timestamp":1551030961,"path_taken":["M","M","?","?","?","R","E","$","T","R","E","?","E","M","R","BOSS"],"build_version":"2019-01-23","purchased_purges":1,"victory":false,"max_hp_per_floor":[75,75,75,75,75,75,75,75,75,75,75,75,85,85,85,85],"card_choices":[{"not_picked":["Hello World","Force Field","Streamline"],"picked":"SKIP","floor":1},{"not_picked":["Hologram","Scrape"],"picked":"Coolheaded","floor":2},{"not_picked":["BootSequence","Barrage"],"picked":"Self Repair","floor":4},{"not_picked":["Hello World","Force Field"],"picked":"Conserve Battery","floor":7},{"not_picked":["Steam","Recycle"],"picked":"Cold Snap","floor":11},{"not_picked":["Streamline","Cold Snap","Force Field"],"picked":"SKIP","floor":13},{"not_picked":["Hologram","Aggregate"],"picked":"All For One","floor":14}],"player_experience":496822,"relics_obtained":[{"floor":7,"key":"Old Coin"},{"floor":9,"key":"Pocketwatch"},{"floor":11,"key":"Potion Belt"},{"floor":12,"key":"Bottled Lightning"},{"floor":13,"key":"Pear"}],"event_choices":[{"damage_healed":0,"gold_gain":0,"player_choice":"Bought 0 Potions","damage_taken":0,"max_hp_gain":0,"max_hp_loss":0,"event_name":"The Woman in Blue","floor":3,"gold_loss":0},{"damage_healed":0,"gold_gain":75,"player_choice":"Gather Gold","damage_taken":11,"max_hp_gain":0,"max_hp_loss":0,"event_name":"World of Goop","floor":5,"gold_loss":0}],"is_beta":false,"boss_relics":[],"items_purged_floors":[8],"is_endless":false,"potions_floor_spawned":[1,13,14],"killed_by":"Hexaghost","ascension_level":13}