{"gold_per_floor":[118,132,150,162,40,72,72,85,110,123,143,162,162,162,162,266,266,285,285,270,101,114,114,125,135,158,158,158,171,250,283,283,382,382,402,420,430,530,530,530],"floor_reached":40,"playtime":3028,"items_purged":["Strike_B"],"score":485,"play_id":"ec551fb5-9198-4e31-b808-a2fb82ebc100","local_time":"20190105001150","is_ascension_mode":true,"campfire_choices":[{"data":"Genetic Algorithm","floor":7,"key":"SMITH"},{"floor":13,"key":"REST"},{"data":"Zap","floor":15,"key":"SMITH"},{"floor":23,"key":"RECALL"},{"data":"Barrage","floor":27,"key":"SMITH"},{"floor":32,"key":"REST"}],"neow_cost":"NONE","seed_source_timestamp":3317323652719,"circlet_count":0,"master_deck":["Strike_B","Strike_B","Strike_B","Defend_B","Defend_B","Defend_B","Defend_B","Zap+1","Dualcast+1","Lockon","Coolheaded","Tempest","Coolheaded","Genetic Algorithm+1","Streamline","Leap","Conserve Battery","Rebound","Glacier","Reinforced Body","Seek","Coolheaded","Fusion","Barrage+1","Bandage Up","Barrage+1","Undo","Barrage","Lockon","Cold Snap+1","Biased Cognition","Static Discharge","Beam Cell+1","Barrage+1","Writhe"],"relics":["Cracked Core","Letter Opener","FaceOfCleric","Inserter","Centennial Puzzle","Sundial","Bronze Scales","Eternal Feather","Unceasing Top"],"potions_floor_usage":[16,20,31,31,33,33,37,37,37],"damage_taken":[{"damage":0,"enemies":"Small Slimes","floor":1,"turns":3},{"damage":0,"enemies":"Cultist","floor":2,"turns":2},{"damage":4,"enemies":"Jaw Worm","floor":3,"turns":2},{"damage":12,"enemies":"Exordium Wildlife","floor":4,"turns":5},{"damage":27,"enemies":"3 Sentries","floor":6,"turns":9},{"damage":14,"enemies":"Large Slime","floor":8,"turns":5},{"damage":6,"enemies":"2 Fungi Beasts","floor":10,"turns":3},{"damage":0,"enemies":"Blue Slaver","floor":11,"turns":3},{"damage":0,"enemies":"Exordium Thugs","floor":12,"turns":5},{"damage":9,"enemies":"Slime Boss","floor":16,"turns":15},{"damage":9,"enemies":"Chosen","floor":18,"turns":6},{"damage":11,"enemies":"2 Thieves","floor":20,"turns":4},{"damage":8,"enemies":"Centurion and Healer","floor":22,"turns":10},{"damage":20,"enemies":"Snake Plant","floor":24,"turns":6},{"damage":0,"enemies":"Shelled Parasite and Fungi","floor":25,"turns":7},{"damage":10,"enemies":"Centurion and Healer","floor":29,"turns":9},{"damage":40,"enemies":"Slavers","floor":31,"turns":7},{"damage":10,"enemies":"Collector","floor":33,"turns":12},{"damage":5,"enemies":"3 Shapes","floor":35,"turns":5},{"damage":31,"enemies":"3 Darklings","floor":36,"turns":6},{"damage":44,"enemies":"Spire Growth","floor":37,"turns":7},{"damage":4,"enemies":"Mind Bloom Boss Battle","floor":38,"turns":7},{"damage":53,"enemies":"Giant Head","floor":40,"turns":8}],"seed_played":"5383127892934229211","potions_obtained":[{"floor":3,"key":"Explosive Potion"},{"floor":4,"key":"Poison Potion"},{"floor":16,"key":"Block Potion"},{"floor":20,"key":"FearPotion"},{"floor":24,"key":"LiquidBronze"},{"floor":25,"key":"FocusPotion"},{"floor":31,"key":"Explosive Potion"},{"floor":33,"key":"FocusPotion"},{"floor":35,"key":"PowerPotion"},{"floor":36,"key":"EssenceOfSteel"}],"is_trial":false,"path_per_floor":["M","M","M","M","$","E","R","M","T","M","M","M","R","?","R","B",null,"M","?","M","$","M","R","M","M","T","R","?","M","T","E","R","B",null,"M","M","M","?","?","E"],"character_chosen":"DEFECT","items_purchased":["Genetic Algorithm","Streamline","Bandage Up"],"campfire_rested":2,"item_purchase_floors":[5,5,21],"current_hp_per_floor":[75,75,71,59,59,32,32,18,18,12,12,12,34,34,34,26,76,68,68,58,58,55,55,40,45,45,45,45,40,40,5,29,24,84,84,55,16,17,39,0],"gold":530,"neow_bonus":"UPGRADE_CARD","is_prod":false,"is_daily":false,"chose_seed":false,"campfire_upgraded":3,"win_rate":0,"timestamp":1546614710,"path_taken":["M","M","M","M","$","E","R","M","T","M","M","M","R","?","R","BOSS","M","?","M","$","M","R","?","M","T","R","?","M","?","E","R","BOSS","M","M","M","?","?","E"],"build_version":"2019-01-03v3","purchased_purges":1,"victory":false,"max_hp_per_floor":[75,75,75,75,75,75,75,75,75,75,75,75,75,75,75,76,76,77,77,78,78,79,79,80,81,81,81,81,82,82,83,83,84,84,85,86,87,88,88,88],"card_choices":[{"not_picked":["Stack","Redo"],"picked":"Lockon","floor":1},{"not_picked":["Beam Cell","Redo"],"picked":"Coolheaded","floor":2},{"not_picked":["Blizzard","Redo"],"picked":"Tempest","floor":3},{"not_picked":["Tempest","Turbo"],"picked":"Coolheaded","floor":4},{"not_picked":["Self Repair","Stack"],"picked":"Leap","floor":6},{"not_picked":["Streamline","Turbo"],"picked":"Conserve Battery","floor":8},{"not_picked":["FTL","Beam Cell"],"picked":"Rebound","floor":10},{"not_picked":["Gash","Consume"],"picked":"Glacier","floor":11},{"not_picked":["Leap","Stack"],"picked":"Reinforced Body","floor":12},{"not_picked":["Rainbow","Buffer"],"picked":"Seek","floor":16},{"not_picked":["Streamline","Scrape"],"picked":"Coolheaded","floor":18},{"not_picked":["Sweeping Beam","Rebound"],"picked":"Barrage+1","floor":20},{"not_picked":["Sweeping Beam+1","Heatsinks+1"],"picked":"Barrage","floor":22},{"not_picked":["Auto Shields+1","Sweeping Beam"],"picked":"Undo","floor":24},{"not_picked":["Steam","Cold Snap"],"picked":"Barrage","floor":25},{"not_picked":["Undo","Lockon","Turbo+1"],"picked":"SKIP","floor":29},{"not_picked":["Leap","Steam Power"],"picked":"Cold Snap+1","floor":31},{"not_picked":["Meteor Strike","Reboot"],"picked":"Biased Cognition","floor":33},{"not_picked":["Streamline","Cold Snap","Barrage"],"picked":"SKIP","floor":35},{"not_picked":["Stack+1","Go for the Eyes+1"],"picked":"Static Discharge","floor":36},{"not_picked":["Stack","Compile Driver+1"],"picked":"Beam Cell+1","floor":37},{"not_picked":["White Noise+1","Fusion"],"picked":"Barrage+1","floor":38}],"player_experience":97705,"relics_obtained":[{"floor":6,"key":"Letter Opener"},{"floor":26,"key":"Centennial Puzzle"},{"floor":30,"key":"Sundial"},{"floor":31,"key":"Bronze Scales"},{"floor":38,"key":"Unceasing Top"}],"event_choices":[{"damage_healed":0,"gold_gain":0,"player_choice":"Trade","damage_taken":0,"relics_obtained":["FaceOfCleric"],"max_hp_gain":0,"max_hp_loss":0,"event_name":"FaceTrader","floor":14,"gold_loss":0},{"damage_healed":0,"gold_gain":0,"player_choice":"1 cards matched","damage_taken":0,"max_hp_gain":0,"max_hp_loss":0,"event_name":"Match and Keep!","floor":19,"gold_loss":0,"cards_obtained":["Fusion"]},{"damage_healed":0,"gold_gain":0,"player_choice":"Read","damage_taken":0,"max_hp_gain":0,"max_hp_loss":0,"event_name":"The Library","floor":28,"gold_loss":0,"cards_obtained":["Lockon"]},{"damage_healed":0,"gold_gain":0,"player_choice":"Fight","damage_taken":0,"max_hp_gain":0,"max_hp_loss":0,"event_name":"MindBloom","floor":38,"gold_loss":0},{"damage_healed":22,"gold_gain":0,"player_choice":"Writhe","damage_taken":0,"max_hp_gain":0,"max_hp_loss":0,"event_name":"Winding Halls","floor":39,"gold_loss":0,"cards_obtained":["Writhe"]}],"is_beta":false,"boss_relics":[{"not_picked":["Calling Bell","Empty Cage"],"picked":"Inserter"},{"not_picked":["Runic Dome","White Beast Statue"],"picked":"Eternal Feather"}],"items_purged_floors":[21],"is_endless":false,"potions_floor_spawned":[3,4,6,8,16,20,24,25,31,33,35,36],"killed_by":"Giant Head","ascension_level":1}