{"gold_per_floor":[119,119,134,134,321,333,380,404,441,453,465,489,21,34,34,34],"floor_reached":16,"playtime":477,"items_purged":["Strike_R"],"score":145,"play_id":"2b9e8bea-0880-4296-a41c-fef6c97b36be","local_time":"20190108111158","is_ascension_mode":true,"campfire_choices":[{"data":"Bash","floor":6,"key":"SMITH"},{"data":"Rupture","floor":15,"key":"SMITH"}],"neow_cost":"CURSE","seed_source_timestamp":1587024064775396,"circlet_count":0,"master_deck":["Strike_R","Strike_R","Strike_R","Strike_R","Defend_R","Defend_R","Defend_R","Defend_R","Bash+1","Rupture+1","Regret","Doubt","Immolate","Ghostly Armor","Combust","Spot Weakness"],"relics":["Burning Blood","Ginger","MawBank","Thread and Needle","Potion Belt","Champion Belt"],"potions_floor_usage":[16,16],"damage_taken":[{"damage":0,"enemies":"Small Slimes","floor":1,"turns":4},{"damage":3,"enemies":"2 Louse","floor":3,"turns":3},{"damage":65,"enemies":"Lagavulin","floor":7,"turns":6},{"damage":2,"enemies":"Jaw Worm","floor":8,"turns":5},{"damage":2,"enemies":"2 Fungi Beasts","floor":12,"turns":3},{"damage":4,"enemies":"Looter","floor":14,"turns":4},{"damage":33,"enemies":"Hexaghost","floor":16,"turns":9}],"seed_played":"3879825553997347615","potions_obtained":[{"floor":7,"key":"Ancient Potion"},{"floor":8,"key":"LiquidBronze"},{"floor":12,"key":"Block Potion"}],"is_trial":false,"path_per_floor":["M","?","M","?","?","R","E","M","T","?","$","M","$","M","R","B"],"character_chosen":"IRONCLAD","items_purchased":["Combust","Champion Belt","Spot Weakness"],"campfire_rested":0,"item_purchase_floors":[13,13,13],"current_hp_per_floor":[78,78,80,80,80,80,21,25,25,25,25,29,29,31,31,0],"gold":34,"neow_bonus":"ONE_RARE_RELIC","is_prod":false,"is_daily":false,"chose_seed":false,"campfire_upgraded":2,"win_rate":0,"timestamp":1546963918,"path_taken":["M","?","M","?","?","R","E","M","T","?","$","M","?","M","R","BOSS"],"build_version":"2019-01-03v4","purchased_purges":1,"victory":false,"max_hp_per_floor":[80,80,80,80,80,80,80,80,80,80,80,80,80,80,80,80],"card_choices":[{"not_picked":["Perfected Strike","Twin Strike","Uppercut"],"picked":"SKIP","floor":1},{"not_picked":["Clash","Pummel"],"picked":"Rupture","floor":3},{"not_picked":["Pummel","Havoc"],"picked":"Immolate","floor":7},{"not_picked":["Armaments","Anger","Dropkick"],"picked":"SKIP","floor":8},{"not_picked":["Havoc","Heavy Blade"],"picked":"Ghostly Armor","floor":12},{"not_picked":["Sentinel","Shockwave","Corruption"],"picked":"SKIP","floor":14}],"player_experience":347656,"relics_obtained":[{"floor":7,"key":"Thread and Needle"},{"floor":9,"key":"Potion Belt"}],"event_choices":[{"cards_removed":["Normality"],"damage_healed":0,"gold_gain":0,"player_choice":"Forget","damage_taken":0,"max_hp_gain":0,"max_hp_loss":0,"event_name":"Living Wall","floor":2,"gold_loss":0},{"damage_healed":0,"gold_gain":0,"player_choice":"Box","damage_taken":0,"relics_obtained":["MawBank"],"max_hp_gain":0,"max_hp_loss":0,"event_name":"Big Fish","floor":4,"gold_loss":0,"cards_obtained":["Regret"]},{"damage_healed":0,"gold_gain":175,"player_choice":"AGREE","damage_taken":0,"max_hp_gain":0,"max_hp_loss":0,"event_name":"Liars Game","floor":5,"gold_loss":0,"cards_obtained":["Doubt"]},{"damage_healed":0,"gold_gain":0,"player_choice":"Fled","damage_taken":0,"max_hp_gain":0,"max_hp_loss":0,"event_name":"Scrap Ooze","floor":10,"gold_loss":0}],"is_beta":false,"boss_relics":[],"items_purged_floors":[13],"is_endless":false,"potions_floor_spawned":[7,8,12],"killed_by":"Hexaghost","ascension_level":9}