{"gold_per_floor":[119,139,139,156,174,203,203,234,313,313,313,18,29,41,41,119,119,119],"floor_reached":18,"playtime":719,"items_purged":["Strike_R"],"score":344,"play_id":"b9ad241d-e596-4626-a8f0-04268574a043","local_time":"20190204100736","is_ascension_mode":true,"campfire_choices":[{"data":"Bludgeon","floor":7,"key":"SMITH"},{"data":"True Grit","floor":11,"key":"SMITH"},{"floor":15,"key":"REST"}],"neow_cost":"TEN_PERCENT_HP_LOSS","seed_source_timestamp":1503709146441158,"circlet_count":0,"master_deck":["AscendersBane","Strike_R","Defend_R","Defend_R","Defend_R","Defend_R","Bash","Ghostly Armor","Dropkick","Armaments","Shrug It Off","Bludgeon+1","True Grit","True Grit+1","Anger","Impervious","Dropkick","Headbutt","Feed"],"relics":["Burning Blood","Centennial Puzzle","Torii","Shuriken","Brimstone","Mark of Pain"],"potions_floor_usage":[6],"damage_taken":[{"damage":6,"enemies":"2 Louse","floor":1,"turns":3},{"damage":1,"enemies":"Cultist","floor":2,"turns":4},{"damage":6,"enemies":"Small Slimes","floor":4,"turns":3},{"damage":0,"enemies":"3 Louse","floor":5,"turns":7},{"damage":30,"enemies":"Lagavulin","floor":6,"turns":6},{"damage":22,"enemies":"3 Sentries","floor":8,"turns":8},{"damage":0,"enemies":"2 Fungi Beasts","floor":13,"turns":4},{"damage":7,"enemies":"Blue Slaver","floor":14,"turns":3},{"damage":37,"enemies":"Hexaghost","floor":16,"turns":8},{"damage":0,"enemies":"3 Byrds","floor":18,"turns":2}],"seed_played":"8412800646935076776","potions_obtained":[{"floor":5,"key":"Strength Potion"},{"floor":8,"key":"EssenceOfSteel"},{"floor":16,"key":"Strength Potion"}],"is_trial":false,"path_per_floor":["M","M","?","M","M","E","R","E","T","?","R","$","M","M","R","B",null,"M"],"character_chosen":"IRONCLAD","items_purchased":["Brimstone"],"campfire_rested":1,"item_purchase_floors":[12],"current_hp_per_floor":[68,68,68,68,68,44,44,28,28,21,21,21,27,26,46,15,55,55],"gold":119,"neow_bonus":"TRANSFORM_TWO_CARDS","is_prod":false,"is_daily":false,"chose_seed":false,"campfire_upgraded":2,"win_rate":0,"timestamp":1549292856,"path_taken":["M","M","?","?","M","E","R","E","T","?","R","$","M","M","R","BOSS","M"],"build_version":"2019-01-23","purchased_purges":1,"victory":false,"max_hp_per_floor":[68,68,68,68,68,68,68,68,68,68,68,68,68,68,68,68,68,68],"card_choices":[{"not_picked":["Flex","Rage"],"picked":"Armaments","floor":1},{"not_picked":["Intimidate","Flex"],"picked":"Shrug It Off","floor":2},{"not_picked":["Flex","Sword Boomerang"],"picked":"True Grit","floor":4},{"not_picked":["Perfected Strike","Heavy Blade"],"picked":"True Grit","floor":5},{"not_picked":["Pommel Strike","Brutality"],"picked":"Anger","floor":6},{"not_picked":["Ghostly Armor","Combust"],"picked":"Impervious","floor":8},{"not_picked":["Inflame","Sever Soul"],"picked":"Dropkick","floor":13},{"not_picked":["Ghostly Armor","Clash"],"picked":"Headbutt","floor":14},{"not_picked":["Double Tap","Barricade"],"picked":"Feed","floor":16}],"player_experience":667463,"relics_obtained":[{"floor":6,"key":"Centennial Puzzle"},{"floor":8,"key":"Torii"},{"floor":9,"key":"Shuriken"}],"event_choices":[{"damage_healed":0,"gold_gain":0,"player_choice":"1 cards matched","damage_taken":0,"max_hp_gain":0,"max_hp_loss":0,"event_name":"Match and Keep!","floor":3,"gold_loss":0,"cards_obtained":["Bludgeon"]},{"cards_removed":["Strike_R"],"damage_healed":0,"gold_gain":0,"player_choice":"Card Removal","damage_taken":7,"max_hp_gain":0,"max_hp_loss":0,"event_name":"Golden Wing","floor":10,"gold_loss":0}],"is_beta":false,"boss_relics":[{"not_picked":["Ectoplasm","Tiny House"],"picked":"Mark of Pain"}],"items_purged_floors":[12],"is_endless":false,"potions_floor_spawned":[5,8,16],"killed_by":"3 Byrds","ascension_level":20}