{"gold_per_floor":[114,128,148,223,243,276,276,304,331,331,25,25,44,57,57,135,135,152,152,167,67,82,82,47,47,47,47,72,2,29,29,29,100,100,110,158,158,258,133,133,149,149,175,208,208,223,223,22,22,22],"floor_reached":51,"playtime":2186,"items_purged":["Strike_B","Strike_B","Strike_B"],"score":1319,"play_id":"47682f46-032a-4206-ac2d-2bc23aeba871","local_time":"20190302150959","is_ascension_mode":true,"campfire_choices":[{"floor":7.0,"key":"REST"},{"data":"Self Repair","floor":10,"key":"SMITH"},{"floor":15,"key":"REST"},{"data":"Zap","floor":23,"key":"SMITH"},{"data":"Defragment","floor":25,"key":"SMITH"},{"data":"Dualcast","floor":27,"key":"SMITH"},{"data":"Seek","floor":32,"key":"SMITH"},{"data":"Core Surge","floor":40,"key":"SMITH"},{"data":"Ball Lightning","floor":42,"key":"SMITH"},{"data":"Biased Cognition","floor":45,"key":"SMITH"},{"data":"Conserve Battery","floor":47,"key":"SMITH"},{"data":"Cold Snap","floor":49,"key":"SMITH"}],"neow_cost":"NONE","seed_source_timestamp":44970472573865,"circlet_count":0,"master_deck":["AscendersBane","Strike_B","Defend_B","Defend_B","Defend_B","Defend_B","Zap+1","Dualcast+1","BootSequence","Sweeping Beam","Ball Lightning+1","Self Repair+1","Conserve Battery+1","Biased Cognition+1","Seek+1","Loop+1","Cold Snap+1","Defragment+1","Defragment+1","Core Surge+1","Glacier","Genetic Algorithm+1","Defragment+1","Buffer+1","Hologram+1"],"special_seed":0,"relics":["Cracked Core","DataDisk","Ancient Tea Set","Omamori","Oddly Smooth Stone","PreservedInsect","White Beast Statue","Frozen Egg 2","Strawberry","Bottled Lightning","Cursed Key","Gambling Chip","Torii","Pen Nib","Thread and Needle","Art of War"],"potions_floor_usage":[8,16,28,28,33,50,50],"damage_taken":[{"damage":7.0,"enemies":"Small Slimes","floor":1.0,"turns":3.0},{"damage":0.0,"enemies":"Jaw Worm","floor":2.0,"turns":3.0},{"damage":1.0,"enemies":"Cultist","floor":3.0,"turns":3.0},{"damage":5.0,"enemies":"2 Fungi Beasts","floor":5.0,"turns":3.0},{"damage":33.0,"enemies":"3 Sentries","floor":6.0,"turns":6.0},{"damage":25,"enemies":"Lagavulin","floor":8,"turns":7},{"damage":14,"enemies":"Large Slime","floor":13,"turns":5},{"damage":5,"enemies":"Looter","floor":14,"turns":3},{"damage":13,"enemies":"Slime Boss","floor":16,"turns":9},{"damage":3,"enemies":"Spheric Guardian","floor":18,"turns":3},{"damage":5,"enemies":"Chosen","floor":20,"turns":4},{"damage":14,"enemies":"Sentry and Sphere","floor":22,"turns":5},{"damage":5,"enemies":"Gremlin Leader","floor":28,"turns":5},{"damage":0,"enemies":"Slavers","floor":30,"turns":6},{"damage":0,"enemies":"Champ","floor":33,"turns":11},{"damage":0,"enemies":"3 Shapes","floor":35,"turns":4},{"damage":16,"enemies":"2 Orb Walkers","floor":36,"turns":8},{"damage":0,"enemies":"Mind Bloom Boss Battle","floor":38,"turns":5},{"damage":0,"enemies":"3 Darklings","floor":41,"turns":6},{"damage":0,"enemies":"Giant Head","floor":44,"turns":7},{"damage":7,"enemies":"Writhing Mass","floor":46,"turns":6},{"damage":41,"enemies":"Time Eater","floor":50,"turns":20}],"seed_played":"8491223245401388549","potions_obtained":[{"floor":3.0,"key":"Dexterity Potion"},{"floor":5.0,"key":"Weak Potion"},{"floor":14,"key":"SkillPotion"},{"floor":16,"key":"Weak Potion"},{"floor":18,"key":"Regen Potion"},{"floor":28,"key":"FearPotion"},{"floor":30,"key":"Dexterity Potion"},{"floor":33,"key":"Explosive Potion"}],"is_trial":false,"path_per_floor":["M","M","M","?","M","E","R","E","T","R","$","?","M","M","R","B",null,"M","?","M","$","M","R","$","R","T","R","E","$","E","?","R","B",null,"M","?","?","?","$","R","M","R","T","E","R","M","R","$","R","B",null],"character_chosen":"DEFECT","items_purchased":["Biased Cognition","PreservedInsect","Defragment","Glacier","Art of War","Strength Potion"],"campfire_rested":2,"item_purchase_floors":[11,11,24,29,48,48],"current_hp_per_floor":[61,61,60,49,44,11,33,15,15,15,15,15,11,16,38,35,65,72,72,75,75,71,71,71,71,71,71,82,82,82,82,82,82,82,82,76,76,78,78,78,78,78,78,78,78,78,78,78,78,47],"gold":22,"neow_bonus":"RANDOM_COMMON_RELIC","is_prod":false,"is_daily":false,"chose_seed":false,"campfire_upgraded":10,"win_rate":0,"timestamp":1551535799,"path_taken":["M","M","M","?","M","E","R","E","T","R","$","?","M","M","R","BOSS","M","?","M","$","M","R","?","R","T","R","E","$","E","?","R","BOSS","M","?","?","?","$","R","M","R","T","E","R","M","R","$","R","BOSS"],"build_version":"2019-01-23","purchased_purges":3,"victory":true,"max_hp_per_floor":[75,75,75,75,75,75,75,75,75,75,75,75,75,75,75,75,75,75,75,75,75,75,75,75,75,75,75,82,82,82,82,82,82,82,82,82,78,78,78,78,78,78,78,78,78,78,78,78,78,78],"card_choices":[{"not_picked":["Hologram","Redo"],"picked":"BootSequence","floor":1.0},{"not_picked":["Coolheaded","Aggregate"],"picked":"Sweeping Beam","floor":2.0},{"not_picked":["Aggregate","Barrage"],"picked":"Ball Lightning","floor":3.0},{"not_picked":["Compile Driver","Skim","BootSequence"],"picked":"SKIP","floor":5.0},{"not_picked":["Scrape","Auto Shields"],"picked":"Self Repair","floor":6.0},{"not_picked":["Leap","Redo"],"picked":"Conserve Battery","floor":8},{"not_picked":["Rip and Tear","Aggregate","Rainbow"],"picked":"SKIP","floor":13},{"not_picked":["Compile Driver","Turbo","Streamline"],"picked":"SKIP","floor":14},{"not_picked":["Amplify","Reboot"],"picked":"Seek","floor":16},{"not_picked":["Go for the Eyes","Redo"],"picked":"Loop+1","floor":18},{"not_picked":["Turbo","Auto Shields"],"picked":"Cold Snap","floor":20},{"not_picked":["Compile Driver","Darkness"],"picked":"Defragment+1","floor":22},{"not_picked":["Doom and Gloom+1","Double Energy+1"],"picked":"Core Surge","floor":28},{"not_picked":["Sweeping Beam","Force Field"],"picked":"Genetic Algorithm+1","floor":30},{"not_picked":["Amplify","Thunder Strike"],"picked":"Buffer+1","floor":33},{"not_picked":["Stack","Rip and Tear","Leap"],"picked":"SKIP","floor":35},{"not_picked":["Aggregate","Compile Driver"],"picked":"Hologram+1","floor":38},{"not_picked":["Stack+1","Compile Driver+1","Cold Snap"],"picked":"SKIP","floor":41},{"not_picked":["Amplify","Chaos+1","Ball Lightning"],"picked":"SKIP","floor":44},{"not_picked":["Gash","Steam","Glacier"],"picked":"SKIP","floor":46}],"player_experience":711622,"relics_obtained":[{"floor":6.0,"key":"Ancient Tea Set"},{"floor":8,"key":"Omamori"},{"floor":9,"key":"Oddly Smooth Stone"},{"floor":26,"key":"Frozen Egg 2"},{"floor":28,"key":"Strawberry"},{"floor":30,"key":"Bottled Lightning"},{"floor":36,"key":"Gambling Chip"},{"floor":38,"key":"Torii"},{"floor":43,"key":"Pen Nib"},{"floor":44,"key":"Thread and Needle"}],"event_choices":[{"damage_healed":0.0,"max_hp_gain":0.0,"max_hp_loss":0.0,"gold_gain":75.0,"event_name":"World of Goop","player_choice":"Gather Gold","floor":4.0,"gold_loss":0.0,"damage_taken":11.0},{"damage_healed":0,"gold_gain":0,"player_choice":"Leave","damage_taken":0,"max_hp_gain":0,"max_hp_loss":0,"event_name":"The Cleric","floor":12,"gold_loss":0},{"damage_healed":0,"gold_gain":0,"player_choice":"Bought 0 Potions","damage_taken":0,"max_hp_gain":0,"max_hp_loss":0,"event_name":"The Woman in Blue","floor":19,"gold_loss":0},{"damage_healed":0,"gold_gain":0,"player_choice":"Read","damage_taken":0,"max_hp_gain":0,"max_hp_loss":0,"event_name":"The Library","floor":31,"gold_loss":0,"cards_obtained":["Defragment"]},{"damage_healed":0,"gold_gain":0,"player_choice":"Fight","damage_taken":0,"max_hp_gain":0,"max_hp_loss":0,"event_name":"Mysterious Sphere","floor":36,"gold_loss":0},{"damage_healed":0,"gold_gain":0,"player_choice":"Max HP","damage_taken":0,"max_hp_gain":0,"max_hp_loss":4,"event_name":"Winding Halls","floor":37,"gold_loss":0},{"damage_healed":0,"gold_gain":0,"player_choice":"Fight","damage_taken":0,"max_hp_gain":0,"max_hp_loss":0,"event_name":"MindBloom","floor":38,"gold_loss":0}],"is_beta":false,"boss_relics":[{"not_picked":["Runic Dome","Ectoplasm"],"picked":"White Beast Statue"},{"not_picked":["Pandora\u0027s Box","FrozenCore"],"picked":"Cursed Key"}],"items_purged_floors":[11,21,39],"is_endless":false,"potions_floor_spawned":[3,5,14,16,18,20,22,28,30,33,35,36,38,41,44,46],"ascension_level":13}