{"gold_per_floor":[119,138,138,138,18,50,65,65,89,106,106,117,117,143,143,240,240,250,267,267,267,88,88,117,117,143,143,157,188,188,201,201,304,354,367,63,76,91,105,105,132,132,132,132,132,152,170,180,180,180],"floor_reached":51,"playtime":2914,"items_purged":["Pain","Defend_R","Defend_R"],"score":1138,"play_id":"8e62b711-6842-40cb-b0ca-4b07f713f18d","local_time":"20190219005500","is_ascension_mode":true,"campfire_choices":[{"data":"True Grit","floor":8.0,"key":"SMITH"},{"data":"Body Slam","floor":11.0,"key":"SMITH"},{"data":"Bash","floor":13.0,"key":"SMITH"},{"data":"Shockwave","floor":15,"key":"SMITH"},{"data":"Flame Barrier","floor":23,"key":"SMITH"},{"data":"Metallicize","floor":25,"key":"SMITH"},{"data":"Metallicize","floor":27,"key":"SMITH"},{"data":"Offering","floor":30,"key":"SMITH"},{"data":"Inflame","floor":32,"key":"SMITH"},{"floor":40,"key":"REST"},{"data":"Reaper","floor":42,"key":"SMITH"},{"data":"Shrug It Off","floor":44,"key":"SMITH"},{"data":"Secret Technique","floor":49,"key":"SMITH"}],"neow_cost":"NONE","seed_source_timestamp":0,"circlet_count":0,"master_deck":["AscendersBane","Defend_R+1","Defend_R+1","Bash+1","True Grit+1","Body Slam+1","Offering+1","Shockwave+1","Reaper+1","Shrug It Off+1","Whirlwind+1","Flame Barrier+1","Bite","Bite","Bite+1","Bite","Bite","Metallicize+1","Metallicize+1","Inflame+1","Shrug It Off","Body Slam+1","Pommel Strike+1","Uppercut+1","Secret Technique+1"],"special_seed":0,"relics":["Burning Blood","War Paint","Regal Pillow","WarpedTongs","PreservedInsect","Bronze Scales","Bottled Flame","Mark of Pain","Smiling Mask","Lantern","Juzu Bracelet","Tiny House","Molten Egg 2","Bag of Marbles","Mummified Hand"],"potions_floor_usage":[24,29,33,33,35,41,46,48,50],"damage_taken":[{"damage":0.0,"enemies":"Jaw Worm","floor":1.0,"turns":5.0},{"damage":0.0,"enemies":"Cultist","floor":2.0,"turns":4.0},{"damage":44.0,"enemies":"Lagavulin","floor":6.0,"turns":7.0},{"damage":0.0,"enemies":"2 Louse","floor":7.0,"turns":2.0},{"damage":6.0,"enemies":"Large Slime","floor":10.0,"turns":3.0},{"damage":6.0,"enemies":"Exordium Wildlife","floor":12.0,"turns":3.0},{"damage":2.0,"enemies":"3 Sentries","floor":14.0,"turns":5.0},{"damage":19,"enemies":"Hexaghost","floor":16,"turns":9},{"damage":10,"enemies":"Chosen","floor":18,"turns":5},{"damage":10,"enemies":"Spheric Guardian","floor":19,"turns":5},{"damage":27,"enemies":"Gremlin Leader","floor":24,"turns":7},{"damage":0,"enemies":"Snake Plant","floor":28,"turns":3},{"damage":6,"enemies":"Book of Stabbing","floor":29,"turns":3},{"damage":6,"enemies":"Centurion and Healer","floor":31,"turns":6},{"damage":49,"enemies":"Champ","floor":33,"turns":14},{"damage":13,"enemies":"3 Shapes","floor":35,"turns":4},{"damage":11,"enemies":"Orb Walker","floor":37,"turns":3},{"damage":37,"enemies":"Spire Growth","floor":38,"turns":6},{"damage":73,"enemies":"Writhing Mass","floor":39,"turns":8},{"damage":31,"enemies":"Reptomancer","floor":41,"turns":5},{"damage":25,"enemies":"3 Darklings","floor":46,"turns":6},{"damage":6,"enemies":"Transient","floor":47,"turns":5},{"damage":21,"enemies":"Jaw Worm Horde","floor":48,"turns":2},{"damage":74,"enemies":"Time Eater","floor":50,"turns":12}],"seed_played":"-5445349739067772866","potions_obtained":[{"floor":1.0,"key":"EssenceOfSteel"},{"floor":2.0,"key":"Swift Potion"},{"floor":16,"key":"Strength Potion"},{"floor":19,"key":"Weak Potion"},{"floor":24,"key":"LiquidBronze"},{"floor":29,"key":"EssenceOfSteel"},{"floor":34,"key":"Block Potion"},{"floor":37,"key":"LiquidBronze"},{"floor":39,"key":"Strength Potion"},{"floor":41,"key":"BloodPotion"},{"floor":47,"key":"Explosive Potion"}],"is_trial":false,"path_per_floor":["M","M","?","?","$","E","M","R","T","M","R","M","R","E","R","B",null,"M","M","?","?","$","R","E","R","T","R","M","E","R","M","R","B",null,"M","$","M","M","M","R","E","R","T","R","?","M","M","M","R","B",null],"character_chosen":"IRONCLAD","items_purchased":["True Grit","Metallicize","Molten Egg 2"],"campfire_rested":1,"item_purchase_floors":[5,22,36],"current_hp_per_floor":[78,80,73,73,73,35,41,41,41,41,41,41,41,45,45,32,68,69,68,68,56,56,56,56,56,56,56,56,56,56,56,56,47,59,61,61,60,55,15,48,57,57,57,57,57,61,61,46,46,17],"gold":180,"neow_bonus":"RANDOM_COMMON_RELIC","is_prod":false,"is_daily":false,"chose_seed":false,"campfire_upgraded":12,"win_rate":0,"timestamp":1550566500,"path_taken":["M","M","?","?","$","E","M","R","T","M","R","?","R","E","R","BOSS","M","?","?","?","?","R","E","R","T","R","M","E","R","M","R","BOSS","M","$","M","M","M","R","E","R","T","R","?","M","M","M","R","BOSS"],"build_version":"2019-01-23","purchased_purges":3,"victory":true,"max_hp_per_floor":[80,80,80,80,80,80,80,80,80,80,80,80,80,80,80,80,80,80,80,80,56,56,56,56,56,56,56,56,56,56,56,56,56,61,61,61,61,61,61,61,61,61,61,61,61,61,61,61,61,61],"card_choices":[{"not_picked":["Infernal Blade","Perfected Strike","Rupture"],"picked":"SKIP","floor":1.0},{"not_picked":["Bloodletting","Flex","Dropkick"],"picked":"SKIP","floor":2.0},{"not_picked":["Iron Wave","Fire Breathing"],"picked":"Body Slam","floor":6.0},{"not_picked":["Clash","Headbutt"],"picked":"Offering","floor":7.0},{"not_picked":["Carnage","Thunderclap","Wild Strike"],"picked":"SKIP","floor":10.0},{"not_picked":["Power Through","Cleave","Evolve"],"picked":"SKIP","floor":12.0},{"not_picked":["Bloodletting","Intimidate"],"picked":"Shockwave","floor":14},{"not_picked":["Limit Break","Juggernaut"],"picked":"Reaper","floor":16},{"not_picked":["Flex+1","Perfected Strike"],"picked":"Shrug It Off","floor":18},{"not_picked":["Combust+1","Thunderclap"],"picked":"Whirlwind+1","floor":19},{"not_picked":["Headbutt","Berserk"],"picked":"Metallicize","floor":24},{"not_picked":["Heavy Blade","Headbutt","Warcry"],"picked":"SKIP","floor":28},{"not_picked":["Havoc","Rage","Reckless Charge"],"picked":"SKIP","floor":29},{"not_picked":["Pummel+1","Clash+1"],"picked":"Inflame","floor":31},{"not_picked":["Heavy Blade","Dual Wield"],"picked":"Shrug It Off","floor":34},{"not_picked":["Iron Wave","Sever Soul"],"picked":"Body Slam+1","floor":35},{"not_picked":["Headbutt+1","Ghostly Armor+1"],"picked":"Pommel Strike+1","floor":37},{"not_picked":["Perfected Strike+1","Reckless Charge+1","Wild Strike+1"],"picked":"SKIP","floor":38},{"not_picked":["Twin Strike+1","Inflame","Cleave+1"],"picked":"SKIP","floor":39},{"not_picked":["Fiend Fire+1","Inflame"],"picked":"Uppercut+1","floor":41},{"not_picked":["Finesse","HandOfGreed+1"],"picked":"Secret Technique","floor":45},{"not_picked":["Body Slam+1","Dropkick+1","Perfected Strike+1"],"picked":"SKIP","floor":46},{"not_picked":["Dual Wield+1","Clothesline+1","Headbutt+1"],"picked":"SKIP","floor":47},{"not_picked":["Pommel Strike+1","Evolve+1","Perfected Strike+1"],"picked":"SKIP","floor":48}],"player_experience":431155,"relics_obtained":[{"floor":6.0,"key":"PreservedInsect"},{"floor":9.0,"key":"Bronze Scales"},{"floor":14,"key":"Bottled Flame"},{"floor":24,"key":"Smiling Mask"},{"floor":26,"key":"Lantern"},{"floor":29,"key":"Juzu Bracelet"},{"floor":41,"key":"Bag of Marbles"},{"floor":43,"key":"Mummified Hand"}],"event_choices":[{"damage_healed":0.0,"max_hp_gain":0.0,"max_hp_loss":0.0,"gold_gain":0.0,"event_name":"Scrap Ooze","player_choice":"Success","floor":3.0,"gold_loss":0.0,"damage_taken":7.0,"relics_obtained":["Regal Pillow"]},{"damage_healed":0.0,"max_hp_gain":0.0,"max_hp_loss":0.0,"gold_gain":0.0,"event_name":"Accursed Blacksmith","player_choice":"Rummage","floor":4.0,"gold_loss":0.0,"damage_taken":0.0,"relics_obtained":["WarpedTongs"],"cards_obtained":["Pain"]},{"damage_healed":0,"gold_gain":0,"player_choice":"Read","damage_taken":0,"max_hp_gain":0,"max_hp_loss":0,"event_name":"The Library","floor":20,"gold_loss":0,"cards_obtained":["Flame Barrier"]},{"damage_healed":0,"gold_gain":0,"player_choice":"Became a vampire","damage_taken":0,"max_hp_gain":0,"max_hp_loss":24,"event_name":"Vampires","floor":21,"gold_loss":0,"cards_obtained":["Bite","Bite","Bite","Bite","Bite"]},{"damage_healed":0,"gold_gain":0,"player_choice":"Memory 1","damage_taken":0,"max_hp_gain":0,"max_hp_loss":0,"event_name":"SensoryStone","floor":45,"gold_loss":0}],"is_beta":false,"boss_relics":[{"not_picked":["Runic Cube","Empty Cage"],"picked":"Mark of Pain"},{"not_picked":["Runic Dome","Cursed Key"],"picked":"Tiny House"}],"items_purged_floors":[5,22,36],"is_endless":false,"potions_floor_spawned":[1,2,6,16,19,24,29,37,39,41,47],"ascension_level":11}