{"gold_per_floor":[115,134,150,169,169,200,300,300,378,405,134,152,182,197,197,197],"floor_reached":16,"playtime":553,"items_purged":["Strike_R"],"score":134,"play_id":"c8a07f2b-c7ad-4655-a09c-c5ce0ac2e5e7","local_time":"20190108104447","is_ascension_mode":true,"campfire_choices":[{"floor":8,"key":"RECALL"},{"data":"Bloodletting","floor":15,"key":"SMITH"}],"neow_cost":"NONE","seed_source_timestamp":5423782335570,"circlet_count":0,"master_deck":["Strike_R","Strike_R","Strike_R","Strike_R","Defend_R","Defend_R","Defend_R","Defend_R","Bash","Clothesline","Cleave","Heavy Blade","Inflame","Double Tap","Bloodletting+1"],"relics":["Burning Blood","Turnip","Vajra","Lee\u0027s Waffle","Ginger"],"potions_floor_usage":[6,16],"damage_taken":[{"damage":4,"enemies":"Cultist","floor":1,"turns":3},{"damage":0,"enemies":"Small Slimes","floor":2,"turns":3},{"damage":7,"enemies":"Jaw Worm","floor":3,"turns":3},{"damage":16,"enemies":"2 Fungi Beasts","floor":4,"turns":3},{"damage":12,"enemies":"Gremlin Nob","floor":6,"turns":4},{"damage":52,"enemies":"Lagavulin","floor":10,"turns":7},{"damage":7,"enemies":"Blue Slaver","floor":12,"turns":4},{"damage":27,"enemies":"Gremlin Nob","floor":13,"turns":4},{"damage":8,"enemies":"Large Slime","floor":14,"turns":3},{"damage":63,"enemies":"The Guardian","floor":16,"turns":12}],"seed_played":"-3926832012011359568","potions_obtained":[{"floor":1,"key":"Swift Potion"},{"floor":3,"key":"BloodPotion"},{"floor":4,"key":"LiquidBronze"}],"is_trial":false,"path_per_floor":["M","M","M","M","?","E","?","R","T","E","$","M","E","M","R","B"],"character_chosen":"IRONCLAD","items_purchased":["Lee\u0027s Waffle"],"campfire_rested":0,"item_purchase_floors":[11],"current_hp_per_floor":[80,80,79,69,69,71,71,71,71,25,87,86,65,63,63,0],"gold":197,"neow_bonus":"THREE_CARDS","is_prod":false,"is_daily":false,"chose_seed":false,"campfire_upgraded":1,"win_rate":0,"timestamp":1546911887,"path_taken":["M","M","M","M","?","E","?","R","T","E","$","?","E","M","R","BOSS"],"build_version":"2019-01-03v4","purchased_purges":1,"victory":false,"max_hp_per_floor":[80,80,80,80,80,80,80,80,80,80,87,87,87,87,87,87],"card_choices":[{"not_picked":["Perfected Strike","True Grit"],"picked":"Clothesline","floor":0},{"not_picked":["Fire Breathing","Combust"],"picked":"Cleave","floor":1},{"not_picked":["Sentinel","Second Wind"],"picked":"Heavy Blade","floor":2},{"not_picked":["Flex","Havoc","Sword Boomerang"],"picked":"SKIP","floor":3},{"not_picked":["True Grit","Carnage","Hemokinesis"],"picked":"SKIP","floor":4},{"not_picked":["Warcry","Sword Boomerang","Twin Strike"],"picked":"SKIP","floor":6},{"not_picked":["Flex","Immolate","Twin Strike"],"picked":"SKIP","floor":10},{"not_picked":["Thunderclap","Twin Strike"],"picked":"Inflame","floor":12},{"not_picked":["Iron Wave","Intimidate"],"picked":"Double Tap","floor":13},{"not_picked":["Iron Wave","Twin Strike"],"picked":"Bloodletting","floor":14}],"player_experience":169255,"relics_obtained":[{"floor":6,"key":"Turnip"},{"floor":10,"key":"Vajra"},{"floor":13,"key":"Ginger"}],"event_choices":[{"damage_healed":0,"gold_gain":0,"player_choice":"Ignored","damage_taken":0,"max_hp_gain":0,"max_hp_loss":0,"event_name":"Golden Idol","floor":5,"gold_loss":0},{"damage_healed":0,"gold_gain":100,"player_choice":"Gold","damage_taken":0,"max_hp_gain":0,"max_hp_loss":0,"event_name":"Wheel of Change","floor":7,"gold_loss":0}],"is_beta":false,"boss_relics":[],"items_purged_floors":[11],"is_endless":false,"potions_floor_spawned":[1,3,4],"killed_by":"The Guardian","ascension_level":2}