{"gold_per_floor":[119,74,40,40,54,89,63,63,86,103,121,121,140,156,156,257,257,246],"floor_reached":18,"playtime":2040,"items_purged":[],"score":164,"play_id":"8c2f87b8-cafe-4dfc-89c5-7453d7c2b0bc","local_time":"20190218103830","is_ascension_mode":false,"campfire_choices":[{"floor":8,"key":"REST"},{"data":"Predator","floor":12,"key":"SMITH"},{"floor":15,"key":"REST"}],"neow_cost":"NONE","seed_source_timestamp":10286550197477,"circlet_count":0,"master_deck":["Defend_G","Defend_G","Defend_G","Defend_G","Strike_G","Strike_G","Strike_G","Survivor","Neutralize+1","PiercingWail+1","Footwork+1","Malaise+1","Backflip","Well Laid Plans","Blur","Blade Dance","Tools of the Trade","Predator+1","After Image"],"relics":["Astrolabe","Oddly Smooth Stone","Runic Pyramid"],"potions_floor_usage":[],"damage_taken":[{"damage":2,"enemies":"Cultist","floor":1,"turns":6},{"damage":2,"enemies":"Small Slimes","floor":5,"turns":5},{"damage":48,"enemies":"Gremlin Nob","floor":6,"turns":10},{"damage":0,"enemies":"2 Louse","floor":10,"turns":3},{"damage":11,"enemies":"Lots of Slimes","floor":11,"turns":7},{"damage":1,"enemies":"Looter","floor":13,"turns":3},{"damage":2,"enemies":"Exordium Wildlife","floor":14,"turns":5},{"damage":39,"enemies":"Slime Boss","floor":16,"turns":21},{"damage":16,"enemies":"2 Thieves","floor":18,"turns":4}],"seed_played":"8928735711644690361","potions_obtained":[{"floor":10,"key":"LiquidBronze"},{"floor":13,"key":"SneckoOil"}],"is_trial":false,"path_per_floor":["M","$","$","?","M","E","$","R","T","M","M","R","M","M","R","B",null,"M"],"character_chosen":"THE_SILENT","items_purchased":["Backflip","Well Laid Plans","Blade Dance"],"campfire_rested":2,"item_purchase_floors":[2,3,7],"current_hp_per_floor":[68,68,68,68,66,18,18,39,39,39,28,28,27,25,46,7,70,54],"gold":246,"neow_bonus":"BOSS_RELIC","is_prod":false,"is_daily":false,"chose_seed":false,"campfire_upgraded":1,"win_rate":0,"timestamp":1550515110,"path_taken":["M","?","$","?","M","E","$","R","T","M","?","R","M","?","R","BOSS","M"],"build_version":"2019-01-23","purchased_purges":0,"victory":false,"max_hp_per_floor":[70,70,70,70,70,70,70,70,70,70,70,70,70,70,70,70,70,70],"card_choices":[{"not_picked":["Underhanded Strike","Dodge and Roll","Expertise"],"picked":"SKIP","floor":1},{"not_picked":["Flying Knee","Underhanded Strike"],"picked":"Blur","floor":5},{"not_picked":["Dodge and Roll","All Out Attack","Heel Hook"],"picked":"SKIP","floor":6},{"not_picked":["Deadly Poison","Dash"],"picked":"Tools of the Trade","floor":10},{"not_picked":["Footwork","Deflect"],"picked":"Predator","floor":11},{"not_picked":["Finisher","Caltrops","Bane"],"picked":"SKIP","floor":13},{"not_picked":["Underhanded Strike","Reflex","Expertise"],"picked":"SKIP","floor":14},{"not_picked":["Corpse Explosion","Unload"],"picked":"After Image","floor":16}],"player_experience":424698,"relics_obtained":[{"floor":6,"key":"Oddly Smooth Stone"}],"event_choices":[{"damage_healed":0,"gold_gain":0,"player_choice":"Upgraded","damage_taken":0,"max_hp_gain":0,"max_hp_loss":0,"event_name":"Upgrade Shrine","floor":4,"gold_loss":0,"cards_upgraded":["Neutralize"]}],"is_beta":false,"boss_relics":[{"not_picked":["Calling Bell","HoveringKite"],"picked":"Runic Pyramid"}],"items_purged_floors":[],"is_endless":false,"potions_floor_spawned":[10,13],"killed_by":"2 Thieves","ascension_level":0}