{"gold_per_floor":[219,237,237,237,249,264,264,284,284,284,123,123,123,154,154,231,231,246,140,140,140,140,140,151,151,177,192,204,224,257,37,37,109,109,123,142,242,242,242,242,275,275,275,275,289,289,24,57,57,57],"floor_reached":51,"playtime":2811,"items_purged":["Regret","Strike_B"],"score":1373,"play_id":"beb37108-f03a-4733-9a40-a935901feaea","local_time":"20190302091124","is_ascension_mode":true,"campfire_choices":[{"data":"Zap","floor":7.0,"key":"SMITH"},{"data":"Dualcast","floor":10.0,"key":"SMITH"},{"floor":13.0,"key":"REST"},{"data":"Darkness","floor":15.0,"key":"SMITH"},{"floor":23.0,"key":"REST"},{"data":"Enlightenment","floor":25.0,"key":"SMITH"},{"floor":32,"key":"REST"},{"data":"Sunder","floor":40,"key":"SMITH"},{"data":"1","floor":42,"key":"LIFT"},{"data":"2","floor":44,"key":"LIFT"},{"data":"3","floor":46,"key":"LIFT"},{"floor":49,"key":"REST"}],"neow_cost":"NONE","seed_source_timestamp":186709035839975,"circlet_count":0,"master_deck":["AscendersBane","Strike_B","Strike_B","Defend_B","Defend_B","Defend_B","Defend_B","Zap+1","Dualcast+1","Glacier","Cold Snap","Darkness+1","Defragment+1","Defragment+1","Echo Form+1","Glacier","Enlightenment+1","Defragment+1","FTL","Sunder+1","Self Repair+1"],"special_seed":0,"relics":["Cracked Core","Peace Pipe","Frozen Egg 2","Singing Bowl","Inserter","Centennial Puzzle","Ancient Tea Set","Busted Crown","Girya","Mango","Kunai","Letter Opener","Cables"],"potions_floor_usage":[30,30,30,30,48,50,50],"damage_taken":[{"damage":8.0,"enemies":"Small Slimes","floor":1.0,"turns":4.0},{"damage":0.0,"enemies":"2 Louse","floor":2.0,"turns":3.0},{"damage":0.0,"enemies":"Cultist","floor":5.0,"turns":3.0},{"damage":11.0,"enemies":"Large Slime","floor":6.0,"turns":8.0},{"damage":2.0,"enemies":"2 Fungi Beasts","floor":8.0,"turns":5.0},{"damage":0.0,"enemies":"Lagavulin","floor":14.0,"turns":7.0},{"damage":27.0,"enemies":"Hexaghost","floor":16.0,"turns":10.0},{"damage":18.0,"enemies":"2 Thieves","floor":18.0,"turns":5.0},{"damage":7.0,"enemies":"3 Byrds","floor":24.0,"turns":9.0},{"damage":10.0,"enemies":"Snecko","floor":27.0,"turns":5.0},{"damage":24.0,"enemies":"Centurion and Healer","floor":28.0,"turns":6.0},{"damage":3.0,"enemies":"3 Cultists","floor":29.0,"turns":7.0},{"damage":3,"enemies":"Book of Stabbing","floor":30,"turns":5},{"damage":23,"enemies":"Champ","floor":33,"turns":9},{"damage":1,"enemies":"Orb Walker","floor":35,"turns":5},{"damage":6,"enemies":"3 Darklings","floor":36,"turns":11},{"damage":0,"enemies":"Mind Bloom Boss Battle","floor":37,"turns":9},{"damage":27,"enemies":"Nemesis","floor":41,"turns":19},{"damage":6,"enemies":"Sphere and 2 Shapes","floor":45,"turns":5},{"damage":20,"enemies":"Reptomancer","floor":48,"turns":5},{"damage":20,"enemies":"Time Eater","floor":50,"turns":9}],"seed_played":"-9151794353675640104","potions_obtained":[{"floor":2.0,"key":"Dexterity Potion"},{"floor":5.0,"key":"EssenceOfSteel"},{"floor":12.0,"key":"FocusPotion"},{"floor":29.0,"key":"EntropicBrew"},{"floor":36,"key":"Ancient Potion"},{"floor":41,"key":"AttackPotion"},{"floor":48,"key":"Block Potion"}],"is_trial":false,"path_per_floor":["M","M","?","?","M","M","R","M","T","R","$","?","R","E","R","B",null,"M","$","?","?","?","R","M","R","T","M","M","M","E","$","R","B",null,"M","M","?","?","?","R","E","R","T","R","M","R","$","E","R","B",null],"character_chosen":"DEFECT","items_purchased":["Defragment+1","Enlightenment","Sunder","Self Repair+1","Letter Opener"],"campfire_rested":4,"item_purchase_floors":[11,19,31,31,47],"current_hp_per_floor":[56,56,49,49,49,38,38,36,36,36,36,36,57,57,57,30,61,43,43,43,43,23,45,40,40,40,32,10,9,6,6,31,20,70,81,87,92,92,92,92,91,91,91,91,97,97,97,79,112,102],"gold":57,"neow_bonus":"HUNDRED_GOLD","is_prod":false,"is_daily":false,"chose_seed":false,"campfire_upgraded":5,"win_rate":0,"timestamp":1551546684,"path_taken":["M","M","?","?","M","M","R","M","T","R","$","?","R","E","R","BOSS","M","$","?","?","?","R","M","R","T","M","M","M","E","$","R","BOSS","M","M","?","?","?","R","E","R","T","R","M","R","$","E","R","BOSS"],"build_version":"2019-01-23","purchased_purges":2,"victory":true,"max_hp_per_floor":[71,71,71,71,71,71,71,71,71,71,71,71,71,71,71,71,71,71,71,71,71,76,76,78,78,78,80,82,84,84,84,84,86,86,88,90,92,92,92,92,108,108,108,108,110,110,110,112,112,112],"card_choices":[{"not_picked":["Streamline","Turbo"],"picked":"Glacier","floor":1.0},{"not_picked":["Beam Cell","Redo"],"picked":"Cold Snap","floor":2.0},{"not_picked":["Beam Cell","Streamline","Stack"],"picked":"SKIP","floor":5.0},{"not_picked":["Steam","Biased Cognition"],"picked":"Coolheaded","floor":6.0},{"not_picked":["Compile Driver","Ball Lightning"],"picked":"Darkness","floor":8.0},{"not_picked":["Chaos","Fusion"],"picked":"Defragment+1","floor":14.0},{"not_picked":["Thunder Strike","Fission"],"picked":"Echo Form+1","floor":16.0},{"not_picked":["Hologram","Ball Lightning"],"picked":"Glacier","floor":18.0},{"not_picked":["Ball Lightning","Beam Cell","Rebound"],"picked":"Singing Bowl","floor":24.0},{"not_picked":["Streamline+1","Force Field","Compile Driver"],"picked":"Singing Bowl","floor":27.0},{"not_picked":["Turbo","Gash","Coolheaded"],"picked":"Singing Bowl","floor":28.0},{"not_picked":["Chaos","Tempest","Leap"],"picked":"Singing Bowl","floor":29.0},{"not_picked":["Biased Cognition+1","Gash"],"picked":"FTL","floor":30},{"not_picked":["Machine Learning+1","Fission","Biased Cognition+1"],"picked":"Singing Bowl","floor":33},{"not_picked":["Melter+1"],"picked":"Singing Bowl","floor":35},{"not_picked":["Cold Snap+1"],"picked":"Singing Bowl","floor":36},{"not_picked":["Glacier"],"picked":"Singing Bowl","floor":37},{"not_picked":["Go for the Eyes"],"picked":"Singing Bowl","floor":41},{"not_picked":["Cold Snap+1"],"picked":"Singing Bowl","floor":45},{"not_picked":["Barrage"],"picked":"Singing Bowl","floor":48}],"player_experience":571195,"relics_obtained":[{"floor":9.0,"key":"Frozen Egg 2"},{"floor":14.0,"key":"Singing Bowl"},{"floor":26.0,"key":"Centennial Puzzle"},{"floor":30,"key":"Ancient Tea Set"},{"floor":37,"key":"Girya"},{"floor":41,"key":"Mango"},{"floor":43,"key":"Kunai"},{"floor":48,"key":"Cables"}],"event_choices":[{"cards_removed":["Strike_B"],"damage_healed":0.0,"max_hp_gain":0.0,"max_hp_loss":0.0,"gold_gain":0.0,"event_name":"Golden Wing","player_choice":"Card Removal","floor":3.0,"gold_loss":0.0,"damage_taken":7.0},{"damage_healed":0.0,"max_hp_gain":0.0,"max_hp_loss":0.0,"gold_gain":0.0,"event_name":"Big Fish","player_choice":"Box","floor":4.0,"gold_loss":0.0,"damage_taken":0.0,"relics_obtained":["Peace Pipe"],"cards_obtained":["Regret"]},{"damage_healed":0.0,"max_hp_gain":0.0,"max_hp_loss":0.0,"gold_gain":0.0,"event_name":"Lab","player_choice":"Got Potions","floor":12.0,"gold_loss":0.0,"damage_taken":0.0},{"damage_healed":0.0,"max_hp_gain":0.0,"max_hp_loss":0.0,"gold_gain":0.0,"event_name":"The Library","player_choice":"Read","floor":20.0,"gold_loss":0.0,"damage_taken":0.0,"cards_obtained":["Defragment"]},{"damage_healed":0.0,"max_hp_gain":0.0,"max_hp_loss":0.0,"gold_gain":0.0,"event_name":"Ghosts","player_choice":"Ignored","floor":21.0,"gold_loss":0.0,"damage_taken":0.0},{"damage_healed":0.0,"max_hp_gain":5.0,"max_hp_loss":0.0,"gold_gain":0.0,"event_name":"Forgotten Altar","player_choice":"Shed Blood","floor":22.0,"gold_loss":0.0,"damage_taken":25.0},{"damage_healed":0,"gold_gain":0,"player_choice":"Fight","damage_taken":0,"max_hp_gain":0,"max_hp_loss":0,"event_name":"MindBloom","floor":37,"gold_loss":0},{"cards_removed":["Coolheaded"],"damage_healed":0,"gold_gain":0,"player_choice":"Removed Skill","damage_taken":0,"max_hp_gain":0,"max_hp_loss":0,"event_name":"Falling","floor":38,"gold_loss":0},{"damage_healed":0,"gold_gain":0,"player_choice":"Ignored","damage_taken":0,"max_hp_gain":0,"max_hp_loss":0,"event_name":"Tomb of Lord Red Mask","floor":39,"gold_loss":0}],"is_beta":false,"boss_relics":[{"not_picked":["Calling Bell","Philosopher\u0027s Stone"],"picked":"Inserter"},{"not_picked":["Nuclear Battery","Runic Pyramid"],"picked":"Busted Crown"}],"items_purged_floors":[11,31],"is_endless":false,"potions_floor_spawned":[2,5,16,18,28,29,36,41,48],"ascension_level":16}