{"gold_per_floor":[118,16,35,46,57,57,91,91,162,190,209,220,170,186,186,281,281,271,285,285,23,42,42,42,57,83,83,83],"floor_reached":28,"playtime":1057,"items_purged":["Strike_B"],"score":339,"play_id":"dad4a08c-54f1-4544-aaef-bef0df397b89","local_time":"20190208105830","is_ascension_mode":true,"campfire_choices":[{"data":"Zap","floor":6,"key":"SMITH"},{"floor":8,"key":"REST"},{"floor":15,"key":"REST"},{"floor":24,"key":"REST"},{"floor":27,"key":"REST"}],"neow_cost":"NONE","seed_source_timestamp":3895362928153,"circlet_count":0,"master_deck":["Strike_B","Defend_B","Defend_B","Defend_B","Defend_B","Zap+1","Dualcast","Ball Lightning","Leap","Darkness","Leap","Melter","Lockon","Steam","Cold Snap","Capacitor","Buffer","Seek","Self Repair","Turbo","Thunder Strike","Darkness","Ball Lightning"],"relics":["FrozenCore","Girya","The Courier","Boot","Pantograph","Lantern"],"potions_floor_usage":[7,18,23,25],"damage_taken":[{"damage":7,"enemies":"Jaw Worm","floor":1,"turns":3},{"damage":5,"enemies":"Small Slimes","floor":3,"turns":3},{"damage":1,"enemies":"Cultist","floor":4,"turns":3},{"damage":0,"enemies":"2 Fungi Beasts","floor":5,"turns":4},{"damage":14,"enemies":"Lagavulin","floor":7,"turns":5},{"damage":32,"enemies":"Gremlin Nob","floor":10,"turns":4},{"damage":8,"enemies":"3 Louse","floor":11,"turns":4},{"damage":4,"enemies":"Exordium Wildlife","floor":12,"turns":3},{"damage":13,"enemies":"Large Slime","floor":14,"turns":5},{"damage":6,"enemies":"The Guardian","floor":16,"turns":13},{"damage":13,"enemies":"2 Thieves","floor":18,"turns":4},{"damage":0,"enemies":"Spheric Guardian","floor":19,"turns":2},{"damage":44,"enemies":"Centurion and Healer","floor":22,"turns":9},{"damage":0,"enemies":"Snecko","floor":23,"turns":1},{"damage":30,"enemies":"Chosen and Byrds","floor":25,"turns":8},{"damage":53,"enemies":"Centurion and Healer","floor":28,"turns":8}],"seed_played":"8126718062404154304","potions_obtained":[{"floor":4,"key":"SkillPotion"},{"floor":5,"key":"SteroidPotion"},{"floor":11,"key":"SmokeBomb"},{"floor":12,"key":"Poison Potion"},{"floor":16,"key":"PowerPotion"},{"floor":18,"key":"FearPotion"}],"is_trial":false,"path_per_floor":["M","$","M","M","M","R","E","R","T","E","M","M","?","M","R","B",null,"M","M","?","$","M","M","R","M","T","R","M"],"character_chosen":"DEFECT","items_purchased":["Leap","Pantograph","Thunder Strike"],"campfire_rested":4,"item_purchase_floors":[2,21,21],"current_hp_per_floor":[68,68,63,62,62,62,48,72,72,40,32,28,28,15,39,33,70,57,57,57,57,20,20,44,21,21,45,0],"gold":83,"neow_bonus":"TEN_PERCENT_HP_BONUS","is_prod":false,"is_daily":false,"chose_seed":false,"campfire_upgraded":1,"win_rate":0,"timestamp":1549591110,"path_taken":["M","$","M","M","M","R","E","R","T","E","M","M","?","M","R","BOSS","M","M","?","$","M","M","R","M","T","R","M"],"build_version":"2019-01-23","purchased_purges":1,"victory":false,"max_hp_per_floor":[82,82,82,82,82,82,82,82,82,82,82,82,82,82,82,82,82,82,82,82,82,82,82,82,82,82,82,82],"card_choices":[{"not_picked":["Leap","Reinforced Body"],"picked":"Ball Lightning","floor":1},{"not_picked":["Loop","Barrage"],"picked":"Darkness","floor":3},{"not_picked":["Force Field","Storm"],"picked":"Leap","floor":4},{"not_picked":["Go for the Eyes","Consume"],"picked":"Melter","floor":5},{"not_picked":["Doom and Gloom","FTL"],"picked":"Lockon","floor":7},{"not_picked":["Lockon","Beam Cell"],"picked":"Steam","floor":10},{"not_picked":["FTL","Reprogram"],"picked":"Cold Snap","floor":11},{"not_picked":["Genetic Algorithm","Steam"],"picked":"Capacitor","floor":12},{"not_picked":["BootSequence","Sweeping Beam"],"picked":"Buffer","floor":14},{"not_picked":["Reboot","Buffer"],"picked":"Seek","floor":16},{"not_picked":["Conserve Battery","Storm"],"picked":"Self Repair","floor":18},{"not_picked":["Storm","Coolheaded"],"picked":"Turbo","floor":19},{"not_picked":["Rebound","Blizzard+1"],"picked":"Darkness","floor":22},{"not_picked":["Streamline","Stack"],"picked":"Ball Lightning","floor":25}],"player_experience":289423,"relics_obtained":[{"floor":7,"key":"Girya"},{"floor":9,"key":"The Courier"},{"floor":10,"key":"Boot"},{"floor":26,"key":"Lantern"}],"event_choices":[{"cards_removed":["Strike_B"],"damage_healed":0,"gold_gain":0,"player_choice":"Card Removal","damage_taken":0,"max_hp_gain":0,"max_hp_loss":0,"event_name":"The Cleric","floor":13,"gold_loss":50},{"cards_removed":["Strike_B"],"damage_healed":0,"gold_gain":0,"player_choice":"Elegance","damage_taken":0,"max_hp_gain":0,"max_hp_loss":0,"event_name":"Back to Basics","floor":20,"gold_loss":0}],"is_beta":false,"boss_relics":[{"not_picked":["Coffee Dripper","Runic Pyramid"],"picked":"FrozenCore"}],"items_purged_floors":[2],"is_endless":false,"potions_floor_spawned":[4,5,11,12,16,18,19,23],"killed_by":"Centurion and Healer","ascension_level":9}