{"gold_per_floor":[112,37,212,225,225,225,260,160,160,160,160,179,54,64,64,64],"floor_reached":16,"playtime":382,"items_purged":["Strike_R","Doubt","Strike_R"],"score":148,"play_id":"08f7320c-2ed0-4ba9-8955-132cf8717141","local_time":"20181024103502","is_ascension_mode":true,"campfire_choices":[{"data":"Bash","floor":6,"key":"SMITH"},{"data":"Heavy Blade","floor":11,"key":"SMITH"},{"data":"Shrug It Off","floor":15,"key":"SMITH"}],"neow_cost":"NONE","seed_source_timestamp":751916567966652,"circlet_count":0,"master_deck":["Strike_R","Strike_R","Strike_R","Defend_R","Defend_R","Defend_R","Defend_R","Bash+1","Heavy Blade+1","Shrug It Off+1"],"relics":["Burning Blood","NeowsBlessing","Darkstone Periapt","Thread and Needle","Lantern"],"potions_floor_usage":[14,16],"damage_taken":[{"damage":0,"enemies":"2 Louse","floor":1,"turns":1},{"damage":0,"enemies":"Jaw Worm","floor":4,"turns":1},{"damage":0,"enemies":"Lagavulin","floor":7,"turns":1},{"damage":2,"enemies":"Cultist","floor":12,"turns":3},{"damage":8,"enemies":"Exordium Wildlife","floor":14,"turns":4},{"damage":77,"enemies":"Slime Boss","floor":16,"turns":11}],"seed_played":"5616153562658509651","potions_obtained":[{"floor":4,"key":"Regen Potion"},{"floor":7,"key":"SmokeBomb"},{"floor":14,"key":"Fruit Juice"}],"is_trial":false,"path_per_floor":["M","$","?","M","?","R","E","$","T","?","R","M","$","M","R"],"character_chosen":"IRONCLAD","items_purchased":[],"campfire_rested":0,"item_purchase_floors":[],"current_hp_per_floor":[80,80,80,80,86,86,86,86,86,86,86,86,86,89,89,17],"gold":64,"neow_bonus":"THREE_ENEMY_KILL","is_prod":false,"is_daily":false,"chose_seed":false,"campfire_upgraded":3,"win_rate":0,"timestamp":1540391702,"path_taken":["M","$","?","?","?","R","E","?","T","?","R","?","$","M","R","BOSS"],"build_version":"2018-10-18","purchased_purges":3,"victory":false,"max_hp_per_floor":[80,80,80,80,86,86,86,86,86,86,86,86,86,91,91,91],"card_choices":[{"not_picked":["Clash","Thunderclap"],"picked":"Heavy Blade","floor":1},{"not_picked":["Clash","Perfected Strike","Thunderclap"],"picked":"SKIP","floor":4},{"not_picked":["Clothesline","Combust","True Grit"],"picked":"SKIP","floor":7},{"not_picked":["Infernal Blade","Dark Embrace","Combust"],"picked":"SKIP","floor":12},{"not_picked":["Metallicize","Shockwave"],"picked":"Shrug It Off","floor":14}],"player_experience":224857,"relics_obtained":[{"floor":7,"key":"Thread and Needle"},{"floor":9,"key":"Lantern"}],"event_choices":[{"damage_healed":0,"gold_gain":175,"player_choice":"AGREE","damage_taken":0,"max_hp_gain":0,"max_hp_loss":0,"event_name":"Liars Game","floor":3,"gold_loss":0,"cards_obtained":["Doubt"]},{"damage_healed":0,"gold_gain":0,"player_choice":"Box","damage_taken":0,"relics_obtained":["Darkstone Periapt"],"max_hp_gain":0,"max_hp_loss":0,"event_name":"Big Fish","floor":5,"gold_loss":0,"cards_obtained":["Regret"]},{"cards_removed":["Regret"],"damage_healed":0,"gold_gain":0,"player_choice":"Forget","damage_taken":0,"max_hp_gain":0,"max_hp_loss":0,"event_name":"Living Wall","floor":10,"gold_loss":0}],"is_beta":false,"boss_relics":[],"items_purged_floors":[2,8,13],"is_endless":false,"potions_floor_spawned":[4,7,14],"killed_by":"Slime Boss","ascension_level":4}