{"gold_per_floor":[116,130,142,142,142,142,176,176,200,225,8,8,24,7,7,108,108,122,122,140,150,165,165,175,175,175,175],"floor_reached":27,"playtime":2173,"items_purged":[],"score":423,"play_id":"c85723ea-2307-4b6c-90b5-983a74408a1b","local_time":"20190127112018","is_ascension_mode":true,"campfire_choices":[{"data":"Go for the Eyes","floor":6,"key":"SMITH"},{"data":"Strike_B","floor":15,"key":"PURGE"},{"floor":23,"key":"REST"},{"floor":25,"key":"REST"}],"neow_cost":"NONE","seed_source_timestamp":815329622599936,"circlet_count":0,"master_deck":["AscendersBane","Strike_B","Defend_B","Defend_B","Defend_B","Defend_B","Zap","Dualcast","Coolheaded","Loop","Go for the Eyes+1","Meteor Strike","Recycle","Double Energy","Steam","Ball Lightning","Storm","Echo Form","Redo+1","Capacitor","Multi-Cast","BootSequence","Double Energy+1"],"relics":["Runic Pyramid","Girya","Peace Pipe","Blood Vial","Bag of Preparation","Membership Card","Inserter","Bottled Tornado"],"potions_floor_usage":[10,16,18,18,27,27],"damage_taken":[{"damage":0,"enemies":"2 Louse","floor":1,"turns":2},{"damage":0,"enemies":"Small Slimes","floor":2,"turns":4},{"damage":2,"enemies":"Jaw Worm","floor":3,"turns":5},{"damage":27,"enemies":"Lagavulin","floor":7,"turns":11},{"damage":1,"enemies":"Gremlin Nob","floor":10,"turns":3},{"damage":1,"enemies":"Blue Slaver","floor":13,"turns":5},{"damage":0,"enemies":"Hexaghost","floor":16,"turns":10},{"damage":22,"enemies":"2 Thieves","floor":18,"turns":5},{"damage":6,"enemies":"Chosen","floor":20,"turns":4},{"damage":31,"enemies":"Snake Plant","floor":21,"turns":5},{"damage":18,"enemies":"Centurion and Healer","floor":22,"turns":11},{"damage":35,"enemies":"3 Cultists","floor":24,"turns":5},{"damage":54,"enemies":"Slavers","floor":27,"turns":4}],"seed_played":"1599791764969227100","potions_obtained":[{"floor":1,"key":"SneckoOil"},{"floor":2,"key":"Swift Potion"},{"floor":10,"key":"FocusPotion"},{"floor":16,"key":"Swift Potion"},{"floor":21,"key":"Strength Potion"},{"floor":22,"key":"Weak Potion"}],"is_trial":false,"path_per_floor":["M","M","M","?","?","R","E","T","T","E","$","?","M","$","R","B",null,"M","?","M","M","M","R","M","R","T","E"],"character_chosen":"DEFECT","items_purchased":["Membership Card","Steam","Storm"],"campfire_rested":2,"item_purchase_floors":[11,11,14],"current_hp_per_floor":[68,68,66,71,71,71,44,44,44,45,45,38,39,39,39,41,70,50,76,72,43,27,51,18,42,42,0],"gold":175,"neow_bonus":"BOSS_RELIC","is_prod":false,"is_daily":false,"chose_seed":false,"campfire_upgraded":1,"win_rate":0,"timestamp":1548606018,"path_taken":["M","M","M","?","?","R","E","?","T","E","$","?","M","?","R","BOSS","M","?","M","M","M","R","M","R","T","E"],"build_version":"2019-01-23","purchased_purges":0,"victory":false,"max_hp_per_floor":[75,75,75,80,80,80,80,80,80,80,80,80,80,80,80,80,80,80,80,80,80,80,80,80,80,80,80],"card_choices":[{"not_picked":["Force Field","Conserve Battery"],"picked":"Coolheaded","floor":1},{"not_picked":["Heatsinks","Barrage"],"picked":"Loop","floor":2},{"not_picked":["Gash","Leap"],"picked":"Go for the Eyes","floor":3},{"not_picked":["Consume","Double Energy"],"picked":"Recycle","floor":7},{"not_picked":["Conserve Battery","White Noise"],"picked":"Double Energy","floor":10},{"not_picked":["Doom and Gloom","Force Field"],"picked":"Ball Lightning","floor":13},{"not_picked":["Machine Learning","Seek"],"picked":"Echo Form","floor":16},{"not_picked":["Coolheaded","Hologram"],"picked":"Redo+1","floor":18},{"not_picked":["Sweeping Beam","Turbo"],"picked":"Capacitor","floor":20},{"not_picked":["Reinforced Body+1","Steam"],"picked":"Multi-Cast","floor":21},{"not_picked":["Scrape","Conserve Battery+1"],"picked":"BootSequence","floor":22},{"not_picked":["Go for the Eyes+1","Rip and Tear"],"picked":"Double Energy+1","floor":24}],"player_experience":500067,"relics_obtained":[{"floor":7,"key":"Girya"},{"floor":8,"key":"Peace Pipe"},{"floor":9,"key":"Blood Vial"},{"floor":10,"key":"Bag of Preparation"},{"floor":26,"key":"Bottled Tornado"}],"event_choices":[{"damage_healed":0,"gold_gain":0,"player_choice":"Donut","damage_taken":0,"max_hp_gain":5,"max_hp_loss":0,"event_name":"Big Fish","floor":4,"gold_loss":0},{"damage_healed":0,"gold_gain":0,"cards_transformed":["Strike_B"],"player_choice":"Change","damage_taken":0,"max_hp_gain":0,"max_hp_loss":0,"event_name":"Living Wall","floor":5,"gold_loss":0,"cards_obtained":["Meteor Strike"]},{"cards_removed":["Strike_B"],"damage_healed":0,"gold_gain":0,"player_choice":"Card Removal","damage_taken":7,"max_hp_gain":0,"max_hp_loss":0,"event_name":"Golden Wing","floor":12,"gold_loss":0},{"damage_healed":26,"gold_gain":0,"player_choice":"Heal","damage_taken":0,"max_hp_gain":0,"max_hp_loss":0,"event_name":"The Library","floor":19,"gold_loss":0}],"is_beta":false,"boss_relics":[{"not_picked":["Fusion Hammer","Pandora\u0027s Box"],"picked":"Inserter"}],"items_purged_floors":[],"is_endless":false,"potions_floor_spawned":[1,2,10,13,16,21,22,24],"killed_by":"Slavers","ascension_level":11}