{"gold_per_floor":[15,35,6,6,6,39,39,39,39,65,96,120,282,304,316,328],"floor_reached":16,"playtime":694,"items_purged":[],"score":296,"play_id":"6712c440-578f-45d4-98c5-d75aa81cbc5c","local_time":"20190303012329","is_ascension_mode":true,"campfire_choices":[{"floor":7.0,"key":"REST"},{"floor":15,"key":"REST"}],"neow_cost":"NO_GOLD","seed_source_timestamp":210195923065693,"circlet_count":0,"master_deck":["AscendersBane","Strike_B","Strike_B","Strike_B","Defend_B","Defend_B","Defend_B","Zap","Dualcast","Consume","Streamline+1","Rebound","Machine Learning+1","Stack+1","Steam+1","Hologram+1","Doubt","Defragment"],"special_seed":0,"relics":["Cracked Core","Toxic Egg 2","MawBank"],"potions_floor_usage":[11],"damage_taken":[{"damage":1.0,"enemies":"Cultist","floor":1.0,"turns":3.0},{"damage":18.0,"enemies":"Small Slimes","floor":2.0,"turns":3.0},{"damage":31.0,"enemies":"Gremlin Nob","floor":6.0,"turns":4.0},{"damage":7.0,"enemies":"Jaw Worm","floor":10.0,"turns":3.0},{"damage":19,"enemies":"3 Louse","floor":11,"turns":3},{"damage":8,"enemies":"Lots of Slimes","floor":12,"turns":6},{"damage":11,"enemies":"Exordium Wildlife","floor":14,"turns":4},{"damage":33,"enemies":"Hexaghost","floor":16,"turns":9}],"seed_played":"7491402728679712865","potions_obtained":[{"floor":6.0,"key":"FairyPotion"},{"floor":10.0,"key":"PowerPotion"}],"is_trial":false,"path_per_floor":["M","M","$","?","$","E","R","?","T","M","M","M","?","M","R","B"],"character_chosen":"DEFECT","items_purchased":["Rebound"],"campfire_rested":2,"item_purchase_floors":[3],"current_hp_per_floor":[63,45,45,45,45,14,35,35,35,28,9,1,1,7,28,0],"gold":328,"neow_bonus":"REMOVE_TWO","is_prod":false,"is_daily":false,"chose_seed":false,"campfire_upgraded":0,"win_rate":0,"timestamp":1551572609,"path_taken":["M","M","?","?","?","E","R","?","T","M","M","?","?","M","R","BOSS"],"build_version":"2019-01-23","purchased_purges":0,"victory":false,"max_hp_per_floor":[71,71,71,71,71,71,71,71,71,71,71,71,71,71,71,71],"card_choices":[{"not_picked":["Cold Snap","Leap"],"picked":"Consume","floor":1.0},{"not_picked":["Turbo","Redo"],"picked":"Streamline","floor":2.0},{"not_picked":["Rebound","Beam Cell"],"picked":"Machine Learning","floor":6.0},{"not_picked":["Darkness+1","Turbo+1"],"picked":"Stack+1","floor":10.0},{"not_picked":["Beam Cell","Barrage"],"picked":"Steam+1","floor":11},{"not_picked":["Go for the Eyes","Loop"],"picked":"Hologram+1","floor":12},{"not_picked":["Rebound","Turbo+1"],"picked":"Defragment","floor":14}],"player_experience":799222,"relics_obtained":[{"floor":6.0,"key":"Toxic Egg 2"},{"floor":9.0,"key":"MawBank"}],"event_choices":[{"damage_healed":0.0,"max_hp_gain":0.0,"max_hp_loss":0.0,"gold_gain":0.0,"event_name":"Living Wall","player_choice":"Grow","floor":4.0,"gold_loss":0.0,"damage_taken":0.0,"cards_upgraded":["Streamline"]},{"damage_healed":0.0,"max_hp_gain":0.0,"max_hp_loss":0.0,"gold_gain":0.0,"event_name":"Upgrade Shrine","player_choice":"Upgraded","floor":8.0,"gold_loss":0.0,"damage_taken":0.0,"cards_upgraded":["Machine Learning"]},{"damage_healed":0,"gold_gain":150,"player_choice":"AGREE","damage_taken":0,"max_hp_gain":0,"max_hp_loss":0,"event_name":"Liars Game","floor":13,"gold_loss":0,"cards_obtained":["Doubt"]}],"is_beta":false,"boss_relics":[],"items_purged_floors":[],"is_endless":false,"potions_floor_spawned":[6,10],"killed_by":"Hexaghost","ascension_level":19}