{"gold_per_floor":[115,126,140,152,163,188,188,201,255,255,272,291,68,79,79,184,184,201,217,235,215,235,269,269,287,341,353,377,403,225,245,245,347,347,363,381,281,281,76,76,101,101,101,118,0,0,0,19,19,19],"floor_reached":50,"playtime":3790,"items_purged":["Defend_G","Strike_G"],"score":502,"play_id":"7dc3d972-eda4-42b1-bd6a-e44a17dfc606","local_time":"20190103185125","is_ascension_mode":false,"campfire_choices":[{"data":"Cloak And Dagger","floor":7,"key":"SMITH"},{"data":"A Thousand Cuts","floor":15,"key":"SMITH"},{"data":"Adrenaline","floor":24,"key":"SMITH"},{"floor":27,"key":"REST"},{"data":"After Image","floor":32,"key":"SMITH"},{"floor":40,"key":"REST"},{"data":"Cloak And Dagger","floor":46,"key":"SMITH"},{"data":"Adrenaline","floor":49,"key":"SMITH"}],"neow_cost":"NONE","seed_source_timestamp":29295245695525,"circlet_count":0,"master_deck":["Defend_G","Defend_G","Survivor","Neutralize","Cloak And Dagger+1","Blade Dance","Cloak And Dagger+1","Blade Dance","A Thousand Cuts+1","After Image+1","Adrenaline+1","Noxious Fumes+1","Storm of Steel+1","Infinite Blades+1","Terror+1","Deflect","PiercingWail","Accuracy+1","Footwork","PiercingWail","Dodge and Roll","Choke","Infinite Blades","PiercingWail","Footwork","Blur+1","PanicButton","Writhe","Adrenaline+1"],"relics":["Ring of the Snake","StoneCalendar","Tiny Chest","Astrolabe","Blood Vial","MawBank","Empty Cage","Bag of Marbles","Mummified Hand","Red Mask"],"potions_floor_usage":[14,16,16,20,22,23,23,41,41,41,50],"damage_taken":[{"damage":0,"enemies":"2 Louse","floor":1,"turns":2},{"damage":6,"enemies":"Cultist","floor":2,"turns":5},{"damage":5,"enemies":"Jaw Worm","floor":3,"turns":4},{"damage":0,"enemies":"Blue Slaver","floor":4,"turns":4},{"damage":0,"enemies":"2 Fungi Beasts","floor":5,"turns":4},{"damage":26,"enemies":"3 Sentries","floor":6,"turns":11},{"damage":0,"enemies":"Lots of Slimes","floor":8,"turns":1},{"damage":2,"enemies":"Exordium Wildlife","floor":11,"turns":7},{"damage":1,"enemies":"Looter","floor":12,"turns":3},{"damage":3,"enemies":"Large Slime","floor":14,"turns":7},{"damage":23,"enemies":"The Guardian","floor":16,"turns":12},{"damage":0,"enemies":"3 Byrds","floor":18,"turns":3},{"damage":28,"enemies":"2 Thieves","floor":19,"turns":5},{"damage":5,"enemies":"3 Cultists","floor":20,"turns":4},{"damage":2,"enemies":"Snecko","floor":22,"turns":4},{"damage":12,"enemies":"Slavers","floor":23,"turns":5},{"damage":11,"enemies":"Chosen and Byrds","floor":25,"turns":7},{"damage":2,"enemies":"Cultist and Chosen","floor":28,"turns":5},{"damage":0,"enemies":"Snecko","floor":29,"turns":3},{"damage":2,"enemies":"Centurion and Healer","floor":31,"turns":4},{"damage":42,"enemies":"Collector","floor":33,"turns":7},{"damage":8,"enemies":"3 Darklings","floor":35,"turns":5},{"damage":43,"enemies":"3 Shapes","floor":36,"turns":5},{"damage":10,"enemies":"Giant Head","floor":41,"turns":10},{"damage":10,"enemies":"Jaw Worm Horde","floor":44,"turns":4},{"damage":10,"enemies":"Maw","floor":48,"turns":7},{"damage":84,"enemies":"Time Eater","floor":50,"turns":11}],"seed_played":"6272421134915191928","potions_obtained":[{"floor":1,"key":"Poison Potion"},{"floor":5,"key":"Strength Potion"},{"floor":8,"key":"SpeedPotion"},{"floor":18,"key":"PowerPotion"},{"floor":19,"key":"Fruit Juice"},{"floor":21,"key":"Energy Potion"},{"floor":22,"key":"AttackPotion"},{"floor":31,"key":"GamblersBrew"},{"floor":33,"key":"Weak Potion"},{"floor":35,"key":"PowerPotion"},{"floor":36,"key":"GhostInAJar"},{"floor":44,"key":"Regen Potion"}],"is_trial":false,"path_per_floor":["M","M","M","M","M","E","R","M","T","?","M","M","$","M","R","B",null,"M","M","M","?","M","E","R","M","T","R","M","M","$","M","R","B",null,"M","M","$","?","$","R","E","?","T","M","?","R","?","M","R","B"],"character_chosen":"THE_SILENT","items_purchased":["A Thousand Cuts","Regen Potion","Choke","Infinite Blades","PiercingWail","Footwork","Regen Potion"],"campfire_rested":2,"item_purchase_floors":[13,13,30,30,39,39,39],"current_hp_per_floor":[70,64,59,59,59,33,33,33,33,26,24,23,23,34,34,11,70,70,42,42,42,40,28,28,19,19,41,41,43,43,43,43,3,75,67,26,26,26,26,48,55,55,55,47,47,47,66,58,58,0],"gold":19,"neow_bonus":"REMOVE_CARD","is_prod":false,"is_daily":false,"chose_seed":false,"campfire_upgraded":6,"win_rate":0.0,"timestamp":1546509085,"path_taken":["M","M","M","M","M","E","R","M","T","?","M","M","$","M","R","BOSS","M","M","M","?","M","E","R","?","T","R","M","M","$","M","R","BOSS","M","M","$","?","$","R","E","?","T","M","?","R","?","M","R","BOSS"],"build_version":"2018-12-20","purchased_purges":2,"victory":false,"max_hp_per_floor":[70,70,70,70,70,70,70,70,70,70,70,70,70,70,70,70,70,70,70,75,75,75,75,75,75,75,75,75,75,75,75,75,75,75,75,75,75,75,75,75,75,75,75,75,75,75,75,75,75,75],"card_choices":[{"not_picked":["Caltrops","Flying Knee"],"picked":"Cloak And Dagger","floor":1},{"not_picked":["Outmaneuver","Bane"],"picked":"Cloak And Dagger","floor":2},{"not_picked":["Outmaneuver","Prepared"],"picked":"Dagger Spray","floor":3},{"not_picked":["Slice","Dash"],"picked":"Blade Dance","floor":4},{"not_picked":["Expertise","Riddle With Holes"],"picked":"Cloak And Dagger","floor":5},{"not_picked":["Deadly Poison","Skewer","Flying Knee"],"picked":"SKIP","floor":6},{"not_picked":["Prepared","Bane","Flying Knee"],"picked":"SKIP","floor":8},{"not_picked":["Deadly Poison","Cloak And Dagger","Prepared"],"picked":"SKIP","floor":11},{"not_picked":["Flying Knee","Underhanded Strike"],"picked":"Blade Dance","floor":12},{"not_picked":["Cloak And Dagger","Heel Hook"],"picked":"After Image","floor":14},{"not_picked":["Night Terror","Malaise"],"picked":"Adrenaline","floor":16},{"not_picked":["Quick Slash+1","Acrobatics"],"picked":"Terror+1","floor":18},{"not_picked":["Prepared+1","Bane+1"],"picked":"Deflect","floor":19},{"not_picked":["Sucker Punch","Distraction"],"picked":"PiercingWail","floor":20},{"not_picked":["Flying Knee+1","Blade Dance"],"picked":"Accuracy+1","floor":22},{"not_picked":["Backflip+1","Glass Knife"],"picked":"Footwork","floor":23},{"not_picked":["Distraction","Acrobatics+1"],"picked":"PiercingWail","floor":25},{"not_picked":["Outmaneuver","PiercingWail"],"picked":"Dodge and Roll","floor":28},{"not_picked":["Quick Slash","Poisoned Stab","Escape Plan"],"picked":"SKIP","floor":29},{"not_picked":["Glass Knife","Poisoned Stab+1","Skewer"],"picked":"SKIP","floor":31},{"not_picked":["Outmaneuver+1","Noxious Fumes","Dagger Spray+1"],"picked":"SKIP","floor":35},{"not_picked":["Dagger Spray+1","Infinite Blades+1","Terror"],"picked":"SKIP","floor":36},{"not_picked":["Dodge and Roll+1","Deadly Poison"],"picked":"Blur+1","floor":41},{"not_picked":["Flash of Steel","Discovery"],"picked":"PanicButton","floor":42},{"not_picked":["Sucker Punch+1","Cloak And Dagger","Quick Slash+1"],"picked":"SKIP","floor":44},{"not_picked":["Escape Plan","Skewer"],"picked":"Adrenaline","floor":48}],"player_experience":67909,"relics_obtained":[{"floor":6,"key":"StoneCalendar"},{"floor":9,"key":"Tiny Chest"},{"floor":23,"key":"Blood Vial"},{"floor":26,"key":"MawBank"},{"floor":41,"key":"Bag of Marbles"},{"floor":43,"key":"Mummified Hand"}],"event_choices":[{"cards_removed":["Defend_G"],"damage_healed":0,"gold_gain":0,"player_choice":"Card Removal","damage_taken":7,"max_hp_gain":0,"max_hp_loss":0,"event_name":"Golden Wing","floor":10,"gold_loss":0},{"damage_healed":0,"gold_gain":0,"player_choice":"Bought 1 Potion","damage_taken":0,"max_hp_gain":0,"max_hp_loss":0,"event_name":"The Woman in Blue","floor":21,"gold_loss":0},{"cards_removed":["Dagger Spray"],"damage_healed":0,"gold_gain":0,"player_choice":"Removed Attack","damage_taken":0,"max_hp_gain":0,"max_hp_loss":0,"event_name":"Falling","floor":38,"gold_loss":0},{"damage_healed":0,"gold_gain":0,"player_choice":"Memory 1","damage_taken":0,"max_hp_gain":0,"max_hp_loss":0,"event_name":"SensoryStone","floor":42,"gold_loss":0},{"damage_healed":0,"gold_gain":0,"player_choice":"Paid","damage_taken":0,"relics_obtained":["Red Mask"],"max_hp_gain":0,"max_hp_loss":0,"event_name":"Tomb of Lord Red Mask","floor":45,"gold_loss":118},{"damage_healed":19,"gold_gain":0,"player_choice":"Writhe","damage_taken":0,"max_hp_gain":0,"max_hp_loss":0,"event_name":"Winding Halls","floor":47,"gold_loss":0,"cards_obtained":["Writhe"]}],"is_beta":false,"boss_relics":[{"not_picked":["HoveringKite","Black Star"],"picked":"Astrolabe"},{"not_picked":["Fusion Hammer","Snecko Eye"],"picked":"Empty Cage"}],"items_purged_floors":[30,37],"is_endless":false,"potions_floor_spawned":[1,5,8,12,18,19,22,31,33,35,36,44],"killed_by":"Time Eater","ascension_level":0}