{"gold_per_floor":[114,114,114,130,6,6,37,37,37,37,37,212,245,170,170,273,273,286,117,134,9,21,21],"floor_reached":23,"playtime":1230,"items_purged":["Doubt","Strike_B","Strike_B"],"score":312,"play_id":"c8d99b0e-f384-4db1-8205-87f1a792c56e","local_time":"20190130154756","is_ascension_mode":true,"campfire_choices":[{"data":"Defragment","floor":6,"key":"SMITH"},{"data":"Fission","floor":8,"key":"SMITH"},{"floor":11,"key":"REST"},{"floor":15,"key":"REST"}],"neow_cost":"PERCENT_DAMAGE","seed_source_timestamp":1091571214080924,"circlet_count":0,"master_deck":["AscendersBane","Defend_B","Defend_B","Defend_B","Defend_B","Zap","Dualcast","Fission+1","Hello World","Cold Snap","Blizzard","Defragment+1","Machine Learning+1","Echo Form","Doom and Gloom+1","Self Repair","Force Field+1","Storm"],"relics":["Cracked Core","Bottled Lightning","Happy Flower","Cables","Juzu Bracelet","Boot","Runic Pyramid"],"potions_floor_usage":[7,13,22,23,23],"damage_taken":[{"damage":6,"enemies":"Cultist","floor":1,"turns":4},{"damage":3,"enemies":"2 Louse","floor":4,"turns":3},{"damage":21,"enemies":"Lagavulin","floor":7,"turns":7},{"damage":21,"enemies":"Gremlin Nob","floor":13,"turns":5},{"damage":21,"enemies":"Slime Boss","floor":16,"turns":9},{"damage":12,"enemies":"Chosen","floor":18,"turns":5},{"damage":22,"enemies":"Spheric Guardian","floor":20,"turns":5},{"damage":20,"enemies":"Cultist and Chosen","floor":22,"turns":6},{"damage":45,"enemies":"Slavers","floor":23,"turns":3}],"seed_played":"-2735301273766932571","potions_obtained":[{"floor":7,"key":"Strength Potion"},{"floor":16,"key":"LiquidBronze"},{"floor":18,"key":"SneckoOil"},{"floor":20,"key":"GamblersBrew"},{"floor":22,"key":"LiquidBronze"}],"is_trial":false,"path_per_floor":["M","T","?","M","$","R","E","R","T","?","R","?","E","$","R","B",null,"M","$","M","$","M","E"],"character_chosen":"DEFECT","items_purchased":["Defragment","Fire Potion","Self Repair"],"campfire_rested":2,"item_purchase_floors":[5,5,19],"current_hp_per_floor":[44,44,41,38,38,38,17,17,17,17,39,39,18,18,40,19,61,49,49,41,41,35,0],"gold":21,"neow_bonus":"TRANSFORM_TWO_CARDS","is_prod":false,"is_daily":false,"chose_seed":false,"campfire_upgraded":2,"win_rate":0,"timestamp":1548881276,"path_taken":["M","?","?","M","$","R","E","R","T","?","R","?","E","$","R","BOSS","M","$","M","$","M","E"],"build_version":"2019-01-23","purchased_purges":3,"victory":false,"max_hp_per_floor":[75,75,75,75,75,75,75,75,75,75,75,75,75,75,75,75,75,75,75,75,75,75,75],"card_choices":[{"not_picked":["Stack","Sweeping Beam"],"picked":"Cold Snap","floor":1},{"not_picked":["Machine Learning","Cold Snap"],"picked":"Blizzard","floor":4},{"not_picked":["Turbo","FTL"],"picked":"Machine Learning","floor":7},{"not_picked":["Leap","Turbo","Doom and Gloom"],"picked":"SKIP","floor":13},{"not_picked":["Seek","Meteor Strike"],"picked":"Echo Form","floor":16},{"not_picked":["Hologram","Steam"],"picked":"Doom and Gloom+1","floor":18},{"not_picked":["Chaos","Hello World"],"picked":"Force Field+1","floor":20},{"not_picked":["Sunder+1","Skim+1"],"picked":"Storm","floor":22}],"player_experience":579424,"relics_obtained":[{"floor":2,"key":"Bottled Lightning"},{"floor":7,"key":"Cables"},{"floor":9,"key":"Juzu Bracelet"},{"floor":13,"key":"Boot"}],"event_choices":[{"damage_healed":0,"gold_gain":0,"player_choice":"Success","damage_taken":3,"relics_obtained":["Happy Flower"],"max_hp_gain":0,"max_hp_loss":0,"event_name":"Scrap Ooze","floor":3,"gold_loss":0},{"damage_healed":0,"gold_gain":0,"player_choice":"Grow","damage_taken":0,"max_hp_gain":0,"max_hp_loss":0,"event_name":"Living Wall","floor":10,"gold_loss":0,"cards_upgraded":["Machine Learning"]},{"damage_healed":0,"gold_gain":175,"player_choice":"AGREE","damage_taken":0,"max_hp_gain":0,"max_hp_loss":0,"event_name":"Liars Game","floor":12,"gold_loss":0,"cards_obtained":["Doubt"]}],"is_beta":false,"boss_relics":[{"not_picked":["Fusion Hammer","Calling Bell"],"picked":"Runic Pyramid"}],"items_purged_floors":[14,19,21],"is_endless":false,"potions_floor_spawned":[7,16,18,20,22],"killed_by":"Slavers","ascension_level":12}