{"gold_per_floor":[113,124,29,29,6,39,53,53,53,82,82,97,124,140,140,239,239,251,251,251,251,265,265],"floor_reached":23,"playtime":1082,"items_purged":[],"score":219,"play_id":"55201378-23df-4139-94c5-c5a4ce8d0259","local_time":"20190101233136","is_ascension_mode":true,"campfire_choices":[{"floor":15,"key":"REST"}],"neow_cost":"NONE","seed_source_timestamp":44783456557640,"circlet_count":0,"master_deck":["Strike_R","Strike_R","Strike_R","Strike_R","Strike_R","Defend_R","Defend_R","Defend_R","Defend_R","Bloodletting+1","Anger","Headbutt","Iron Wave","Rage","Metallicize","Metallicize","Clash","Barricade","Uppercut+1","RitualDagger","Rampage"],"relics":["Burning Blood","Omamori","Ginger","Sundial","Bottled Flame","Bronze Scales","Boot","Champion Belt","Nloth\u0027s Gift"],"potions_floor_usage":[16,16,16],"damage_taken":[{"damage":6,"enemies":"Cultist","floor":1,"turns":4},{"damage":3,"enemies":"2 Louse","floor":2,"turns":3},{"damage":34,"enemies":"3 Sentries","floor":6,"turns":8},{"damage":0,"enemies":"Small Slimes","floor":7,"turns":3},{"damage":20,"enemies":"Gremlin Nob","floor":10,"turns":5},{"damage":2,"enemies":"2 Fungi Beasts","floor":12,"turns":4},{"damage":31,"enemies":"Lagavulin","floor":13,"turns":7},{"damage":5,"enemies":"Blue Slaver","floor":14,"turns":3},{"damage":28,"enemies":"Slime Boss","floor":16,"turns":11},{"damage":33,"enemies":"Spheric Guardian","floor":18,"turns":7},{"damage":23,"enemies":"2 Thieves","floor":22,"turns":4},{"damage":35,"enemies":"Book of Stabbing","floor":23,"turns":5}],"seed_played":"-8304076984318529867","potions_obtained":[{"floor":2,"key":"SteroidPotion"},{"floor":10,"key":"Poison Potion"},{"floor":12,"key":"SkillPotion"},{"floor":14,"key":"Explosive Potion"}],"is_trial":false,"path_per_floor":["M","M","$","?","$","E","M","?","T","E","?","M","E","M","R","B",null,"M","?","?","?","M","E"],"character_chosen":"IRONCLAD","items_purchased":["Headbutt","Iron Wave","Wild Strike"],"campfire_rested":1,"item_purchase_floors":[3,3,5],"current_hp_per_floor":[80,80,80,80,80,52,58,51,51,37,34,38,13,14,38,16,80,53,53,47,47,30,0],"gold":265,"neow_bonus":"RANDOM_COMMON_RELIC","is_prod":false,"is_daily":false,"chose_seed":false,"campfire_upgraded":0,"win_rate":0,"timestamp":1546353096,"path_taken":["M","?","$","?","?","E","?","?","T","E","?","M","E","M","R","BOSS","M","?","?","?","?","E"],"build_version":"2018-12-20","purchased_purges":0,"victory":false,"max_hp_per_floor":[80,80,80,80,80,80,80,80,80,80,80,80,80,80,80,80,80,80,80,80,80,80,80],"card_choices":[{"not_picked":["Thunderclap","Perfected Strike"],"picked":"Bloodletting","floor":1},{"not_picked":["Sword Boomerang","Pommel Strike"],"picked":"Anger","floor":2},{"not_picked":["Carnage","Shrug It Off"],"picked":"Rage","floor":6},{"not_picked":["Thunderclap","Perfected Strike","Sword Boomerang"],"picked":"SKIP","floor":7},{"not_picked":["Clothesline","Cleave"],"picked":"Metallicize","floor":10},{"not_picked":["Whirlwind","Reaper"],"picked":"Wild Strike","floor":12},{"not_picked":["True Grit","Perfected Strike"],"picked":"Metallicize","floor":13},{"not_picked":["Spot Weakness","Disarm"],"picked":"Clash","floor":14},{"not_picked":["Bludgeon","Impervious"],"picked":"Barricade","floor":16},{"not_picked":["Flex","Sword Boomerang"],"picked":"Uppercut+1","floor":18},{"not_picked":["Body Slam","Searing Blow"],"picked":"Rampage","floor":22}],"player_experience":21340,"relics_obtained":[{"floor":6,"key":"Ginger"},{"floor":9,"key":"Sundial"},{"floor":10,"key":"Bottled Flame"},{"floor":13,"key":"Boot"}],"event_choices":[{"damage_healed":0,"gold_gain":0,"player_choice":"Upgraded","damage_taken":0,"max_hp_gain":0,"max_hp_loss":0,"event_name":"Upgrade Shrine","floor":4,"gold_loss":0,"cards_upgraded":["Bloodletting"]},{"cards_removed":["Bash"],"damage_healed":0,"gold_gain":0,"player_choice":"Card Removal","damage_taken":7,"max_hp_gain":0,"max_hp_loss":0,"event_name":"Golden Wing","floor":8,"gold_loss":0},{"damage_healed":0,"gold_gain":0,"player_choice":"Success","damage_taken":3,"relics_obtained":["Bronze Scales"],"max_hp_gain":0,"max_hp_loss":0,"event_name":"Scrap Ooze","floor":11,"gold_loss":0},{"damage_healed":0,"gold_gain":0,"player_choice":"Opened","damage_taken":0,"relics_obtained":["Champion Belt"],"max_hp_gain":0,"max_hp_loss":0,"event_name":"The Mausoleum","floor":19,"gold_loss":0},{"damage_healed":0,"gold_gain":0,"player_choice":"Joined the Cult","damage_taken":6,"max_hp_gain":0,"max_hp_loss":0,"event_name":"Nest","floor":20,"gold_loss":0,"cards_obtained":["RitualDagger"]},{"damage_healed":0,"gold_gain":0,"player_choice":"Traded Relic","damage_taken":0,"relics_obtained":["Nloth\u0027s Gift"],"max_hp_gain":0,"max_hp_loss":0,"event_name":"N\u0027loth","floor":21,"relics_lost":["Empty Cage"],"gold_loss":0}],"is_beta":false,"boss_relics":[{"not_picked":["Fusion Hammer","Runic Pyramid"],"picked":"Empty Cage"}],"items_purged_floors":[],"is_endless":false,"potions_floor_spawned":[2,10,12,14],"killed_by":"Book of Stabbing","ascension_level":1}