{"path_per_floor":["M","?","M","M","$","R","E","R","T","M","R","M","M","M","R","B",null,"M","?","M","?","?","E","M","$","T","T","R","M"],"character_chosen":"DEFECT","items_purchased":["Symbiotic Virus","Tempest","Mind Blast","Unceasing Top","Loop"],"gold_per_floor":[112,362,382,396,27,27,59,59,59,71,71,86,104,119,119,224,224,234,434,444,359,388,422,439,13,36,85,85,100,100],"floor_reached":30,"campfire_rested":3,"playtime":3631,"item_purchase_floors":[],"current_hp_per_floor":[59,59,54,41,41,41,14,36,36,27,27,16,16,16,38,34,65,64,64,64,64,41,2,2,2,2,2,24,10,0],"items_purged":["Regret"],"gold":100,"score":353,"play_id":"bfc012c1-b589-48c5-a15e-4b6423d9293d","local_time":"20180604135104","is_prod":false,"is_daily":false,"chose_seed":false,"is_ascension_mode":true,"campfire_upgraded":2,"win_rate":0,"timestamp":1528113064,"campfire_choices":[{"data":"Zap","floor":6.0,"key":"SMITH"},{"floor":8.0,"key":"REST"},{"data":"Loop","floor":11.0,"key":"SMITH"},{"floor":15.0,"key":"REST"},{"floor":28,"key":"REST"}],"path_taken":["M","?","M","?","$","R","E","R","T","M","R","M","M","M","R","BOSS","M","?","?","?","?","E","?","?","T","?","R","M","E"],"build_version":"2018-05-31","seed_source_timestamp":1631504595159915,"purchased_purges":1,"victory":false,"master_deck":["Strike_B","Strike_B","Strike_B","Strike_B","Defend_B","Defend_B","Defend_B","Defend_B","Zap+1","Dualcast","Skim","Melter","Stack+1","Tempest","Cold Snap","Loop+1","Gash","Hologram","Steam","Hello World","Ball Lightning","Steam","Coolheaded","Rainbow","Auto Shields+1","Reinforced Body","Gash","Ball Lightning+1","Hologram","Rainbow","Beam Cell","Heatsinks+1","Mind Blast","Loop","Turbo+1","White Noise"],"max_hp_per_floor":[75,75,75,75,75,75,75,75,75,75,75,75,75,75,75,75,75,75,75,75,75,75,75,75,75,75,75,75,75,75],"relics":["Cracked Core","Symbiotic Virus","Prayer Wheel","Cables","Nuclear Battery","Question Card","Red Mask","Dead Branch","Unceasing Top","Blood Vial","War Paint"],"card_choices":[{"not_picked":["Beam Cell","Ball Lightning"],"picked":"Skim","floor":1.0},{"not_picked":["Blizzard","Sweeping Beam"],"picked":"Melter","floor":3.0},{"not_picked":["Consume","Coolheaded"],"picked":"Stack","floor":4.0},{"not_picked":["Rebound","Reinforced Body"],"picked":"Cold Snap","floor":7.0},{"not_picked":["Barrage","White Noise"],"picked":"Loop","floor":10.0},{"not_picked":["Chill","Leap"],"picked":"Gash","floor":10.0},{"not_picked":["Loop","Rebound"],"picked":"Hologram","floor":12.0},{"not_picked":["Sweeping Beam","Darkness"],"picked":"Steam","floor":12.0},{"not_picked":["Leap","Thunder Strike"],"picked":"Hello World","floor":13.0},{"not_picked":["Barrage","Streamline"],"picked":"Ball Lightning","floor":13.0},{"not_picked":["Streamline","Barrage"],"picked":"Steam","floor":14.0},{"not_picked":["Stack","Double Energy"],"picked":"Coolheaded","floor":14.0},{"not_picked":["Core Surge","Buffer"],"picked":"Rainbow","floor":16.0},{"not_picked":["Coolheaded","Cold Snap"],"picked":"Auto Shields","floor":18.0},{"not_picked":["Consume","Barrage"],"picked":"Reinforced Body","floor":18.0},{"not_picked":["Coolheaded","Ball Lightning"],"picked":"Gash","floor":20},{"not_picked":["Go for the Eyes","Steam"],"picked":"Ball Lightning+1","floor":20},{"not_picked":["Rebound","Conserve Battery","Aggregate"],"picked":"Hologram","floor":22},{"not_picked":["Ball Lightning+1","Creative AI","Reinforced Body"],"picked":"Rainbow","floor":23},{"not_picked":["Streamline","Storm","Turbo"],"picked":"Beam Cell","floor":24},{"not_picked":["Blizzard+1","Biased Cognition","Capacitor"],"picked":"Heatsinks+1","floor":24},{"not_picked":["Ball Lightning","Static Discharge","Steam"],"picked":"Turbo+1","floor":29},{"not_picked":["Cold Snap","Loop","Compile Driver"],"picked":"White Noise","floor":29}],"player_experience":459105,"potions_floor_usage":[23,24],"damage_taken":[{"damage":9.0,"enemies":"Jaw Worm","floor":1.0,"turns":4.0},{"damage":5.0,"enemies":"Cultist","floor":3.0,"turns":4.0},{"damage":13.0,"enemies":"Small Slimes","floor":4.0,"turns":3.0},{"damage":27.0,"enemies":"Lagavulin","floor":7.0,"turns":5.0},{"damage":21.0,"enemies":"Gremlin Gang","floor":10.0,"turns":4.0},{"damage":11.0,"enemies":"3 Louse","floor":12.0,"turns":3.0},{"damage":0.0,"enemies":"Exordium Wildlife","floor":13.0,"turns":2.0},{"damage":0.0,"enemies":"Gremlin Gang","floor":14.0,"turns":3.0},{"damage":4.0,"enemies":"Hexaghost","floor":16.0,"turns":9.0},{"damage":1.0,"enemies":"3 Byrds","floor":18.0,"turns":4.0},{"damage":0,"enemies":"Spheric Guardian","floor":20,"turns":2},{"damage":23,"enemies":"Masked Bandits","floor":22,"turns":5},{"damage":39,"enemies":"Gremlin Leader","floor":23,"turns":12},{"damage":0,"enemies":"Cultist and Chosen","floor":24,"turns":5},{"damage":16,"enemies":"Snecko","floor":29,"turns":4},{"damage":15,"enemies":"Slavers","floor":30,"turns":3}],"relics_obtained":[{"floor":7.0,"key":"Prayer Wheel"},{"floor":9.0,"key":"Cables"},{"floor":22,"key":"Red Mask"},{"floor":23,"key":"Dead Branch"},{"floor":26,"key":"Blood Vial"},{"floor":27,"key":"War Paint"}],"event_choices":[{"event_name":"Golden Shrine","player_choice":"Desecrate","floor":2.0,"damage_taken":0.0},{"event_name":"Wheel of Change","player_choice":"Gold","floor":19,"damage_taken":0},{"event_name":"Addict","player_choice":"Obtained Relic","floor":21,"damage_taken":0},{"event_name":"Masked Bandits","player_choice":"Fought over 359 gold","floor":22,"damage_taken":0}],"boss_relics":[],"items_purged_floors":[],"potions_floor_spawned":[3,7,12,14,22,23],"seed_played":"6633012820886370917","killed_by":"Slavers","ascension_level":6,"potions_obtained":[{"floor":3.0,"key":"Strength Potion"},{"floor":7.0,"key":"Regen Potion"},{"floor":12.0,"key":"Swift Potion"},{"floor":14.0,"key":"SkillPotion"},{"floor":22,"key":"Poison Potion"},{"floor":23,"key":"Swift Potion"}],"is_trial":false}