{"gold_per_floor":[17,17,17,17,33,33,50,50,50,66,66,86,100,50,50,128,128,114,128,147,161,65,65],"floor_reached":23,"playtime":1358,"items_purged":["Pain","Strike_R"],"score":305,"play_id":"d9e76001-d3bf-4d94-8025-187eae1aee61","local_time":"20190221214411","is_ascension_mode":true,"campfire_choices":[{"data":"Rage","floor":6,"key":"SMITH"},{"data":"True Grit","floor":8,"key":"SMITH"},{"data":"Iron Wave","floor":15,"key":"SMITH"}],"neow_cost":"NO_GOLD","seed_source_timestamp":15880209107401,"circlet_count":0,"master_deck":["AscendersBane","Strike_R","Strike_R","Strike_R","Defend_R","Defend_R","Defend_R","Defend_R","Bash","Good Instincts","Finesse","Rage+1","True Grit+1","Iron Wave+1","Battle Trance","Impervious","Flame Barrier","Armaments"],"relics":["Burning Blood","Smiling Mask","Matryoshka","WarpedTongs","Busted Crown"],"potions_floor_usage":[16,23],"damage_taken":[{"damage":3,"enemies":"2 Louse","floor":1,"turns":4},{"damage":1,"enemies":"Cultist","floor":5,"turns":4},{"damage":6,"enemies":"Small Slimes","floor":7,"turns":5},{"damage":5,"enemies":"3 Louse","floor":10,"turns":5},{"damage":1,"enemies":"Red Slaver","floor":12,"turns":5},{"damage":6,"enemies":"Blue Slaver","floor":13,"turns":5},{"damage":92,"enemies":"Slime Boss","floor":16,"turns":23},{"damage":0,"enemies":"2 Thieves","floor":18,"turns":4},{"damage":4,"enemies":"3 Byrds","floor":19,"turns":8},{"damage":2,"enemies":"Centurion and Healer","floor":20,"turns":9},{"damage":28,"enemies":"Snake Plant","floor":21,"turns":5},{"damage":56,"enemies":"Gremlin Leader","floor":23,"turns":8}],"seed_played":"-9055021160174340688","potions_obtained":[{"floor":1,"key":"PowerPotion"},{"floor":5,"key":"Dexterity Potion"},{"floor":10,"key":"Regen Potion"},{"floor":20,"key":"FearPotion"}],"is_trial":false,"path_per_floor":["M","?","$","?","M","R","M","R","T","M","?","M","M","$","R","B",null,"M","M","M","M","$","E"],"character_chosen":"IRONCLAD","items_purchased":["Armaments"],"campfire_rested":0,"item_purchase_floors":[22],"current_hp_per_floor":[75,75,75,72,77,77,77,77,77,78,78,80,80,80,80,9,62,68,70,74,52,52,0],"gold":65,"neow_bonus":"RANDOM_COLORLESS_2","is_prod":false,"is_daily":false,"chose_seed":false,"campfire_upgraded":3,"win_rate":0,"timestamp":1550814251,"path_taken":["M","?","?","?","M","R","M","R","T","M","?","M","M","$","R","BOSS","M","M","M","M","?","E"],"build_version":"2019-01-23","purchased_purges":2,"victory":false,"max_hp_per_floor":[80,80,80,80,80,80,80,80,80,80,80,80,80,80,80,80,80,80,80,80,80,80,80],"card_choices":[{"not_picked":["Pommel Strike","Flex","Feel No Pain"],"picked":"SKIP","floor":1},{"not_picked":["Headbutt","Spot Weakness"],"picked":"Rage","floor":5},{"not_picked":["Iron Wave","Clothesline"],"picked":"True Grit","floor":7},{"not_picked":["Wild Strike","Flex"],"picked":"Iron Wave","floor":10},{"not_picked":["Spot Weakness","Clash"],"picked":"Battle Trance","floor":12},{"not_picked":["Rupture","Headbutt","Twin Strike"],"picked":"SKIP","floor":13},{"not_picked":["Brutality","Immolate"],"picked":"Impervious","floor":16},{"not_picked":["Wild Strike"],"picked":"SKIP","floor":18},{"not_picked":["Burning Pact"],"picked":"SKIP","floor":19},{"not_picked":["Wild Strike"],"picked":"SKIP","floor":20},{"not_picked":[],"picked":"Flame Barrier","floor":21}],"player_experience":460169,"relics_obtained":[{"floor":9,"key":"Matryoshka"}],"event_choices":[{"cards_removed":["Strike_R"],"damage_healed":0,"gold_gain":0,"player_choice":"Offered Basic","damage_taken":0,"max_hp_gain":0,"max_hp_loss":0,"event_name":"Bonfire Elementals","floor":2,"gold_loss":0},{"damage_healed":0,"gold_gain":0,"player_choice":"Success","damage_taken":3,"relics_obtained":["Smiling Mask"],"max_hp_gain":0,"max_hp_loss":0,"event_name":"Scrap Ooze","floor":4,"gold_loss":0},{"damage_healed":0,"gold_gain":0,"player_choice":"Rummage","damage_taken":0,"relics_obtained":["WarpedTongs"],"max_hp_gain":0,"max_hp_loss":0,"event_name":"Accursed Blacksmith","floor":11,"gold_loss":0,"cards_obtained":["Pain"]}],"is_beta":false,"boss_relics":[{"not_picked":["Runic Pyramid","Pandora\u0027s Box"],"picked":"Busted Crown"}],"items_purged_floors":[14,22],"is_endless":false,"potions_floor_spawned":[1,5,10,13,20],"killed_by":"Gremlin Leader","ascension_level":13}