{"gold_per_floor":[111,36,49,68,79,97,127,127,152,164],"floor_reached":10,"playtime":426,"items_purged":["Strike_R"],"score":98,"play_id":"b88b016e-d9f2-494b-bf4c-8e2a6fbeea10","local_time":"20190118214935","is_ascension_mode":true,"campfire_choices":[{"floor":8.0,"key":"REST"}],"neow_cost":"NONE","seed_source_timestamp":25213273788630,"circlet_count":0,"master_deck":["Strike_R","Strike_R","Strike_R","Strike_R","Defend_R","Defend_R","Defend_R","Defend_R","Bash","Wild Strike","Shockwave","Wild Strike","Anger"],"special_seed":0,"relics":["Burning Blood","Blood Vial","Frozen Egg 2","MawBank"],"potions_floor_usage":[],"damage_taken":[{"damage":9.0,"enemies":"Small Slimes","floor":1.0,"turns":5.0},{"damage":1.0,"enemies":"2 Louse","floor":3.0,"turns":2.0},{"damage":7.0,"enemies":"Jaw Worm","floor":4.0,"turns":3.0},{"damage":14.0,"enemies":"Blue Slaver","floor":5.0,"turns":4.0},{"damage":24.0,"enemies":"Exordium Wildlife","floor":6.0,"turns":5.0},{"damage":52.0,"enemies":"3 Sentries","floor":7.0,"turns":11.0},{"damage":38,"enemies":"Gremlin Nob","floor":10,"turns":4}],"seed_played":"-735409921251140476","potions_obtained":[{"floor":3.0,"key":"LiquidBronze"},{"floor":6.0,"key":"Block Potion"}],"is_trial":false,"path_per_floor":["M","$","M","M","M","M","E","R","T","E"],"character_chosen":"IRONCLAD","items_purchased":[],"campfire_rested":1,"item_purchase_floors":[],"current_hp_per_floor":[71,71,78,79,72,56,12,36,36,0],"gold":164,"neow_bonus":"RANDOM_COMMON_RELIC","is_prod":false,"is_daily":false,"chose_seed":false,"campfire_upgraded":0,"win_rate":0,"timestamp":1547815775,"path_taken":["M","$","M","M","M","M","E","R","T","E"],"build_version":"2019-01-17v2","purchased_purges":1,"victory":false,"max_hp_per_floor":[80,80,80,80,80,80,80,80,80,80],"card_choices":[{"not_picked":["Iron Wave","Second Wind"],"picked":"Wild Strike","floor":1.0},{"not_picked":["Sword Boomerang","Thunderclap","Heavy Blade"],"picked":"SKIP","floor":3.0},{"not_picked":["Iron Wave","Reckless Charge","Perfected Strike"],"picked":"SKIP","floor":4.0},{"not_picked":["Anger","Clash"],"picked":"Shockwave","floor":5.0},{"not_picked":["Thunderclap","Feel No Pain"],"picked":"Wild Strike","floor":6.0},{"not_picked":["Pommel Strike","Flex"],"picked":"Anger","floor":7.0}],"player_experience":245369,"relics_obtained":[{"floor":7.0,"key":"Frozen Egg 2"},{"floor":9.0,"key":"MawBank"}],"event_choices":[],"is_beta":false,"boss_relics":[],"items_purged_floors":[2],"is_endless":false,"potions_floor_spawned":[3,6],"killed_by":"Gremlin Nob","ascension_level":8}