{"gold_per_floor":[366,378,398,398,398,398,417,440,440,453,471,471,471,490,490,618,618,632,646,646,37,37,37,76,76,76,99,117,136,36,36],"floor_reached":31,"playtime":1879,"items_purged":["Strike_B","Strike_B"],"score":350,"play_id":"a743a91f-ce4e-48e7-976d-adfb1e91fe8e","local_time":"20190213230559","is_ascension_mode":true,"campfire_choices":[{"data":"Zap","floor":6.0,"key":"SMITH"},{"data":"Defragment","floor":12.0,"key":"SMITH"},{"data":"Dualcast","floor":15.0,"key":"SMITH"},{"data":"Consume","floor":23.0,"key":"SMITH"},{"floor":25.0,"key":"REST"}],"neow_cost":"TEN_PERCENT_HP_LOSS","seed_source_timestamp":105375055291238,"circlet_count":0,"master_deck":["Strike_B","Strike_B","Defend_B","Defend_B","Defend_B","Defend_B","Zap+1","Dualcast+1","Cold Snap","Conserve Battery","Coolheaded","Defragment+1","Consume+1","Buffer","Cold Snap","Apotheosis+1","Conserve Battery+1","Go for the Eyes+1"],"special_seed":0,"relics":["Cracked Core","Gremlin Horn","Golden Idol","Ornamental Fan","Spirit Poop","Inserter","Toxic Egg 2","Runic Capacitor","Strawberry","Blue Candle","Cables"],"potions_floor_usage":[31,31],"damage_taken":[{"damage":1.0,"enemies":"Cultist","floor":1.0,"turns":4.0},{"damage":2.0,"enemies":"Jaw Worm","floor":2.0,"turns":4.0},{"damage":0.0,"enemies":"Small Slimes","floor":3.0,"turns":4.0},{"damage":0.0,"enemies":"2 Fungi Beasts","floor":7.0,"turns":3.0},{"damage":2.0,"enemies":"Red Slaver","floor":8.0,"turns":3.0},{"damage":7.0,"enemies":"Blue Slaver","floor":10.0,"turns":4.0},{"damage":6.0,"enemies":"Exordium Wildlife","floor":11.0,"turns":7.0},{"damage":1.0,"enemies":"Gremlin Gang","floor":14.0,"turns":6.0},{"damage":32.0,"enemies":"Slime Boss","floor":16.0,"turns":12.0},{"damage":9.0,"enemies":"Spheric Guardian","floor":18.0,"turns":6.0},{"damage":3.0,"enemies":"Chosen","floor":19.0,"turns":6.0},{"damage":45.0,"enemies":"Slavers","floor":24.0,"turns":7.0},{"damage":19.0,"enemies":"3 Cultists","floor":27.0,"turns":7.0},{"damage":0.0,"enemies":"Snecko","floor":28.0,"turns":5.0},{"damage":0.0,"enemies":"Centurion and Healer","floor":29.0,"turns":11.0},{"damage":6,"enemies":"Snake Plant","floor":31,"turns":1}],"seed_played":"3008586219136299287","potions_obtained":[{"floor":2.0,"key":"Regen Potion"},{"floor":3.0,"key":"Swift Potion"},{"floor":10.0,"key":"Poison Potion"},{"floor":14.0,"key":"LiquidBronze"},{"floor":24.0,"key":"Fire Potion"},{"floor":28.0,"key":"Explosive Potion"},{"floor":29.0,"key":"SneckoOil"}],"is_trial":false,"path_per_floor":["M","M","M","?","?","R","M","M","T","M","M","R","?","M","R","B",null,"M","M","T","$","?","R","E","R","T","M","M","M","$","M"],"character_chosen":"DEFECT","items_purchased":["Apotheosis+1","Runic Capacitor","Strawberry"],"campfire_rested":1,"item_purchase_floors":[21,21,21],"current_hp_per_floor":[67,65,65,40,40,40,40,38,38,31,40,40,40,39,39,7,53,44,41,41,48,48,48,3,25,25,6,6,6,6,0],"gold":36,"neow_bonus":"TWO_FIFTY_GOLD","is_prod":false,"is_daily":false,"chose_seed":false,"campfire_upgraded":4,"win_rate":0,"timestamp":1550127959,"path_taken":["M","?","M","?","?","R","M","M","T","M","M","R","?","M","R","BOSS","M","M","?","$","?","R","E","R","T","M","M","M","?","?"],"build_version":"2019-01-23","purchased_purges":2,"victory":false,"max_hp_per_floor":[68,68,68,68,68,68,68,68,68,68,68,68,68,68,68,68,68,68,68,68,75,75,75,75,75,75,75,75,75,75,75],"card_choices":[{"not_picked":["Rebound","Skim"],"picked":"Cold Snap","floor":1.0},{"not_picked":["Auto Shields","Barrage"],"picked":"Conserve Battery","floor":2.0},{"not_picked":["Gash","Redo"],"picked":"Coolheaded","floor":3.0},{"not_picked":["Storm","Meteor Strike"],"picked":"Defragment","floor":7.0},{"not_picked":["Stack","Gash"],"picked":"Consume","floor":8.0},{"not_picked":["Rip and Tear","Static Discharge","Rebound"],"picked":"SKIP","floor":10.0},{"not_picked":["Skim","Force Field","Ball Lightning"],"picked":"SKIP","floor":11.0},{"not_picked":["Redo","Recycle","Reprogram"],"picked":"SKIP","floor":14.0},{"not_picked":["Amplify","Multi-Cast"],"picked":"Buffer","floor":16.0},{"not_picked":["Sweeping Beam","Beam Cell"],"picked":"Cold Snap","floor":18.0},{"not_picked":["Doom and Gloom","Reprogram","Skim"],"picked":"SKIP","floor":19.0},{"not_picked":["Reboot+1","Blizzard","Hologram+1"],"picked":"SKIP","floor":24.0},{"not_picked":["Cold Snap","Rebound","Gash"],"picked":"SKIP","floor":27.0},{"not_picked":["Coolheaded+1","BootSequence+1"],"picked":"Conserve Battery+1","floor":28.0},{"not_picked":["Rebound","Conserve Battery+1"],"picked":"Go for the Eyes+1","floor":29.0}],"player_experience":361192,"relics_obtained":[{"floor":9.0,"key":"Ornamental Fan"},{"floor":20.0,"key":"Toxic Egg 2"},{"floor":24.0,"key":"Blue Candle"},{"floor":26.0,"key":"Cables"}],"event_choices":[{"damage_healed":0.0,"max_hp_gain":0.0,"max_hp_loss":0.0,"gold_gain":0.0,"event_name":"Scrap Ooze","player_choice":"Success","floor":4.0,"gold_loss":0.0,"damage_taken":25.0,"relics_obtained":["Gremlin Horn"]},{"damage_healed":0.0,"max_hp_gain":0.0,"max_hp_loss":0.0,"gold_gain":0.0,"event_name":"Golden Idol","player_choice":"Take Wound","floor":5.0,"gold_loss":0.0,"damage_taken":0.0,"relics_obtained":["Golden Idol"],"cards_obtained":["Injury"]},{"cards_removed":["Injury"],"damage_healed":0.0,"max_hp_gain":0.0,"max_hp_loss":0.0,"gold_gain":0.0,"event_name":"Bonfire Elementals","player_choice":"Offered Curse","floor":13.0,"gold_loss":0.0,"damage_taken":0.0,"relics_obtained":["Spirit Poop"]},{"damage_healed":0.0,"max_hp_gain":0.0,"max_hp_loss":0.0,"gold_gain":0.0,"event_name":"Ghosts","player_choice":"Ignored","floor":22.0,"gold_loss":0.0,"damage_taken":0.0}],"is_beta":false,"boss_relics":[{"not_picked":["Coffee Dripper","FrozenCore"],"picked":"Inserter"}],"items_purged_floors":[21,30],"is_endless":false,"potions_floor_spawned":[2,3,10,14,24,28,29],"killed_by":"Snake Plant","ascension_level":8}