{"gold_per_floor":[109,109,109,34,46,46,79,79,126,152,172,172,172,191,191,289,289,306,322,247,147,158,158,189,189,189,219,219,219,318,318,318,318],"floor_reached":33,"playtime":2123,"items_purged":["Strike_B","Defend_B"],"score":462,"play_id":"8a8cd57b-860c-4ea1-83ab-540c6ee24d5b","local_time":"20190131124704","is_ascension_mode":true,"campfire_choices":[{"data":"Doom and Gloom","floor":6,"key":"SMITH"},{"floor":8,"key":"REST"},{"data":"Redo","floor":12,"key":"SMITH"},{"floor":15,"key":"REST"},{"data":"Fission","floor":23,"key":"SMITH"},{"floor":25,"key":"REST"},{"data":"Machine Learning","floor":28,"key":"SMITH"},{"floor":32,"key":"REST"}],"neow_cost":"PERCENT_DAMAGE","seed_source_timestamp":1166219090563972,"circlet_count":0,"master_deck":["AscendersBane","Zap+1","Dualcast","Machine Learning+1","Rebound+1","Coolheaded+1","Doom and Gloom+1","Undo","Redo+1","Conserve Battery","Reprogram","Fission+1","Steam","Steam","Self Repair","Turbo","Genetic Algorithm","Steam Power"],"relics":["Cracked Core","Happy Flower","Du-Vu Doll","Runic Pyramid","Ancient Tea Set","Whetstone","Lantern","Nilry\u0027s Codex"],"potions_floor_usage":[18,24,27],"damage_taken":[{"damage":7,"enemies":"Small Slimes","floor":1,"turns":4},{"damage":0,"enemies":"2 Louse","floor":5,"turns":1},{"damage":20,"enemies":"3 Sentries","floor":7,"turns":5},{"damage":8,"enemies":"Gremlin Nob","floor":10,"turns":3},{"damage":0,"enemies":"Jaw Worm","floor":11,"turns":3},{"damage":13,"enemies":"Exordium Thugs","floor":14,"turns":2},{"damage":2,"enemies":"The Guardian","floor":16,"turns":8},{"damage":5,"enemies":"3 Byrds","floor":18,"turns":4},{"damage":4,"enemies":"Chosen","floor":19,"turns":5},{"damage":4,"enemies":"Sentry and Sphere","floor":22,"turns":4},{"damage":29,"enemies":"Slavers","floor":24,"turns":8},{"damage":6,"enemies":"Book of Stabbing","floor":27,"turns":6},{"damage":40,"enemies":"Automaton","floor":33,"turns":14}],"seed_played":"-4088536016859952760","potions_obtained":[{"floor":10,"key":"Energy Potion"},{"floor":11,"key":"Explosive Potion"},{"floor":18,"key":"AttackPotion"},{"floor":22,"key":"EssenceOfSteel"}],"is_trial":false,"path_per_floor":["M","?","?","$","M","R","E","R","T","E","M","R","?","M","R","B",null,"M","M","?","$","M","R","E","R","T","E","R","?","?","?","R","B"],"character_chosen":"DEFECT","items_purchased":[],"campfire_rested":4,"item_purchase_floors":[],"current_hp_per_floor":[43,28,28,28,28,28,8,30,30,22,22,22,22,9,31,29,64,59,55,55,55,51,51,22,44,44,45,45,29,29,29,51,11],"gold":318,"neow_bonus":"TRANSFORM_TWO_CARDS","is_prod":false,"is_daily":false,"chose_seed":false,"campfire_upgraded":4,"win_rate":0,"timestamp":1548956824,"path_taken":["M","?","?","?","?","R","E","R","T","E","M","R","?","M","R","BOSS","M","M","?","$","M","R","E","R","T","E","R","?","?","?","R","BOSS"],"build_version":"2019-01-23","purchased_purges":2,"victory":false,"max_hp_per_floor":[75,75,75,75,75,75,75,75,75,75,75,75,75,75,75,75,75,75,75,75,75,75,75,75,75,75,75,75,75,75,75,75,75],"card_choices":[{"not_picked":["Hologram","Redo"],"picked":"Coolheaded","floor":1},{"not_picked":["Force Field","Hologram"],"picked":"Doom and Gloom","floor":5},{"not_picked":["Sunder","Stack"],"picked":"Undo","floor":7},{"not_picked":["Genetic Algorithm","Go for the Eyes"],"picked":"Redo","floor":10},{"not_picked":["Aggregate","Melter"],"picked":"Conserve Battery","floor":11},{"not_picked":["Double Energy","Ball Lightning"],"picked":"Reprogram","floor":14},{"not_picked":["Machine Learning","Thunder Strike"],"picked":"Fission","floor":16},{"not_picked":["Turbo","Compile Driver"],"picked":"Steam","floor":18},{"not_picked":["Barrage","Force Field"],"picked":"Steam","floor":19},{"not_picked":["Beam Cell","FTL","Melter"],"picked":"SKIP","floor":22},{"not_picked":["Force Field","Steam"],"picked":"Self Repair","floor":24},{"not_picked":["White Noise","Heatsinks"],"picked":"Turbo","floor":27}],"player_experience":598720,"relics_obtained":[{"floor":7,"key":"Happy Flower"},{"floor":10,"key":"Du-Vu Doll"},{"floor":24,"key":"Ancient Tea Set"},{"floor":26,"key":"Whetstone"},{"floor":27,"key":"Lantern"},{"floor":29,"key":"Nilry\u0027s Codex"}],"event_choices":[{"damage_healed":0,"gold_gain":0,"player_choice":"Entered Light","damage_taken":15,"max_hp_gain":0,"max_hp_loss":0,"event_name":"Shining Light","floor":2,"gold_loss":0,"cards_upgraded":["Coolheaded","Zap"]},{"damage_healed":0,"gold_gain":0,"player_choice":"Fled","damage_taken":0,"max_hp_gain":0,"max_hp_loss":0,"event_name":"Scrap Ooze","floor":3,"gold_loss":0},{"cards_removed":["Strike_B"],"damage_healed":0,"gold_gain":0,"player_choice":"Purged","damage_taken":0,"max_hp_gain":0,"max_hp_loss":0,"event_name":"Purifier","floor":13,"gold_loss":0},{"cards_removed":["Defend_B"],"damage_healed":0,"gold_gain":0,"player_choice":"Gave Gold","damage_taken":0,"max_hp_gain":0,"max_hp_loss":0,"event_name":"Beggar","floor":20,"gold_loss":75},{"damage_healed":0,"gold_gain":0,"player_choice":"Obtained Book","damage_taken":16,"max_hp_gain":0,"max_hp_loss":0,"event_name":"Cursed Tome","floor":29,"gold_loss":0},{"damage_healed":0,"gold_gain":99,"player_choice":"Stole From Cult","damage_taken":0,"max_hp_gain":0,"max_hp_loss":0,"event_name":"Nest","floor":30,"gold_loss":0},{"damage_healed":0,"gold_gain":0,"cards_transformed":["Defend_B","Defend_B"],"player_choice":"Became Test Subject","damage_taken":0,"max_hp_gain":0,"max_hp_loss":0,"event_name":"Drug Dealer","floor":31,"gold_loss":0,"cards_obtained":["Genetic Algorithm","Steam Power"]}],"is_beta":false,"boss_relics":[{"not_picked":["Snecko Eye","Pandora\u0027s Box"],"picked":"Runic Pyramid"}],"items_purged_floors":[4,21],"is_endless":false,"potions_floor_spawned":[10,11,18,22],"killed_by":"Automaton","ascension_level":12}