{"gold_per_floor":[16,191,201,501,501,501,513,513,536,548,548,20,49,65,65,65],"floor_reached":16,"playtime":601,"items_purged":["Regret"],"score":140,"play_id":"a4df9576-5135-49eb-8254-ff29b0cbbcde","local_time":"20190106092012","is_ascension_mode":true,"campfire_choices":[{"data":"Bash","floor":6,"key":"SMITH"},{"data":"Warcry","floor":8,"key":"SMITH"},{"floor":11,"key":"REST"},{"data":"Warcry","floor":15,"key":"SMITH"}],"neow_cost":"NO_GOLD","seed_source_timestamp":1407359702652121,"circlet_count":0,"master_deck":["Strike_R","Strike_R","Strike_R","Defend_R","Defend_R","Defend_R","Defend_R","Bash+1","Warcry+1","Doubt","Flex","Dropkick","Warcry+1","Double Tap"],"relics":["Burning Blood","Old Coin","Sundial","Ancient Tea Set","Meat on the Bone","Potion Belt"],"potions_floor_usage":[10,16,16,16],"damage_taken":[{"damage":8,"enemies":"Jaw Worm","floor":1,"turns":6},{"damage":10,"enemies":"Small Slimes","floor":3,"turns":4},{"damage":14,"enemies":"Cultist","floor":7,"turns":4},{"damage":31,"enemies":"Large Slime","floor":10,"turns":9},{"damage":22,"enemies":"Gremlin Nob","floor":13,"turns":4},{"damage":18,"enemies":"2 Fungi Beasts","floor":14,"turns":5},{"damage":52,"enemies":"Slime Boss","floor":16,"turns":8}],"seed_played":"562445171471821639","potions_obtained":[{"floor":3,"key":"FearPotion"},{"floor":7,"key":"Regen Potion"},{"floor":13,"key":"Swift Potion"}],"is_trial":false,"path_per_floor":["M","?","M","?","?","R","M","R","T","M","R","$","E","M","R","B"],"character_chosen":"IRONCLAD","items_purchased":["Double Tap","Meat on the Bone","Weak Potion"],"campfire_rested":1,"item_purchase_floors":[12,12,12],"current_hp_per_floor":[70,70,66,59,59,59,51,51,51,41,65,65,49,49,49,0],"gold":65,"neow_bonus":"REMOVE_TWO","is_prod":false,"is_daily":false,"chose_seed":false,"campfire_upgraded":3,"win_rate":0,"timestamp":1546784412,"path_taken":["M","?","M","?","?","R","M","R","T","M","R","$","E","M","R","BOSS"],"build_version":"2019-01-03v4","purchased_purges":1,"victory":false,"max_hp_per_floor":[80,80,80,80,80,80,80,80,80,80,80,80,80,80,80,80],"card_choices":[{"not_picked":["Cleave","Bloodletting"],"picked":"Warcry","floor":1},{"not_picked":["Sword Boomerang","Wild Strike"],"picked":"Flex","floor":3},{"not_picked":["Pummel","Reckless Charge"],"picked":"Dropkick","floor":7},{"not_picked":["Sword Boomerang","Disarm"],"picked":"Warcry","floor":10},{"not_picked":["Cleave","Rupture","Corruption"],"picked":"SKIP","floor":13},{"not_picked":["Shrug It Off","Fire Breathing","Perfected Strike"],"picked":"SKIP","floor":14}],"player_experience":324241,"relics_obtained":[{"floor":9,"key":"Ancient Tea Set"},{"floor":13,"key":"Potion Belt"}],"event_choices":[{"damage_healed":0,"gold_gain":175,"player_choice":"AGREE","damage_taken":0,"max_hp_gain":0,"max_hp_loss":0,"event_name":"Liars Game","floor":2,"gold_loss":0,"cards_obtained":["Doubt"]},{"damage_healed":0,"gold_gain":0,"player_choice":"Success","damage_taken":7,"relics_obtained":["Old Coin"],"max_hp_gain":0,"max_hp_loss":0,"event_name":"Scrap Ooze","floor":4,"gold_loss":0},{"damage_healed":0,"gold_gain":0,"player_choice":"Box","damage_taken":0,"relics_obtained":["Sundial"],"max_hp_gain":0,"max_hp_loss":0,"event_name":"Big Fish","floor":5,"gold_loss":0,"cards_obtained":["Regret"]}],"is_beta":false,"boss_relics":[],"items_purged_floors":[12],"is_endless":false,"potions_floor_spawned":[3,7,13],"killed_by":"Slime Boss","ascension_level":8}