{"path_per_floor":["M","?","?","M","?","R","M","$","T","?","E","R","M","M","R"],"character_chosen":"DEFECT","items_purchased":["Ice Cream","Cold Snap"],"gold_per_floor":[112,187,187,198,373,373,392,45,70,70,95,95,112,131,131,131],"floor_reached":16,"campfire_rested":2,"playtime":666,"item_purchase_floors":[8,8],"current_hp_per_floor":[60,49,34,22,22,22,20,20,27,20,2,26,25,25,49,0],"items_purged":[],"gold":131,"score":130,"play_id":"01548a92-8bdd-4cd7-9ab9-0d5caaa40e0f","local_time":"20180604103602","is_prod":false,"is_daily":false,"chose_seed":false,"is_ascension_mode":true,"campfire_upgraded":1,"win_rate":0,"timestamp":1528101362,"campfire_choices":[{"data":"Zap","floor":6,"key":"SMITH"},{"floor":12,"key":"REST"},{"floor":15,"key":"REST"}],"path_taken":["M","?","?","M","?","R","?","$","T","?","E","R","M","M","R","BOSS"],"build_version":"2018-05-31","seed_source_timestamp":1622606623796608,"purchased_purges":0,"victory":false,"master_deck":["Strike_B+1","Strike_B","Strike_B","Defend_B","Defend_B","Defend_B","Defend_B","Zap+1","Dualcast+1","Rebound","Ball Lightning","Gash","Doubt","Gash","Cold Snap","Darkness","Glacier","Go for the Eyes"],"max_hp_per_floor":[75,75,75,75,75,75,75,75,82,82,82,82,82,82,82,82],"relics":["Cracked Core","Ice Cream","Strawberry","Bottled Flame"],"card_choices":[{"not_picked":["Compile Driver","Storm"],"picked":"Rebound","floor":0},{"not_picked":["Stack","Auto Shields"],"picked":"Ball Lightning","floor":1},{"not_picked":["Storm","Turbo"],"picked":"Gash","floor":4},{"not_picked":["Go for the Eyes","Storm"],"picked":"Gash","floor":7},{"not_picked":["Aggregate","Compile Driver"],"picked":"Darkness","floor":11},{"not_picked":["Double Energy","Darkness"],"picked":"Glacier","floor":13},{"not_picked":["Steam","Multi-Cast"],"picked":"Go for the Eyes","floor":14}],"player_experience":457627,"potions_floor_usage":[11,16],"damage_taken":[{"damage":8,"enemies":"2 Louse","floor":1,"turns":2},{"damage":12,"enemies":"Small Slimes","floor":4,"turns":3},{"damage":2,"enemies":"Jaw Worm","floor":7,"turns":2},{"damage":18,"enemies":"Lagavulin","floor":11,"turns":7},{"damage":1,"enemies":"Blue Slaver","floor":13,"turns":3},{"damage":0,"enemies":"Looter","floor":14,"turns":4},{"damage":53,"enemies":"Hexaghost","floor":16,"turns":9}],"relics_obtained":[{"floor":9,"key":"Strawberry"},{"floor":11,"key":"Bottled Flame"}],"event_choices":[{"event_name":"World of Goop","player_choice":"Gather Gold","floor":2,"damage_taken":0},{"event_name":"Shining Light","player_choice":"Entered Light","floor":3,"damage_taken":0},{"event_name":"Liars Game","player_choice":"agreed","floor":5,"damage_taken":0},{"event_name":"Golden Wing","player_choice":"Card Removal","floor":10,"damage_taken":0}],"boss_relics":[],"items_purged_floors":[],"potions_floor_spawned":[7,14],"seed_played":"-3002700616994714647","killed_by":"Hexaghost","ascension_level":6,"potions_obtained":[{"floor":7,"key":"Block Potion"},{"floor":14,"key":"EssenceOfSteel"}],"is_trial":false}