{"gold_per_floor":[111,126,126,126,51,71,71,99,123,123],"floor_reached":10,"playtime":291,"items_purged":["Strike_R"],"score":79,"play_id":"af4cd07a-0253-45ed-9bff-a86676d319a1","local_time":"20181024095708","is_ascension_mode":true,"campfire_choices":[{"data":"Heavy Blade","floor":7,"key":"SMITH"}],"neow_cost":"NONE","seed_source_timestamp":749732987657385,"circlet_count":0,"master_deck":["Strike_R","Strike_R","Strike_R","Strike_R","Defend_R","Defend_R+1","Defend_R+1","Defend_R","Bash","Battle Trance","Heavy Blade+1"],"relics":["Burning Blood","NeowsBlessing","Happy Flower","Blue Candle","Molten Egg 2","War Paint"],"potions_floor_usage":[],"damage_taken":[{"damage":0,"enemies":"Small Slimes","floor":1,"turns":1},{"damage":0,"enemies":"Cultist","floor":2,"turns":1},{"damage":0,"enemies":"Jaw Worm","floor":6,"turns":1},{"damage":40,"enemies":"Lagavulin","floor":8,"turns":5},{"damage":47,"enemies":"3 Sentries","floor":10,"turns":8}],"seed_played":"5553303096576749396","potions_obtained":[{"floor":1,"key":"SteroidPotion"}],"is_trial":false,"path_per_floor":["M","M","?","?","$","M","R","E","T"],"character_chosen":"IRONCLAD","items_purchased":[],"campfire_rested":0,"item_purchase_floors":[],"current_hp_per_floor":[80,80,80,68,68,74,74,40,40,0],"gold":123,"neow_bonus":"THREE_ENEMY_KILL","is_prod":false,"is_daily":false,"chose_seed":false,"campfire_upgraded":1,"win_rate":0,"timestamp":1540389428,"path_taken":["M","M","?","?","$","M","R","E","T","E"],"build_version":"2018-10-18","purchased_purges":1,"victory":false,"max_hp_per_floor":[80,80,80,80,80,80,80,80,80,80],"card_choices":[{"not_picked":["Bloodletting","Clash"],"picked":"Battle Trance","floor":1},{"not_picked":["Evolve","Sword Boomerang","Flex"],"picked":"SKIP","floor":2},{"not_picked":["Shrug It Off","Ghostly Armor"],"picked":"Heavy Blade","floor":6},{"not_picked":["Second Wind","Clothesline","Anger"],"picked":"SKIP","floor":8}],"player_experience":222750,"relics_obtained":[{"floor":8,"key":"Molten Egg 2"},{"floor":9,"key":"War Paint"}],"event_choices":[{"damage_healed":0,"gold_gain":0,"player_choice":"Gave Potion","damage_taken":0,"relics_obtained":["Happy Flower"],"max_hp_gain":0,"max_hp_loss":0,"event_name":"WeMeetAgain","floor":3,"gold_loss":0},{"damage_healed":0,"gold_gain":0,"player_choice":"Success","damage_taken":12,"relics_obtained":["Blue Candle"],"max_hp_gain":0,"max_hp_loss":0,"event_name":"Scrap Ooze","floor":4,"gold_loss":0}],"is_beta":false,"boss_relics":[],"items_purged_floors":[5],"is_endless":false,"potions_floor_spawned":[1],"killed_by":"3 Sentries","ascension_level":4}