{"gold_per_floor":[212,212,242,305,331,331,344,344,368,368,397,18,71,104,104,200,200,276,299,398,422,422,422,65,65,65,106,171,171,194,244,244,343,406,427,427,577,648,648,689,689,758,785,821,842,33,33,33,33,33],"floor_reached":51,"playtime":3340,"items_purged":["Strike_B","Strike_B","Defend_B"],"score":1160,"play_id":"dc0fe562-3287-4dae-9bd0-d868267e2e82","local_time":"20190225094238","is_ascension_mode":true,"campfire_choices":[{"data":"Sunder","floor":6.0,"key":"SMITH"},{"data":"Zap","floor":8.0,"key":"SMITH"},{"floor":10.0,"key":"REST"},{"floor":15.0,"key":"REST"},{"data":"HandOfGreed","floor":23.0,"key":"SMITH"},{"data":"Defragment","floor":25.0,"key":"SMITH"},{"data":"Dualcast","floor":29.0,"key":"SMITH"},{"floor":32.0,"key":"REST"},{"data":"Seek","floor":41.0,"key":"SMITH"},{"data":"Apotheosis","floor":47,"key":"SMITH"},{"floor":49,"key":"REST"}],"neow_cost":"NONE","seed_source_timestamp":0,"circlet_count":0,"master_deck":["AscendersBane","Strike_B+1","Strike_B+1","Defend_B+1","Defend_B","Zap+1","Dualcast+1","Sunder+1","Conserve Battery","Self Repair","HandOfGreed+1","Cold Snap","Flash of Steel","FTL","Capacitor","Seek+1","White Noise","Defragment+1","Undo","Capacitor","Madness","Apotheosis+1"],"special_seed":0,"relics":["FrozenCore","Golden Idol","Tiny Chest","Centennial Puzzle","Potion Belt","Odd Mushroom","Omamori","Whetstone","Bottled Tornado","Tiny House","Bird Faced Urn","Bronze Scales","Dream Catcher","Cables","StoneCalendar","Pen Nib"],"potions_floor_usage":[50],"damage_taken":[{"damage":5.0,"enemies":"Cultist","floor":1.0,"turns":4.0},{"damage":2.0,"enemies":"Jaw Worm","floor":7.0,"turns":3.0},{"damage":6.0,"enemies":"The Mushroom Lair","floor":11.0,"turns":3.0},{"damage":16.0,"enemies":"Gremlin Nob","floor":13.0,"turns":3.0},{"damage":10.0,"enemies":"Small Slimes","floor":14.0,"turns":2.0},{"damage":10.0,"enemies":"Slime Boss","floor":16.0,"turns":7.0},{"damage":12.0,"enemies":"3 Byrds","floor":18.0,"turns":6.0},{"damage":30.0,"enemies":"Chosen","floor":19.0,"turns":5.0},{"damage":12.0,"enemies":"Shelled Parasite and Fungi","floor":21.0,"turns":8.0},{"damage":0.0,"enemies":"3 Cultists","floor":27.0,"turns":7.0},{"damage":11.0,"enemies":"Chosen and Byrds","floor":28.0,"turns":8.0},{"damage":15.0,"enemies":"Snake Plant","floor":30.0,"turns":6.0},{"damage":18.0,"enemies":"3 Cultists","floor":31.0,"turns":6.0},{"damage":42.0,"enemies":"Collector","floor":33.0,"turns":16.0},{"damage":3.0,"enemies":"Orb Walker","floor":35.0,"turns":4.0},{"damage":3.0,"enemies":"Mind Bloom Boss Battle","floor":37.0,"turns":9.0},{"damage":7.0,"enemies":"3 Shapes","floor":38.0,"turns":7.0},{"damage":28.0,"enemies":"Nemesis","floor":40.0,"turns":11.0},{"damage":16.0,"enemies":"Sphere and 2 Shapes","floor":42.0,"turns":8.0},{"damage":30.0,"enemies":"Reptomancer","floor":44.0,"turns":8.0},{"damage":24.0,"enemies":"3 Darklings","floor":45.0,"turns":5.0},{"damage":49,"enemies":"Time Eater","floor":50,"turns":13}],"seed_played":"6464198258252785069","potions_obtained":[{"floor":1.0,"key":"Dexterity Potion"},{"floor":7.0,"key":"FearPotion"},{"floor":13.0,"key":"Ancient Potion"},{"floor":14.0,"key":"FearPotion"},{"floor":21.0,"key":"AttackPotion"},{"floor":31.0,"key":"Fire Potion"},{"floor":33.0,"key":"Block Potion"},{"floor":34.0,"key":"Fruit Juice"},{"floor":37.0,"key":"SpeedPotion"},{"floor":40.0,"key":"Swift Potion"},{"floor":42.0,"key":"LiquidBronze"}],"is_trial":false,"path_per_floor":["M","?","?","?","T","R","M","R","T","R","?","$","E","M","R","B",null,"M","M","?","M","?","R","$","R","T","M","M","R","M","M","R","B",null,"M","?","?","M","?","E","R","M","T","E","M","$","R","$","R","B",null],"character_chosen":"DEFECT","items_purchased":["HandOfGreed","Cold Snap","Flash of Steel","Defragment","Whetstone","Undo","StoneCalendar","Pen Nib","Apotheosis","Energy Potion"],"campfire_rested":4,"item_purchase_floors":[12,12,12,24,24,24,46,46,46,46],"current_hp_per_floor":[59,42,35,35,35,35,33,33,33,54,48,48,32,29,50,47,65,60,37,37,32,55,55,55,55,55,62,58,58,50,39,60,25,65,67,67,71,81,81,66,66,79,79,62,55,55,55,55,79,46],"gold":33,"neow_bonus":"HUNDRED_GOLD","is_prod":false,"is_daily":false,"chose_seed":false,"campfire_upgraded":7,"win_rate":0,"timestamp":1551116558,"path_taken":["M","?","?","?","?","R","M","R","T","R","?","$","E","M","R","BOSS","M","M","?","M","?","R","?","R","T","M","M","R","M","?","R","BOSS","M","?","?","M","?","E","R","M","T","E","M","$","R","?","R","BOSS"],"build_version":"2019-01-23","purchased_purges":3,"victory":true,"max_hp_per_floor":[71,71,71,71,71,71,71,71,71,71,71,71,71,71,71,71,71,71,71,71,71,71,71,71,71,71,71,71,71,71,71,71,71,76,81,81,81,81,81,81,81,81,81,81,81,81,81,81,81,81],"card_choices":[{"not_picked":["Steam Power","Rip and Tear"],"picked":"Sunder","floor":1.0},{"not_picked":["Barrage","Compile Driver"],"picked":"Conserve Battery","floor":7.0},{"not_picked":["Heatsinks","Storm"],"picked":"Self Repair","floor":11.0},{"not_picked":["Stack","Ball Lightning"],"picked":"FTL","floor":13.0},{"not_picked":["Melter","Hyperbeam"],"picked":"Capacitor","floor":14.0},{"not_picked":["All For One","Biased Cognition"],"picked":"Seek","floor":16.0},{"not_picked":["Streamline","Turbo+1","Rebound"],"picked":"SKIP","floor":18.0},{"not_picked":["Gash","Barrage","Leap"],"picked":"SKIP","floor":19.0},{"not_picked":["Barrage","Ball Lightning+1"],"picked":"White Noise","floor":21.0},{"not_picked":["Doom and Gloom","Fusion","Gash+1"],"picked":"SKIP","floor":27.0},{"not_picked":["Beam Cell+1","Scrape"],"picked":"Capacitor","floor":28.0},{"not_picked":["Compile Driver","Blizzard","Beam Cell"],"picked":"SKIP","floor":30.0},{"not_picked":["Sweeping Beam","Leap","Beam Cell"],"picked":"SKIP","floor":31.0},{"not_picked":["Cold Snap","Conserve Battery+1","Stack"],"picked":"SKIP","floor":35.0},{"not_picked":["Ball Lightning","Sweeping Beam","Rebound+1"],"picked":"SKIP","floor":38.0},{"not_picked":["Good Instincts","Trip"],"picked":"Madness","floor":39.0},{"not_picked":["Lockon","Redo","Auto Shields"],"picked":"SKIP","floor":40.0},{"not_picked":["Rebound","Leap","Redo"],"picked":"SKIP","floor":42.0},{"not_picked":["Compile Driver","Steam","Blizzard+1"],"picked":"SKIP","floor":44.0},{"not_picked":["Static Discharge","Sweeping Beam","Conserve Battery"],"picked":"SKIP","floor":45.0}],"player_experience":518134,"relics_obtained":[{"floor":5.0,"key":"Centennial Puzzle"},{"floor":9.0,"key":"Potion Belt"},{"floor":11.0,"key":"Odd Mushroom"},{"floor":13.0,"key":"Omamori"},{"floor":26.0,"key":"Bottled Tornado"},{"floor":37.0,"key":"Bird Faced Urn"},{"floor":40.0,"key":"Bronze Scales"},{"floor":43.0,"key":"Dream Catcher"},{"floor":44.0,"key":"Cables"}],"event_choices":[{"damage_healed":0.0,"max_hp_gain":0.0,"max_hp_loss":0.0,"gold_gain":0.0,"event_name":"Golden Idol","player_choice":"Take Damage","floor":2.0,"gold_loss":0.0,"damage_taken":17.0,"relics_obtained":["Golden Idol"]},{"damage_healed":0.0,"max_hp_gain":0.0,"max_hp_loss":0.0,"gold_gain":0.0,"event_name":"Scrap Ooze","player_choice":"Success","floor":3.0,"gold_loss":0.0,"damage_taken":7.0,"relics_obtained":["Tiny Chest"]},{"damage_healed":0.0,"max_hp_gain":0.0,"max_hp_loss":0.0,"gold_gain":63.0,"event_name":"Golden Wing","player_choice":"Gained Gold","floor":4.0,"gold_loss":0.0,"damage_taken":0.0},{"damage_healed":0.0,"max_hp_gain":0.0,"max_hp_loss":0.0,"gold_gain":0.0,"event_name":"Mushrooms","player_choice":"Fought Mushrooms","floor":11.0,"gold_loss":0.0,"damage_taken":0.0},{"damage_healed":0.0,"max_hp_gain":0.0,"max_hp_loss":0.0,"gold_gain":99.0,"event_name":"Nest","player_choice":"Stole From Cult","floor":20.0,"gold_loss":0.0,"damage_taken":0.0},{"damage_healed":23.0,"max_hp_gain":0.0,"max_hp_loss":0.0,"gold_gain":0.0,"event_name":"The Library","player_choice":"Heal","floor":22.0,"gold_loss":0.0,"damage_taken":0.0},{"cards_removed":["Defend_B"],"damage_healed":0.0,"max_hp_gain":0.0,"max_hp_loss":0.0,"gold_gain":0.0,"event_name":"Falling","player_choice":"Removed Skill","floor":36.0,"gold_loss":0.0,"damage_taken":0.0},{"damage_healed":0.0,"max_hp_gain":0.0,"max_hp_loss":0.0,"gold_gain":0.0,"event_name":"MindBloom","player_choice":"Fight","floor":37.0,"gold_loss":0.0,"damage_taken":0.0},{"damage_healed":0.0,"max_hp_gain":0.0,"max_hp_loss":0.0,"gold_gain":0.0,"event_name":"SensoryStone","player_choice":"Memory 1","floor":39.0,"gold_loss":0.0,"damage_taken":0.0}],"is_beta":false,"boss_relics":[{"not_picked":["Black Star","Ectoplasm"],"picked":"FrozenCore"},{"not_picked":["Velvet Choker","Lizard Tail"],"picked":"Tiny House"}],"items_purged_floors":[12,24,46],"is_endless":false,"potions_floor_spawned":[1,7,13,14,21,31,33,37,40,42],"ascension_level":14}