{"path_per_floor":["M","M","?","?","M","E","R","?","T","E","R","M","$","?","R","B",null,"M","?","M","M","M"],"character_chosen":"DEFECT","items_purchased":["Hello World","Hologram","FTL"],"gold_per_floor":[114,126,126,126,139,172,172,172,172,204,204,223,26,26,26,127,127,140,170,180,197,208,208],"floor_reached":23,"campfire_rested":1,"playtime":1852,"item_purchase_floors":[13,13,13],"current_hp_per_floor":[68,57,50,50,46,30,30,55,55,32,32,34,34,19,41,41,75,55,31,31,23,15,0],"items_purged":[],"gold":208,"score":289,"play_id":"3f5e9613-9072-4d5b-ae85-cf57eb9342ee","local_time":"20180601155226","is_prod":false,"is_daily":false,"chose_seed":false,"is_ascension_mode":true,"campfire_upgraded":2,"win_rate":0,"timestamp":1527861146,"campfire_choices":[{"data":"Zap","floor":7,"key":"SMITH"},{"data":"Streamline","floor":11,"key":"SMITH"},{"floor":15,"key":"REST"}],"path_taken":["M","M","?","?","M","E","R","?","T","E","R","?","$","?","R","BOSS","M","?","M","?","M","E"],"build_version":"2018-05-31","seed_source_timestamp":1381402880368145,"purchased_purges":0,"victory":false,"master_deck":["Strike_B","Strike_B","Strike_B","Defend_B","Defend_B","Defend_B+1","Defend_B+1","Zap+1","Dualcast","Chaos+1","Gash+1","Beam Cell+1","Double Energy","Streamline+1","Cold Snap","Hello World","Hologram","FTL","Echo Form","Parasite","Pain","Parasite","Reprogram+1","Sweeping Beam+1","Cold Snap+1","Steam+1","Auto Shields"],"max_hp_per_floor":[75,75,75,75,75,75,75,75,75,75,75,75,75,75,75,75,75,75,75,75,75,75,75],"relics":["Cracked Core","Pen Nib","Mummified Hand","Whetstone","Toolbox","Calling Bell","Bag of Marbles","Molten Egg 2","Unceasing Top","Red Mask"],"card_choices":[{"not_picked":["Ball Lightning","Skim"],"picked":"Chaos","floor":1},{"not_picked":["Leap","Chaos"],"picked":"Gash","floor":2},{"not_picked":["Chill","Rebound"],"picked":"Beam Cell","floor":5},{"not_picked":["Hologram","Genetic Algorithm"],"picked":"Double Energy","floor":6},{"not_picked":["Scrape","Electrodynamics"],"picked":"Streamline","floor":10},{"not_picked":["Turbo","Streamline"],"picked":"Cold Snap","floor":12},{"not_picked":["Buffer","Hyperbeam"],"picked":"Echo Form","floor":16},{"not_picked":["Darkness","Loop"],"picked":"Reprogram+1","floor":18},{"not_picked":["Double Energy","Streamline+1"],"picked":"Sweeping Beam+1","floor":19},{"not_picked":["Auto Shields","Turbo"],"picked":"Cold Snap+1","floor":20},{"not_picked":["Leap","Compile Driver+1"],"picked":"Steam+1","floor":21},{"not_picked":["Reprogram","Redo"],"picked":"Auto Shields","floor":22}],"player_experience":432871,"potions_floor_usage":[18,19,22,22,23],"damage_taken":[{"damage":7,"enemies":"Small Slimes","floor":1,"turns":3},{"damage":11,"enemies":"Jaw Worm","floor":2,"turns":4},{"damage":4,"enemies":"2 Louse","floor":5,"turns":3},{"damage":16,"enemies":"Lagavulin","floor":6,"turns":6},{"damage":23,"enemies":"Gremlin Nob","floor":10,"turns":4},{"damage":2,"enemies":"Exordium Wildlife","floor":12,"turns":3},{"damage":0,"enemies":"Slime Boss","floor":16,"turns":7},{"damage":20,"enemies":"Shell Parasite","floor":18,"turns":5},{"damage":28,"enemies":"Masked Bandits","floor":19,"turns":4},{"damage":0,"enemies":"3 Byrds","floor":20,"turns":2},{"damage":8,"enemies":"Centurion and Healer","floor":21,"turns":4},{"damage":20,"enemies":"Snake Plant","floor":22,"turns":5},{"damage":20,"enemies":"Slavers","floor":23,"turns":3}],"relics_obtained":[{"floor":6,"key":"Mummified Hand"},{"floor":9,"key":"Whetstone"},{"floor":10,"key":"Toolbox"},{"floor":17,"key":"Bag of Marbles"},{"floor":17,"key":"Molten Egg 2"},{"floor":17,"key":"Unceasing Top"},{"floor":19,"key":"Red Mask"}],"event_choices":[{"event_name":"Golden Wing","player_choice":"Card Removal","floor":3,"damage_taken":0},{"event_name":"Upgrade Shrine","player_choice":"Upgraded","floor":4,"damage_taken":0},{"event_name":"Big Fish","player_choice":"Banana","floor":8,"damage_taken":0},{"event_name":"Shining Light","player_choice":"Entered Light","floor":14,"damage_taken":0},{"event_name":"Masked Bandits","player_choice":"Fought over 140 gold","floor":19,"damage_taken":0}],"boss_relics":[{"not_picked":["Runic Pyramid","Lizard Tail"],"picked":"Calling Bell"}],"items_purged_floors":[],"potions_floor_spawned":[1,2,16,19,20,21],"seed_played":"5890784280858234006","killed_by":"Slavers","ascension_level":3,"potions_obtained":[{"floor":1,"key":"Dexterity Potion"},{"floor":2,"key":"Explosive Potion"},{"floor":16,"key":"EssenceOfSteel"},{"floor":19,"key":"FocusPotion"},{"floor":20,"key":"Dexterity Potion"},{"floor":21,"key":"Regen Potion"}],"is_trial":false}