{"gold_per_floor":[109,121,121,46,66,66,94,94,94,120,120,137,148,163,163,263,263,279,354,373,116,133,133,150,150,150,150],"floor_reached":27,"playtime":1193,"items_purged":["Strike_R","Strike_R"],"score":248,"play_id":"a996fe2f-fe3e-4b95-acb4-34465553f379","local_time":"20190108101653","is_ascension_mode":true,"campfire_choices":[{"data":"Bash","floor":6,"key":"SMITH"},{"floor":8,"key":"REST"},{"data":"Demon Form","floor":11,"key":"SMITH"},{"data":"Armaments","floor":15,"key":"SMITH"},{"data":"Barricade","floor":23,"key":"SMITH"},{"floor":25,"key":"REST"}],"neow_cost":"NONE","seed_source_timestamp":3109217497504,"circlet_count":0,"master_deck":["Strike_R","Strike_R","Strike_R","Defend_R","Defend_R","Defend_R","Defend_R","Bash+1","Blood for Blood","Evolve","Cleave","Demon Form+1","Armaments+1","Headbutt","Heavy Blade","Barricade+1","Spot Weakness","Shrug It Off","Pummel+1"],"relics":["Burning Blood","NeowsBlessing","Magic Flower","Turnip","Runic Cube","Blood Vial","Matryoshka"],"potions_floor_usage":[16,18,22,24,24],"damage_taken":[{"damage":0,"enemies":"Cultist","floor":1,"turns":1},{"damage":0,"enemies":"2 Louse","floor":2,"turns":1},{"damage":0,"enemies":"Jaw Worm","floor":5,"turns":1},{"damage":29,"enemies":"3 Sentries","floor":7,"turns":10},{"damage":20,"enemies":"Gremlin Nob","floor":10,"turns":4},{"damage":31,"enemies":"Exordium Thugs","floor":12,"turns":5},{"damage":7,"enemies":"3 Louse","floor":13,"turns":3},{"damage":3,"enemies":"2 Fungi Beasts","floor":14,"turns":4},{"damage":41,"enemies":"Hexaghost","floor":16,"turns":10},{"damage":19,"enemies":"3 Byrds","floor":18,"turns":3},{"damage":38,"enemies":"Shell Parasite","floor":20,"turns":10},{"damage":22,"enemies":"Cultist and Chosen","floor":22,"turns":6},{"damage":18,"enemies":"Sentry and Sphere","floor":24,"turns":11},{"damage":45,"enemies":"3 Cultists","floor":27,"turns":5}],"seed_played":"-40669732733116389","potions_obtained":[{"floor":1,"key":"LiquidBronze"},{"floor":2,"key":"BloodPotion"},{"floor":12,"key":"PowerPotion"},{"floor":16,"key":"SpeedPotion"},{"floor":18,"key":"FearPotion"}],"is_trial":false,"path_per_floor":["M","M","?","$","M","R","E","R","T","E","R","M","M","M","R","B",null,"M","?","M","$","M","R","M","R","T","M"],"character_chosen":"IRONCLAD","items_purchased":["Blood Vial"],"campfire_rested":2,"item_purchase_floors":[21],"current_hp_per_floor":[80,80,80,80,80,80,57,80,80,69,69,47,49,55,55,35,80,70,62,33,33,23,23,17,41,41,0],"gold":150,"neow_bonus":"THREE_ENEMY_KILL","is_prod":false,"is_daily":false,"chose_seed":false,"campfire_upgraded":4,"win_rate":0,"timestamp":1546910213,"path_taken":["M","M","?","$","?","R","E","R","T","E","R","M","M","M","R","BOSS","M","?","M","?","M","R","M","R","T","M"],"build_version":"2019-01-03v4","purchased_purges":2,"victory":false,"max_hp_per_floor":[80,80,80,80,80,80,80,80,80,80,80,80,80,80,80,80,80,80,80,80,80,80,80,80,80,80,80],"card_choices":[{"not_picked":["Reckless Charge","Iron Wave"],"picked":"Blood for Blood","floor":1},{"not_picked":["Havoc","Wild Strike"],"picked":"Evolve","floor":2},{"not_picked":["Thunderclap","Fire Breathing","Havoc"],"picked":"SKIP","floor":5},{"not_picked":["Warcry","Twin Strike"],"picked":"Cleave","floor":7},{"not_picked":["Pummel","Inflame"],"picked":"Demon Form","floor":10},{"not_picked":["Pummel","Iron Wave"],"picked":"Armaments","floor":12},{"not_picked":["Evolve","Warcry"],"picked":"Headbutt","floor":13},{"not_picked":["Iron Wave","Headbutt"],"picked":"Heavy Blade","floor":14},{"not_picked":["Immolate","Dark Embrace"],"picked":"Barricade","floor":16},{"not_picked":["Pommel Strike","Anger","Sword Boomerang"],"picked":"SKIP","floor":18},{"not_picked":["Wild Strike+1","Anger"],"picked":"Spot Weakness","floor":20},{"not_picked":["Second Wind+1","Sword Boomerang"],"picked":"Shrug It Off","floor":22},{"not_picked":["Shrug It Off","Pommel Strike"],"picked":"Pummel+1","floor":24}],"player_experience":166989,"relics_obtained":[{"floor":7,"key":"Magic Flower"},{"floor":10,"key":"Turnip"},{"floor":26,"key":"Matryoshka"}],"event_choices":[{"damage_healed":0,"gold_gain":0,"player_choice":"Bought 0 Potions","damage_taken":0,"max_hp_gain":0,"max_hp_loss":0,"event_name":"The Woman in Blue","floor":3,"gold_loss":0},{"damage_healed":0,"gold_gain":75,"player_choice":"Touch","damage_taken":8,"max_hp_gain":0,"max_hp_loss":0,"event_name":"FaceTrader","floor":19,"gold_loss":0}],"is_beta":false,"boss_relics":[{"not_picked":["Tiny House","Eternal Feather"],"picked":"Runic Cube"}],"items_purged_floors":[4,21],"is_endless":false,"potions_floor_spawned":[1,2,12,16,18],"killed_by":"3 Cultists","ascension_level":2}