{"path_per_floor":["M","M","?","M","?","R","?","R","T","R","M","M","$","?","R","B",null,"M","?","M","M","?","R","E","R","T","M","M","?","$","E","R","B",null,"M","?","M","M","$","R","E","M","T","M","E","R","M","M","R","B"],"character_chosen":"DEFECT","items_purchased":["Defragment+1","Shuriken","Rebound","Mind Blast","Storm+1","Leap","Ball Lightning"],"gold_per_floor":[15,30,30,43,43,43,43,43,43,43,67,80,3,3,3,132,132,148,248,264,277,277,277,318,318,342,357,375,290,19,60,60,185,185,203,203,222,246,21,21,60,83,107,125,161,161,184,209,209,209],"floor_reached":51,"campfire_rested":0,"playtime":4402,"item_purchase_floors":[],"current_hp_per_floor":[67,66,66,66,48,48,30,30,30,30,30,24,24,24,24,19,75,47,47,47,49,33,33,28,28,28,31,29,36,36,30,30,24,92,56,56,52,54,54,54,56,58,58,60,62,62,60,56,56,43],"items_purged":[],"gold":209,"score":962,"play_id":"8caab035-9e2d-44ec-902f-b398066f715f","local_time":"20180602100744","is_prod":false,"is_daily":false,"chose_seed":false,"is_ascension_mode":true,"campfire_upgraded":4,"win_rate":0,"timestamp":1527926864,"campfire_choices":[{"data":"Dualcast","floor":6.0,"key":"SMITH"},{"data":"Go for the Eyes","floor":8.0,"key":"SMITH"},{"floor":10.0,"key":"DIG"},{"floor":15.0,"key":"DIG"},{"floor":23.0,"key":"DIG"},{"floor":25.0,"key":"DIG"},{"data":"Consume","floor":32.0,"key":"SMITH"},{"data":"Mind Blast","floor":40.0,"key":"SMITH"},{"floor":46.0,"key":"DIG"},{"floor":49,"key":"DIG"}],"path_taken":["M","M","?","M","?","R","?","R","T","R","M","?","?","?","R","BOSS","M","?","M","?","?","R","E","R","T","?","M","?","$","E","R","BOSS","M","?","M","?","$","R","E","?","T","M","E","R","M","M","R","BOSS"],"build_version":"2018-05-31","seed_source_timestamp":1444520792715789,"purchased_purges":0,"victory":true,"master_deck":["Strike_B","Strike_B","Defend_B","Defend_B","Defend_B","Zap+1","Dualcast+1","Tempest","Conserve Battery","Go for the Eyes+1","Fusion","Lockon","Defragment+1","Buffer+1","Chill","Gash","Gash","Machine Learning+1","Go for the Eyes","Static Discharge+1","Go for the Eyes","Hologram+1","Consume+1","Melter","Leap+1","Rebound","Chaos+1","Creative AI+1","Stack","Hologram+1","Thunder Strike","Mind Blast+1","Storm+1","Leap","Ball Lightning","Auto Shields+1","Steam Power+1","Hologram+1","Coolheaded+1","Go for the Eyes+1","Machine Learning+1"],"max_hp_per_floor":[75,75,75,75,75,75,75,75,75,75,75,75,75,75,75,75,75,75,75,75,75,75,75,75,75,75,75,75,82,82,92,92,92,92,92,92,92,92,92,92,92,92,92,92,92,92,92,92,92,92],"relics":["Cracked Core","Pantograph","Golden Idol","Shovel","Frozen Egg 2","Meat on the Bone","Art of War","Orrery","Nilry\u0027s Codex","Question Card","Boot","Bag of Marbles","Blood Vial","Strawberry","Shuriken","Pear","Sozu","Regal Pillow","Lantern","Mercury Hourglass","Dead Branch","Toolbox"],"card_choices":[{"not_picked":["Stack","Rebound"],"picked":"Tempest","floor":1.0},{"not_picked":["Steam","Turbo"],"picked":"Conserve Battery","floor":2.0},{"not_picked":["Conserve Battery","Heatsinks"],"picked":"Go for the Eyes","floor":4.0},{"not_picked":["Conserve Battery","Compile Driver"],"picked":"Fusion","floor":11.0},{"not_picked":["Barrage","Double Energy"],"picked":"Lockon","floor":12.0},{"not_picked":["Thunder Strike","Hyperbeam"],"picked":"Buffer+1","floor":16.0},{"not_picked":["Go for the Eyes","Cold Snap"],"picked":"Chill","floor":17.0},{"not_picked":["Force Field","Ball Lightning"],"picked":"Gash","floor":17.0},{"not_picked":["Auto Shields","Chill"],"picked":"Gash","floor":17.0},{"not_picked":["Fusion","Stack"],"picked":"Machine Learning+1","floor":17.0},{"not_picked":["Compile Driver","Leap"],"picked":"Go for the Eyes","floor":17.0},{"not_picked":["Ball Lightning","Cold Snap"],"picked":"Static Discharge+1","floor":18.0},{"not_picked":["Storm+1","Sweeping Beam"],"picked":"Go for the Eyes","floor":20.0},{"not_picked":["Streamline+1","Ball Lightning"],"picked":"Hologram+1","floor":21.0},{"not_picked":["Conserve Battery","Steam Power","Coolheaded"],"picked":"Consume","floor":24.0},{"not_picked":["Rebound","Beam Cell","Barrage"],"picked":"Melter","floor":27.0},{"not_picked":["Turbo+1","Buffer+1","Hologram"],"picked":"Leap+1","floor":28.0},{"not_picked":["Compile Driver","Hologram","Go for the Eyes"],"picked":"Chaos+1","floor":31.0},{"not_picked":["Buffer+1","Core Surge","Seek"],"picked":"Creative AI+1","floor":33.0},{"not_picked":["Doom and Gloom","Cold Snap","Lockon+1"],"picked":"Stack","floor":35.0},{"not_picked":["Go for the Eyes+1","Static Discharge+1","Scrape+1"],"picked":"Hologram+1","floor":37.0},{"not_picked":["Streamline+1","Leap","Recycle+1"],"picked":"Thunder Strike","floor":38.0},{"not_picked":["Steam Power+1","Stack+1","Blizzard"],"picked":"Auto Shields+1","floor":41.0},{"not_picked":["Cold Snap","Stack","Hologram"],"picked":"Steam Power+1","floor":42.0},{"not_picked":["Auto Shields+1","Rebound","Blizzard+1"],"picked":"Hologram+1","floor":44.0},{"not_picked":["Go for the Eyes","Turbo","Storm+1"],"picked":"Coolheaded+1","floor":45.0},{"not_picked":["Scrape","Auto Shields","Reinforced Body"],"picked":"Go for the Eyes+1","floor":47.0},{"not_picked":["Redo+1","Streamline","Skim"],"picked":"Machine Learning+1","floor":48}],"player_experience":448934,"potions_floor_usage":[],"damage_taken":[{"damage":8.0,"enemies":"Jaw Worm","floor":1.0,"turns":4.0},{"damage":1.0,"enemies":"Cultist","floor":2.0,"turns":3.0},{"damage":0.0,"enemies":"Small Slimes","floor":4.0,"turns":3.0},{"damage":0.0,"enemies":"3 Louse","floor":11.0,"turns":3.0},{"damage":6.0,"enemies":"Large Slime","floor":12.0,"turns":7.0},{"damage":42.0,"enemies":"Slime Boss","floor":16.0,"turns":11.0},{"damage":40.0,"enemies":"2 Thieves","floor":18.0,"turns":5.0},{"damage":12.0,"enemies":"Shell Parasite","floor":20.0,"turns":4.0},{"damage":10.0,"enemies":"Snake Plant","floor":21.0,"turns":4.0},{"damage":17.0,"enemies":"Book of Stabbing","floor":24.0,"turns":4.0},{"damage":11.0,"enemies":"Sentry and Sphere","floor":27.0,"turns":3.0},{"damage":16.0,"enemies":"3 Cultists","floor":28.0,"turns":4.0},{"damage":30.0,"enemies":"Gremlin Leader","floor":31.0,"turns":5.0},{"damage":45.0,"enemies":"Automaton","floor":33.0,"turns":9.0},{"damage":48.0,"enemies":"3 Shapes","floor":35.0,"turns":5.0},{"damage":25.0,"enemies":"3 Darklings","floor":37.0,"turns":8.0},{"damage":0.0,"enemies":"4 Shapes","floor":38.0,"turns":9.0},{"damage":0.0,"enemies":"Nemesis","floor":41.0,"turns":7.0},{"damage":0.0,"enemies":"Maw","floor":42.0,"turns":6.0},{"damage":0.0,"enemies":"Sphere and 2 Shapes","floor":44.0,"turns":3.0},{"damage":0.0,"enemies":"Giant Head","floor":45.0,"turns":7.0},{"damage":4.0,"enemies":"4 Shapes","floor":47.0,"turns":2.0},{"damage":6,"enemies":"Maw","floor":48,"turns":6},{"damage":52,"enemies":"Time Eater","floor":50,"turns":10}],"relics_obtained":[{"floor":9.0,"key":"Shovel"},{"floor":10.0,"key":"Frozen Egg 2"},{"floor":15.0,"key":"Art of War"},{"floor":22.0,"key":"Nilry\u0027s Codex"},{"floor":23.0,"key":"Question Card"},{"floor":24.0,"key":"Boot"},{"floor":25.0,"key":"Bag of Marbles"},{"floor":26.0,"key":"Blood Vial"},{"floor":31.0,"key":"Pear"},{"floor":41.0,"key":"Regal Pillow"},{"floor":43.0,"key":"Lantern"},{"floor":45.0,"key":"Mercury Hourglass"},{"floor":46.0,"key":"Dead Branch"},{"floor":49,"key":"Toolbox"}],"event_choices":[{"event_name":"Accursed Blacksmith","player_choice":"Forge","floor":3.0,"damage_taken":0.0},{"event_name":"Scrap Ooze","player_choice":"success","floor":5.0,"damage_taken":18.0},{"event_name":"Golden Idol","player_choice":"Take Damage","floor":7.0,"damage_taken":0.0},{"event_name":"Wheel of Change","player_choice":"Relic","floor":14.0,"damage_taken":0.0},{"event_name":"Golden Shrine","player_choice":"Pray","floor":19.0,"damage_taken":0.0},{"event_name":"Cursed Tome","player_choice":"Obtained Book","floor":22.0,"damage_taken":0.0},{"event_name":"Addict","player_choice":"Obtained Relic","floor":29.0,"damage_taken":0.0}],"boss_relics":[],"items_purged_floors":[],"potions_floor_spawned":[2,16,18,27,28,33,35,41,42,44],"seed_played":"3927785185633084074","ascension_level":4,"potions_obtained":[{"floor":2.0,"key":"Strength Potion"},{"floor":16.0,"key":"EssenceOfSteel"},{"floor":18.0,"key":"EssenceOfSteel"},{"floor":27.0,"key":"Poison Potion"},{"floor":28.0,"key":"SpeedPotion"},{"floor":33.0,"key":"EssenceOfSteel"}],"is_trial":false}