{"gold_per_floor":[115,65,75,75,85,96,114,130,130,148,160,227,227,242,242,242],"floor_reached":16,"playtime":435,"items_purged":[],"score":98,"play_id":"b5d337c5-160c-4536-b62b-68ceb7f2b296","local_time":"20190304230821","is_ascension_mode":false,"campfire_choices":[{"floor":13,"key":"REST"},{"data":"Genetic Algorithm","floor":15,"key":"SMITH"}],"neow_cost":"PERCENT_DAMAGE","seed_source_timestamp":375280030176601,"circlet_count":0,"master_deck":["Strike_B","Strike_B","Strike_B","Defend_B","Defend_B","Defend_B","Defend_B","Zap","Dualcast","Genetic Algorithm+1","Strike_B","Leap","Gash","Cold Snap","Meteor Strike","Scrape","Leap","White Noise"],"relics":["Cracked Core","StoneCalendar","Meat on the Bone"],"potions_floor_usage":[11,11],"damage_taken":[{"damage":1,"enemies":"Jaw Worm","floor":1,"turns":3},{"damage":6,"enemies":"Small Slimes","floor":3,"turns":3},{"damage":1,"enemies":"Cultist","floor":5,"turns":3},{"damage":27,"enemies":"Gremlin Gang","floor":6,"turns":7},{"damage":4,"enemies":"Blue Slaver","floor":7,"turns":4},{"damage":0,"enemies":"2 Fungi Beasts","floor":8,"turns":5},{"damage":0,"enemies":"Looter","floor":10,"turns":4},{"damage":12,"enemies":"Large Slime","floor":11,"turns":7},{"damage":2,"enemies":"Blue Slaver","floor":14,"turns":4},{"damage":0,"enemies":"The Guardian","floor":16,"turns":1}],"seed_played":"-6881426971042504299","potions_obtained":[{"floor":1,"key":"SneckoOil"},{"floor":5,"key":"Swift Potion"},{"floor":7,"key":"Ancient Potion"},{"floor":14,"key":"AttackPotion"}],"is_trial":false,"path_per_floor":["M","?","M","?","M","M","M","M","T","M","M","?","R","M","R","B"],"character_chosen":"DEFECT","items_purchased":[],"campfire_rested":1,"item_purchase_floors":[],"current_hp_per_floor":[53,53,47,47,46,19,15,15,15,27,27,27,49,47,47,47],"gold":242,"neow_bonus":"ONE_RARE_RELIC","is_prod":false,"is_daily":false,"chose_seed":false,"campfire_upgraded":1,"win_rate":0,"timestamp":1551737301,"path_taken":["M","?","M","?","?","M","M","?","T","M","M","?","R","M","R","BOSS"],"build_version":"2019-01-23","purchased_purges":0,"victory":false,"max_hp_per_floor":[75,75,75,75,75,75,75,75,75,75,75,75,75,75,75,75],"card_choices":[{"not_picked":["Recycle","Conserve Battery"],"picked":"Genetic Algorithm","floor":1},{"not_picked":["Go for the Eyes","FTL"],"picked":"Conserve Battery","floor":3},{"not_picked":["Turbo","Barrage"],"picked":"Leap","floor":5},{"not_picked":["Doom and Gloom","Leap"],"picked":"Gash","floor":6},{"not_picked":["Barrage","Storm"],"picked":"Cold Snap","floor":7},{"not_picked":["Doom and Gloom","Recycle"],"picked":"Meteor Strike","floor":8},{"not_picked":["Recycle","Turbo"],"picked":"Scrape","floor":10},{"not_picked":["Streamline","Storm"],"picked":"Leap","floor":11},{"not_picked":["Storm","Rebound"],"picked":"White Noise","floor":14}],"player_experience":821568,"relics_obtained":[{"floor":9,"key":"Meat on the Bone"}],"event_choices":[{"cards_removed":["Strike_B"],"damage_healed":0,"gold_gain":0,"player_choice":"Card Removal","damage_taken":0,"max_hp_gain":0,"max_hp_loss":0,"event_name":"The Cleric","floor":2,"gold_loss":50},{"cards_removed":["Conserve Battery"],"damage_healed":0,"gold_gain":0,"player_choice":"Took Card","damage_taken":0,"max_hp_gain":0,"max_hp_loss":0,"event_name":"NoteForYourself","floor":4,"gold_loss":0,"cards_obtained":["Strike_B"]},{"damage_healed":0,"gold_gain":67,"player_choice":"Gained Gold","damage_taken":0,"max_hp_gain":0,"max_hp_loss":0,"event_name":"Golden Wing","floor":12,"gold_loss":0}],"is_beta":false,"boss_relics":[],"items_purged_floors":[],"is_endless":false,"potions_floor_spawned":[1,5,7,10,14],"killed_by":"The Guardian","ascension_level":0}