{"gold_per_floor":[109,124,49,49,65,95,107,152,219,258,270,282],"floor_reached":12,"playtime":415,"items_purged":["Strike_R"],"score":178,"play_id":"7a6915e9-74ce-4e24-a075-5c0b94a53151","local_time":"20190126164018","is_ascension_mode":true,"campfire_choices":[{"data":"Uppercut","floor":7,"key":"SMITH"}],"neow_cost":"TEN_PERCENT_HP_LOSS","seed_source_timestamp":749881291461811,"circlet_count":0,"master_deck":["AscendersBane","Strike_R","Strike_R","Strike_R","Strike_R","Defend_R","Defend_R","Defend_R","Defend_R","Bash","Shrug It Off","Uppercut+1","Regret","Iron Wave","Blood for Blood"],"relics":["Burning Blood","Torii","Pantograph","MawBank","Ice Cream","Art of War","Pen Nib"],"potions_floor_usage":[8],"damage_taken":[{"damage":2,"enemies":"Small Slimes","floor":1,"turns":4},{"damage":1,"enemies":"Cultist","floor":2,"turns":4},{"damage":6,"enemies":"Jaw Worm","floor":5,"turns":5},{"damage":32,"enemies":"Gremlin Nob","floor":6,"turns":5},{"damage":10,"enemies":"3 Sentries","floor":8,"turns":11},{"damage":28,"enemies":"Gremlin Nob","floor":10,"turns":5},{"damage":17,"enemies":"Exordium Thugs","floor":12,"turns":3}],"seed_played":"9050546706620621542","potions_obtained":[{"floor":6,"key":"Energy Potion"},{"floor":8,"key":"LiquidBronze"},{"floor":10,"key":"SteroidPotion"},{"floor":11,"key":"Ancient Potion"}],"is_trial":false,"path_per_floor":["M","M","$","?","M","E","R","E","T","E","?","M"],"character_chosen":"IRONCLAD","items_purchased":[],"campfire_rested":0,"item_purchase_floors":[],"current_hp_per_floor":[68,68,68,68,68,42,42,38,38,16,16,0],"gold":282,"neow_bonus":"ONE_RARE_RELIC","is_prod":false,"is_daily":false,"chose_seed":false,"campfire_upgraded":1,"win_rate":0,"timestamp":1548538818,"path_taken":["M","M","$","?","M","E","R","E","T","E","?","?"],"build_version":"2019-01-23","purchased_purges":1,"victory":false,"max_hp_per_floor":[68,68,68,68,68,68,68,68,68,68,68,68],"card_choices":[{"not_picked":["Battle Trance","Anger"],"picked":"Shrug It Off","floor":1},{"not_picked":["Burning Pact","Thunderclap"],"picked":"Uppercut","floor":2},{"not_picked":["Pommel Strike","Clothesline","Heavy Blade"],"picked":"SKIP","floor":5},{"not_picked":["Seeing Red","Warcry"],"picked":"Iron Wave","floor":6},{"not_picked":["Flex","Infernal Blade","Warcry"],"picked":"SKIP","floor":8},{"not_picked":["Havoc","Ghostly Armor"],"picked":"Blood for Blood","floor":10}],"player_experience":474212,"relics_obtained":[{"floor":6,"key":"MawBank"},{"floor":8,"key":"Ice Cream"},{"floor":9,"key":"Art of War"},{"floor":10,"key":"Pen Nib"}],"event_choices":[{"damage_healed":0,"gold_gain":0,"player_choice":"Box","damage_taken":0,"relics_obtained":["Pantograph"],"max_hp_gain":0,"max_hp_loss":0,"event_name":"Big Fish","floor":4,"gold_loss":0,"cards_obtained":["Regret"]},{"damage_healed":0,"gold_gain":0,"player_choice":"Got Potions","damage_taken":0,"max_hp_gain":0,"max_hp_loss":0,"event_name":"Lab","floor":11,"gold_loss":0}],"is_beta":false,"boss_relics":[],"items_purged_floors":[3],"is_endless":false,"potions_floor_spawned":[6,8,10],"killed_by":"Exordium Thugs","ascension_level":17}