{"path_per_floor":["M","?","$","T","M","E","R","M","T","E","?","M","M","M","R"],"character_chosen":"DEFECT","items_purchased":["Capacitor","Conserve Battery","Leap"],"gold_per_floor":[216,216,48,48,59,88,88,103,126,154,229,243,263,274,274,274],"floor_reached":16,"campfire_rested":1,"playtime":651,"item_purchase_floors":[3,3,3],"current_hp_per_floor":[73,73,73,73,73,60,60,60,60,21,10,6,6,5,27,0],"items_purged":[],"gold":274,"score":123,"play_id":"87ffd3d5-8800-4ca3-9d4b-93cf6020ee25","local_time":"20180621162303","is_prod":false,"is_daily":false,"chose_seed":false,"is_ascension_mode":true,"campfire_upgraded":1,"win_rate":0,"timestamp":1529623383,"campfire_choices":[{"data":"Zap","floor":7,"key":"SMITH"},{"floor":15,"key":"REST"}],"path_taken":["M","?","$","?","?","E","R","M","T","E","?","M","M","?","R","BOSS"],"build_version":"2018-06-14v2","seed_source_timestamp":665587162295058,"purchased_purges":0,"victory":false,"master_deck":["Strike_B","Strike_B","Strike_B","Defend_B","Defend_B","Defend_B","Defend_B","Zap+1","Dualcast","Coolheaded","Capacitor","Conserve Battery","Leap","Cold Snap","Streamline"],"max_hp_per_floor":[75,75,75,75,75,75,75,75,75,75,75,75,75,75,75,75],"relics":["Cracked Core","Ornamental Fan","Anchor","Potion Belt","Bronze Scales"],"card_choices":[{"not_picked":["FTL","Steam"],"picked":"Coolheaded","floor":1},{"not_picked":["Streamline","Hologram"],"picked":"Cold Snap","floor":5},{"not_picked":["Rebound","Fission","Rip and Tear"],"picked":"SKIP","floor":6},{"not_picked":["Steam","Stack","Leap"],"picked":"SKIP","floor":8},{"not_picked":["Cold Snap","Steam","White Noise"],"picked":"SKIP","floor":10},{"not_picked":["Static Discharge","Barrage","White Noise"],"picked":"SKIP","floor":12},{"not_picked":["Aggregate","Darkness"],"picked":"Streamline","floor":13},{"not_picked":["Coolheaded","Lockon","Steam"],"picked":"SKIP","floor":14}],"player_experience":208680,"potions_floor_usage":[12,12,12],"damage_taken":[{"damage":2,"enemies":"Small Slimes","floor":1,"turns":3},{"damage":0,"enemies":"Cultist","floor":5,"turns":4},{"damage":13,"enemies":"Lagavulin","floor":6,"turns":10},{"damage":0,"enemies":"2 Louse","floor":8,"turns":3},{"damage":39,"enemies":"Gremlin Nob","floor":10,"turns":6},{"damage":4,"enemies":"Exordium Thugs","floor":12,"turns":4},{"damage":0,"enemies":"Looter","floor":13,"turns":3},{"damage":1,"enemies":"Blue Slaver","floor":14,"turns":4},{"damage":29,"enemies":"Slime Boss","floor":16,"turns":7}],"relics_obtained":[{"floor":4,"key":"Ornamental Fan"},{"floor":6,"key":"Anchor"},{"floor":9,"key":"Potion Belt"},{"floor":10,"key":"Bronze Scales"}],"event_choices":[{"event_name":"Purifier","player_choice":"One Purge","floor":2,"damage_taken":0},{"event_name":"World of Goop","player_choice":"Gather Gold","floor":11,"damage_taken":0}],"boss_relics":[],"items_purged_floors":[],"is_endless":false,"potions_floor_spawned":[1,5,10,12,13],"seed_played":"-5220782115361728669","killed_by":"Slime Boss","ascension_level":2,"potions_obtained":[{"floor":1,"key":"PowerPotion"},{"floor":5,"key":"Block Potion"},{"floor":10,"key":"SkillPotion"},{"floor":12,"key":"Fire Potion"},{"floor":13,"key":"Poison Potion"}],"is_trial":false}