{"gold_per_floor":[109,34,34,34,59,59,84,159,159,159,159,159,173,207,207,207],"floor_reached":16,"playtime":237,"items_purged":[],"score":226,"play_id":"5c057867-68ad-481b-ae1f-596edf7670b9","local_time":"20190226100121","is_ascension_mode":true,"campfire_choices":[{"data":"Armaments","floor":6,"key":"SMITH"},{"data":"Bash","floor":10,"key":"SMITH"},{"data":"Defend_R","floor":12,"key":"SMITH"},{"floor":15,"key":"DIG"}],"neow_cost":"NONE","seed_source_timestamp":526199184549328,"circlet_count":0,"master_deck":["AscendersBane","Strike_R","Strike_R","Strike_R","Strike_R","Defend_R+1","Defend_R","Defend_R","Defend_R","Bash+1","Armaments+1"],"relics":["Burning Blood","NeowsBlessing","Ornamental Fan","Self Forming Clay","Smiling Mask","Juzu Bracelet","Sundial","Shovel","Shuriken"],"potions_floor_usage":[16],"damage_taken":[{"damage":0,"enemies":"Cultist","floor":1,"turns":1},{"damage":0,"enemies":"3 Sentries","floor":7,"turns":2},{"damage":0,"enemies":"Small Slimes","floor":13,"turns":1},{"damage":33,"enemies":"Gremlin Nob","floor":14,"turns":5},{"damage":66,"enemies":"The Guardian","floor":16,"turns":8}],"seed_played":"-6105620563273640743","potions_obtained":[{"floor":1,"key":"Dexterity Potion"},{"floor":7,"key":"BloodPotion"}],"is_trial":false,"path_per_floor":["M","?","?","?","T","R","E","?","T","R","?","R","M","E","R","B"],"character_chosen":"IRONCLAD","items_purchased":[],"campfire_rested":0,"item_purchase_floors":[],"current_hp_per_floor":[74,74,69,69,69,69,75,64,64,64,57,57,63,36,36,0],"gold":207,"neow_bonus":"THREE_ENEMY_KILL","is_prod":false,"is_daily":false,"chose_seed":false,"campfire_upgraded":3,"win_rate":0,"timestamp":1551204081,"path_taken":["M","?","?","?","?","R","E","?","T","R","?","R","M","E","R","BOSS"],"build_version":"2019-01-23","purchased_purges":0,"victory":false,"max_hp_per_floor":[75,75,75,75,75,75,75,75,75,75,75,75,75,75,75,75],"card_choices":[{"not_picked":["Rupture","Warcry"],"picked":"Armaments","floor":1},{"not_picked":["Cleave","Rupture","Wild Strike"],"picked":"SKIP","floor":7},{"not_picked":["Second Wind","Clash","Twin Strike"],"picked":"SKIP","floor":13},{"not_picked":["Flex","Wild Strike","Reckless Charge"],"picked":"SKIP","floor":14}],"player_experience":531505,"relics_obtained":[{"floor":5,"key":"Smiling Mask"},{"floor":7,"key":"Juzu Bracelet"},{"floor":9,"key":"Sundial"},{"floor":14,"key":"Shovel"},{"floor":15,"key":"Shuriken"}],"event_choices":[{"cards_removed":["Strike_R"],"damage_healed":0,"gold_gain":0,"player_choice":"Card Removal","damage_taken":0,"max_hp_gain":0,"max_hp_loss":0,"event_name":"The Cleric","floor":2,"gold_loss":75},{"damage_healed":0,"gold_gain":0,"player_choice":"Success","damage_taken":5,"relics_obtained":["Ornamental Fan"],"max_hp_gain":0,"max_hp_loss":0,"event_name":"Scrap Ooze","floor":3,"gold_loss":0},{"damage_healed":0,"gold_gain":0,"player_choice":"Box","damage_taken":0,"relics_obtained":["Self Forming Clay"],"max_hp_gain":0,"max_hp_loss":0,"event_name":"Big Fish","floor":4,"gold_loss":0,"cards_obtained":["Regret"]},{"damage_healed":0,"gold_gain":75,"player_choice":"Gather Gold","damage_taken":11,"max_hp_gain":0,"max_hp_loss":0,"event_name":"World of Goop","floor":8,"gold_loss":0},{"cards_removed":["Regret"],"damage_healed":0,"gold_gain":0,"player_choice":"Card Removal","damage_taken":7,"max_hp_gain":0,"max_hp_loss":0,"event_name":"Golden Wing","floor":11,"gold_loss":0}],"is_beta":false,"boss_relics":[],"items_purged_floors":[],"is_endless":false,"potions_floor_spawned":[1,7,14],"killed_by":"The Guardian","ascension_level":15}