{"gold_per_floor":[112,122,47,47,66,95,95,127,127,142,142,154,165,165,165,264,264,204,204,204,204,204,204,204,204,204,104,104,104,104,7,7,7],"floor_reached":33,"playtime":1648,"items_purged":["Strike_R","Strike_R"],"score":444,"play_id":"e7c82f49-1125-4b78-9cfd-7c73cb8a43f5","local_time":"20190109120008","is_ascension_mode":true,"campfire_choices":[{"data":"Ghostly Armor","floor":7,"key":"SMITH"},{"data":"Body Slam","floor":15,"key":"SMITH"},{"floor":25,"key":"REST"},{"data":"Metallicize","floor":28,"key":"SMITH"},{"data":"Body Slam","floor":32,"key":"SMITH"}],"neow_cost":"NONE","seed_source_timestamp":1675034713436117,"circlet_count":0,"master_deck":["AscendersBane","Strike_R","Strike_R","Strike_R","Defend_R","Defend_R","Defend_R","Defend_R","Bash","Ghostly Armor+1","Metallicize+1","Intimidate","Body Slam+1","Double Tap","Iron Wave","Flame Barrier","Inflame","RitualDagger","Flame Barrier","Body Slam+1"],"relics":["Burning Blood","NeowsBlessing","Strawberry","FossilizedHelix","Mercury Hourglass","Kunai","Ectoplasm","Regal Pillow","Frozen Egg 2"],"potions_floor_usage":[6,8,8,8,10,19,23,23,31,33,33],"damage_taken":[{"damage":0,"enemies":"Jaw Worm","floor":1,"turns":1},{"damage":0,"enemies":"Cultist","floor":2,"turns":1},{"damage":0,"enemies":"Small Slimes","floor":5,"turns":2},{"damage":34,"enemies":"3 Sentries","floor":6,"turns":18},{"damage":13,"enemies":"Lagavulin","floor":8,"turns":10},{"damage":9,"enemies":"Gremlin Gang","floor":10,"turns":5},{"damage":9,"enemies":"3 Louse","floor":12,"turns":3},{"damage":0,"enemies":"Exordium Wildlife","floor":13,"turns":4},{"damage":55,"enemies":"Slime Boss","floor":16,"turns":17},{"damage":11,"enemies":"2 Thieves","floor":18,"turns":4},{"damage":8,"enemies":"3 Byrds","floor":19,"turns":6},{"damage":28,"enemies":"Snake Plant","floor":21,"turns":5},{"damage":12,"enemies":"Gremlin Leader","floor":23,"turns":7},{"damage":22,"enemies":"Shelled Parasite and Fungi","floor":24,"turns":8},{"damage":33,"enemies":"Cultist and Chosen","floor":29,"turns":9},{"damage":0,"enemies":"3 Cultists","floor":30,"turns":6},{"damage":56,"enemies":"Champ","floor":33,"turns":11}],"seed_played":"-5420220401670748840","potions_obtained":[{"floor":1,"key":"EssenceOfSteel"},{"floor":4,"key":"Dexterity Potion"},{"floor":4,"key":"EntropicBrew"},{"floor":10,"key":"SteroidPotion"},{"floor":12,"key":"EssenceOfSteel"},{"floor":16,"key":"Block Potion"},{"floor":19,"key":"Strength Potion"},{"floor":21,"key":"EssenceOfSteel"},{"floor":24,"key":"Poison Potion"}],"is_trial":false,"path_per_floor":["M","M","$","?","M","E","R","E","T","M","?","M","M","?","R","B",null,"M","M","?","M","?","E","M","R","T","$","R","M","M","$","R","B"],"character_chosen":"IRONCLAD","items_purchased":["Fruit Juice"],"campfire_rested":1,"item_purchase_floors":[31],"current_hp_per_floor":[78,80,80,80,80,59,59,52,52,65,97,94,97,97,97,48,85,80,78,78,56,50,44,28,72,72,72,72,45,51,56,56,0],"gold":7,"neow_bonus":"THREE_ENEMY_KILL","is_prod":false,"is_daily":false,"chose_seed":false,"campfire_upgraded":4,"win_rate":0,"timestamp":1547053208,"path_taken":["M","M","$","?","?","E","R","E","T","M","?","?","M","?","R","BOSS","M","?","?","M","?","E","M","R","T","$","R","M","M","$","R","BOSS"],"build_version":"2019-01-03v4","purchased_purges":2,"victory":false,"max_hp_per_floor":[80,80,80,80,80,87,87,87,87,87,97,97,97,97,97,97,97,97,97,97,97,97,97,97,97,97,97,97,97,97,102,102,102],"card_choices":[{"not_picked":["Sword Boomerang","Armaments"],"picked":"Ghostly Armor","floor":1},{"not_picked":["Anger","True Grit","Sword Boomerang"],"picked":"SKIP","floor":2},{"not_picked":["True Grit","Havoc"],"picked":"Metallicize","floor":5},{"not_picked":["Corruption","Searing Blow"],"picked":"Intimidate","floor":6},{"not_picked":["Heavy Blade","Clash"],"picked":"Reaper","floor":8},{"not_picked":["Twin Strike","Perfected Strike","Heavy Blade"],"picked":"SKIP","floor":10},{"not_picked":["Battle Trance","Twin Strike"],"picked":"Body Slam","floor":12},{"not_picked":["Uppercut","Sword Boomerang","Intimidate"],"picked":"SKIP","floor":13},{"not_picked":["Bludgeon","Juggernaut"],"picked":"Double Tap","floor":16},{"not_picked":["Whirlwind","Pommel Strike+1"],"picked":"Iron Wave","floor":18},{"not_picked":["Rampage","Clothesline+1"],"picked":"Flame Barrier","floor":19},{"not_picked":["Corruption","Rage+1"],"picked":"Inflame","floor":21},{"not_picked":["Warcry","Shrug It Off"],"picked":"Flame Barrier","floor":23},{"not_picked":["Bloodletting","Shockwave","Cleave"],"picked":"SKIP","floor":24},{"not_picked":["Bloodletting","Shockwave","Cleave"],"picked":"SKIP","floor":24},{"not_picked":["Pummel","True Grit","Havoc"],"picked":"SKIP","floor":29},{"not_picked":["Iron Wave","Shrug It Off"],"picked":"Body Slam","floor":30}],"player_experience":358044,"relics_obtained":[{"floor":6,"key":"Strawberry"},{"floor":8,"key":"FossilizedHelix"},{"floor":9,"key":"Mercury Hourglass"},{"floor":23,"key":"Regal Pillow"},{"floor":26,"key":"Frozen Egg 2"}],"event_choices":[{"damage_healed":0,"gold_gain":0,"player_choice":"Got Potions","damage_taken":0,"max_hp_gain":0,"max_hp_loss":0,"event_name":"Lab","floor":4,"gold_loss":0},{"cards_removed":["Reaper"],"damage_healed":22,"gold_gain":0,"player_choice":"Offered Rare","damage_taken":0,"max_hp_gain":10,"max_hp_loss":0,"event_name":"Bonfire Elementals","floor":11,"gold_loss":0},{"damage_healed":0,"gold_gain":0,"player_choice":"Gave Potion","damage_taken":0,"relics_obtained":["Kunai"],"max_hp_gain":0,"max_hp_loss":0,"event_name":"WeMeetAgain","floor":14,"gold_loss":0},{"damage_healed":0,"gold_gain":0,"player_choice":"Ignored","damage_taken":0,"max_hp_gain":0,"max_hp_loss":0,"event_name":"Ghosts","floor":20,"gold_loss":0},{"damage_healed":0,"gold_gain":0,"player_choice":"Joined the Cult","damage_taken":6,"max_hp_gain":0,"max_hp_loss":0,"event_name":"Nest","floor":22,"gold_loss":0,"cards_obtained":["RitualDagger"]}],"is_beta":false,"boss_relics":[{"not_picked":["Empty Cage","Lizard Tail"],"picked":"Ectoplasm"}],"items_purged_floors":[3,27],"is_endless":false,"potions_floor_spawned":[1,10,12,16,18,19,21,24],"killed_by":"Champ","ascension_level":10}