{"gold_per_floor":[362,362,381,381,381,417,435,435,462,149,196,219,219,259,259,379,379,353,377,397,33,33,67,67,108,134,134,134,154,154,40,40,165,165,184,184,184,199,3,34,50,50,75,75,75,95,114,132,132,132,132,132,30,73,73],"floor_reached":56,"playtime":5332,"items_purged":["Strike_R","Defend_R"],"score":1323,"play_id":"9c5c417c-9ad4-4593-9875-c1376246867a","local_time":"20190223050057","is_ascension_mode":false,"campfire_choices":[{"data":"Shrug It Off","floor":8,"key":"SMITH"},{"data":"True Grit","floor":13,"key":"SMITH"},{"data":"Body Slam","floor":15,"key":"SMITH"},{"floor":24,"key":"REST"},{"data":"Apotheosis","floor":27,"key":"SMITH"},{"data":"Barricade","floor":32,"key":"SMITH"},{"floor":42,"key":"RECALL"},{"data":"Metallicize","floor":45,"key":"SMITH"},{"data":"Impervious","floor":49,"key":"SMITH"},{"data":"Shrug It Off","floor":52,"key":"SMITH"}],"neow_cost":"PERCENT_DAMAGE","seed_source_timestamp":50607960578095,"circlet_count":0,"master_deck":["Strike_R","Defend_R","Defend_R","Defend_R","Bash","Shrug It Off+1","Iron Wave","Clothesline","Shrug It Off+1","True Grit+1","Body Slam+1","Metallicize+1","Offering","Barricade+1","Headbutt","Apotheosis+1","Offering","Sword Boomerang","Battle Trance+1","Impervious+1","Uppercut+1"],"relics":["Burning Blood","Ancient Tea Set","Golden Idol","Blood Vial","Pantograph","Orichalcum","Mercury Hourglass","Black Star","Membership Card","Red Skull","Centennial Puzzle","Bottled Tornado","Boot","Sundial","Happy Flower","Gremlin Horn","Omamori","Coffee Dripper","Bronze Scales","PreservedInsect","Singing Bowl","Ice Cream","Juzu Bracelet","Pen Nib","Kunai","Vajra"],"potions_floor_usage":[6,14,16,18,20,55,55,55],"damage_taken":[{"damage":3,"enemies":"Cultist","floor":1,"turns":5},{"damage":0,"enemies":"Small Slimes","floor":3,"turns":3},{"damage":26,"enemies":"3 Sentries","floor":6,"turns":13},{"damage":0,"enemies":"Jaw Worm","floor":7,"turns":4},{"damage":0,"enemies":"Exordium Wildlife","floor":12,"turns":3},{"damage":4,"enemies":"Gremlin Nob","floor":14,"turns":3},{"damage":37,"enemies":"Hexaghost","floor":16,"turns":15},{"damage":14,"enemies":"2 Thieves","floor":18,"turns":5},{"damage":8,"enemies":"3 Byrds","floor":19,"turns":6},{"damage":37,"enemies":"3 Cultists","floor":20,"turns":8},{"damage":35,"enemies":"Slavers","floor":23,"turns":5},{"damage":12,"enemies":"Book of Stabbing","floor":25,"turns":6},{"damage":12,"enemies":"Cultist and Chosen","floor":29,"turns":4},{"damage":13,"enemies":"Champ","floor":33,"turns":10},{"damage":6,"enemies":"Orb Walker","floor":35,"turns":3},{"damage":12,"enemies":"3 Darklings","floor":38,"turns":4},{"damage":14,"enemies":"Reptomancer","floor":40,"turns":6},{"damage":12,"enemies":"Sphere and 2 Shapes","floor":41,"turns":4},{"damage":6,"enemies":"4 Shapes","floor":46,"turns":3},{"damage":20,"enemies":"Transient","floor":47,"turns":5},{"damage":6,"enemies":"Maw","floor":48,"turns":5},{"damage":6,"enemies":"Time Eater","floor":50,"turns":11},{"damage":29,"enemies":"Shield and Spear","floor":54,"turns":3},{"damage":30,"enemies":"The Heart","floor":55,"turns":11}],"seed_played":"8766358863576778027","potions_obtained":[{"floor":2,"key":"Block Potion"},{"floor":2,"key":"Weak Potion"},{"floor":2,"key":"Ancient Potion"},{"floor":3,"key":"SkillPotion"},{"floor":7,"key":"Ancient Potion"},{"floor":12,"key":"Fire Potion"},{"floor":16,"key":"Block Potion"},{"floor":23,"key":"Energy Potion"},{"floor":33,"key":"Poison Potion"},{"floor":46,"key":"Ancient Potion"},{"floor":47,"key":"SteroidPotion"},{"floor":48,"key":"Weak Potion"}],"is_trial":false,"path_per_floor":["M","?","M","?","?","E","M","R","T","$","T","M","R","E","R","B",null,"M","M","M","$","?","E","R","E","T","R","?","M","?","$","R","B",null,"M","?","?","M","$","E","M","R","T","?","R","M","M","M","R","B",null,"R","$","E","B",null],"character_chosen":"IRONCLAD","items_purchased":["True Grit","Pantograph","Body Slam","Membership Card","Red Skull","Apotheosis","Omamori","Bronze Scales","PreservedInsect","Pen Nib","AttackPotion"],"campfire_rested":1,"item_purchase_floors":[10,10,10,21,21,21,31,39,39,53,53],"current_hp_per_floor":[59,59,65,47,47,27,35,35,35,35,35,43,43,47,47,43,80,72,72,43,43,43,16,40,36,36,36,36,32,32,32,32,52,80,80,80,80,74,74,70,66,66,66,66,66,70,60,64,64,88,88,88,88,67,66],"gold":73,"neow_bonus":"TWO_FIFTY_GOLD","is_prod":false,"is_daily":false,"chose_seed":false,"campfire_upgraded":8,"win_rate":0,"timestamp":1550926857,"path_taken":["M","?","?","?","?","E","M","R","T","$","?","M","R","E","R","BOSS","M","M","M","$","?","E","R","E","T","R","?","?","?","?","R","BOSS","M","?","?","M","$","E","M","R","T","?","R","M","M","M","R","BOSS","R","$","E","BOSS"],"build_version":"2019-01-23","purchased_purges":2,"victory":true,"max_hp_per_floor":[80,80,80,80,80,80,80,80,80,80,80,80,80,80,80,80,80,80,80,80,80,80,80,80,80,80,80,80,80,80,80,80,80,80,80,80,80,80,80,82,82,82,82,82,82,84,86,88,88,88,88,88,88,90,90],"card_choices":[{"not_picked":["Sword Boomerang","Seeing Red"],"picked":"Shrug It Off","floor":1},{"not_picked":["Twin Strike","Clash"],"picked":"Iron Wave","floor":3},{"not_picked":["Hemokinesis","Anger"],"picked":"Clothesline","floor":6},{"not_picked":["Flex","Disarm"],"picked":"Shrug It Off","floor":7},{"not_picked":["Second Wind","Thunderclap"],"picked":"Metallicize","floor":12},{"not_picked":["Rampage","Armaments"],"picked":"Offering","floor":14},{"not_picked":["Demon Form","Berserk"],"picked":"Barricade","floor":16},{"not_picked":["Thunderclap+1","Cleave"],"picked":"Headbutt","floor":18},{"not_picked":["Perfected Strike","Spot Weakness","Seeing Red"],"picked":"SKIP","floor":19},{"not_picked":["Cleave","Wild Strike","Heavy Blade"],"picked":"SKIP","floor":20},{"not_picked":["Seeing Red","Evolve"],"picked":"Battle Trance+1","floor":23},{"not_picked":["Dropkick","Corruption","Armaments"],"picked":"SKIP","floor":25},{"not_picked":["Cleave+1","Pommel Strike+1","Armaments"],"picked":"SKIP","floor":29},{"not_picked":["Exhume","Brutality"],"picked":"Impervious","floor":33},{"not_picked":["Dual Wield","Wild Strike","Clothesline"],"picked":"SKIP","floor":35},{"not_picked":["Twin Strike","Flex","Fire Breathing+1"],"picked":"SKIP","floor":38},{"not_picked":["Feel No Pain+1","Flex+1","Headbutt"],"picked":"Singing Bowl","floor":40},{"not_picked":["Fire Breathing+1","Perfected Strike"],"picked":"Uppercut+1","floor":41},{"not_picked":["Clash+1","Inflame","Ghostly Armor"],"picked":"Singing Bowl","floor":46},{"not_picked":["Combust+1","True Grit","Headbutt+1"],"picked":"Singing Bowl","floor":47},{"not_picked":["Wild Strike","Reckless Charge","Inflame"],"picked":"Singing Bowl","floor":48},{"not_picked":["Uppercut","Metallicize","Cleave"],"picked":"Singing Bowl","floor":54}],"player_experience":472874,"relics_obtained":[{"floor":6,"key":"Blood Vial"},{"floor":11,"key":"Orichalcum"},{"floor":14,"key":"Mercury Hourglass"},{"floor":23,"key":"Centennial Puzzle"},{"floor":23,"key":"Bottled Tornado"},{"floor":25,"key":"Boot"},{"floor":25,"key":"Sundial"},{"floor":26,"key":"Happy Flower"},{"floor":40,"key":"Singing Bowl"},{"floor":40,"key":"Ice Cream"},{"floor":43,"key":"Juzu Bracelet"},{"floor":54,"key":"Kunai"},{"floor":54,"key":"Vajra"}],"event_choices":[{"damage_healed":0,"gold_gain":0,"player_choice":"Got Potions","damage_taken":0,"max_hp_gain":0,"max_hp_loss":0,"event_name":"Lab","floor":2,"gold_loss":0},{"damage_healed":0,"gold_gain":0,"player_choice":"Success","damage_taken":18,"relics_obtained":["Ancient Tea Set"],"max_hp_gain":0,"max_hp_loss":0,"event_name":"Scrap Ooze","floor":4,"gold_loss":0},{"damage_healed":0,"gold_gain":0,"player_choice":"Take Wound","damage_taken":0,"relics_obtained":["Golden Idol"],"max_hp_gain":0,"max_hp_loss":0,"event_name":"Golden Idol","floor":5,"gold_loss":0,"cards_obtained":["Injury"]},{"damage_healed":0,"gold_gain":0,"cards_transformed":["Strike_R","Strike_R"],"player_choice":"Became Test Subject","damage_taken":0,"max_hp_gain":0,"max_hp_loss":0,"event_name":"Drug Dealer","floor":22,"gold_loss":0,"cards_obtained":["Offering","Sword Boomerang"]},{"damage_healed":0,"gold_gain":0,"player_choice":"Gave Potion","damage_taken":0,"relics_obtained":["Gremlin Horn"],"max_hp_gain":0,"max_hp_loss":0,"event_name":"WeMeetAgain","floor":28,"gold_loss":0},{"cards_removed":["Injury"],"damage_healed":0,"gold_gain":0,"player_choice":"Removed Curses","damage_taken":0,"max_hp_gain":0,"max_hp_loss":0,"event_name":"Fountain of Cleansing","floor":30,"gold_loss":0},{"damage_healed":0,"gold_gain":0,"player_choice":"Memory 1","damage_taken":0,"max_hp_gain":0,"max_hp_loss":0,"event_name":"SensoryStone","floor":36,"gold_loss":0},{"damage_healed":0,"gold_gain":0,"player_choice":"Full Heal","damage_taken":0,"max_hp_gain":0,"max_hp_loss":0,"event_name":"Wheel of Change","floor":37,"gold_loss":0},{"cards_removed":["Strike_R"],"damage_healed":0,"gold_gain":0,"player_choice":"Offered Basic","damage_taken":0,"max_hp_gain":0,"max_hp_loss":0,"event_name":"Bonfire Elementals","floor":44,"gold_loss":0}],"is_beta":false,"boss_relics":[{"not_picked":["Tiny House","Pandora\u0027s Box"],"picked":"Black Star"},{"not_picked":["Orrery","Eternal Feather"],"picked":"Coffee Dripper"}],"items_purged_floors":[31,39],"is_endless":false,"potions_floor_spawned":[3,7,12,16,23,33,46,47,48],"ascension_level":0}