{"gold_per_floor":[360,360,378,392,68,68,68,68,68,92,92,107,128,143,143,143],"floor_reached":16,"playtime":652,"items_purged":[],"score":118,"play_id":"3c50a901-461f-4add-92bf-e95186213452","local_time":"20190210184123","is_ascension_mode":true,"campfire_choices":[{"data":"Zap","floor":6.0,"key":"SMITH"},{"data":"Dualcast","floor":8.0,"key":"SMITH"},{"floor":11,"key":"REST"},{"floor":15,"key":"REST"}],"neow_cost":"PERCENT_DAMAGE","seed_source_timestamp":0,"circlet_count":0,"master_deck":["Strike_B","Strike_B","Strike_B","Strike_B","Defend_B","Defend_B","Defend_B","Defend_B","Zap+1","Dualcast+1","Capacitor","FTL","Self Repair","Conserve Battery","Coolheaded"],"special_seed":0,"relics":["Cracked Core","Golden Idol","Runic Capacitor","Gambling Chip"],"potions_floor_usage":[14,16],"damage_taken":[{"damage":0.0,"enemies":"2 Louse","floor":1.0,"turns":2.0},{"damage":0.0,"enemies":"Small Slimes","floor":3.0,"turns":3.0},{"damage":6.0,"enemies":"Cultist","floor":4.0,"turns":3.0},{"damage":9.0,"enemies":"Looter","floor":10.0,"turns":4.0},{"damage":14,"enemies":"Exordium Wildlife","floor":12,"turns":5},{"damage":8,"enemies":"Large Slime","floor":13,"turns":5},{"damage":42,"enemies":"Gremlin Gang","floor":14,"turns":5},{"damage":36,"enemies":"Slime Boss","floor":16,"turns":3}],"seed_played":"4651785815659849180","potions_obtained":[{"floor":7.0,"key":"Dexterity Potion"},{"floor":7.0,"key":"Energy Potion"},{"floor":7.0,"key":"Ancient Potion"},{"floor":12,"key":"Dexterity Potion"},{"floor":13,"key":"Regen Potion"}],"is_trial":false,"path_per_floor":["M","?","M","M","$","R","?","R","T","M","R","M","M","M","R","B"],"character_chosen":"DEFECT","items_purchased":["Runic Capacitor","Self Repair","Conserve Battery"],"campfire_rested":2,"item_purchase_floors":[5,5,5],"current_hp_per_floor":[54,36,36,30,30,30,30,30,30,28,50,43,42,14,36,0],"gold":143,"neow_bonus":"TWO_FIFTY_GOLD","is_prod":false,"is_daily":false,"chose_seed":false,"campfire_upgraded":2,"win_rate":0,"timestamp":1549852883,"path_taken":["M","?","M","M","$","R","?","R","T","M","R","M","?","M","R","BOSS"],"build_version":"2019-01-23","purchased_purges":0,"victory":false,"max_hp_per_floor":[75,75,75,75,75,75,75,75,75,75,75,75,75,75,75,75],"card_choices":[{"not_picked":["Redo","Hologram"],"picked":"Capacitor","floor":1.0},{"not_picked":["Turbo","Skim","Rebound"],"picked":"SKIP","floor":3.0},{"not_picked":["Lockon","Conserve Battery"],"picked":"FTL","floor":4.0},{"not_picked":["Fusion","Auto Shields","Redo"],"picked":"SKIP","floor":10.0},{"not_picked":["Static Discharge","White Noise","Chaos"],"picked":"SKIP","floor":12},{"not_picked":["Steam","Redo"],"picked":"Coolheaded","floor":13},{"not_picked":["Streamline","Steam","Heatsinks"],"picked":"SKIP","floor":14}],"player_experience":330541,"relics_obtained":[{"floor":9.0,"key":"Gambling Chip"}],"event_choices":[{"damage_healed":0.0,"max_hp_gain":0.0,"max_hp_loss":0.0,"gold_gain":0.0,"event_name":"Golden Idol","player_choice":"Take Damage","floor":2.0,"gold_loss":0.0,"damage_taken":18.0,"relics_obtained":["Golden Idol"]},{"damage_healed":0.0,"max_hp_gain":0.0,"max_hp_loss":0.0,"gold_gain":0.0,"event_name":"Lab","player_choice":"Got Potions","floor":7.0,"gold_loss":0.0,"damage_taken":0.0}],"is_beta":false,"boss_relics":[],"items_purged_floors":[],"is_endless":false,"potions_floor_spawned":[10,12,13],"killed_by":"Slime Boss","ascension_level":5}