{"gold_per_floor":[116,41,53,228,228,255,255,265,317,317,317,317,23,58,58,188,188,207,207,227,227,52,52,76,100,100,133,170,182,218,246,258,270],"floor_reached":33,"playtime":1849,"items_purged":["Shame","Doubt"],"score":296,"play_id":"24aa051f-e9ca-4fcd-99ee-2180108d2cf8","local_time":"20181205150915","is_ascension_mode":true,"campfire_choices":[{"data":"Neutralize","floor":7,"key":"SMITH"},{"floor":10,"key":"REST"},{"floor":15,"key":"REST"},{"data":"Panache","floor":23,"key":"SMITH"},{"floor":29,"key":"REST"},{"floor":32,"key":"REST"}],"neow_cost":"CURSE","seed_source_timestamp":414744321606515,"circlet_count":0,"master_deck":["Defend_G","Defend_G","Defend_G","Defend_G","Defend_G","Strike_G","Strike_G","Strike_G","Strike_G","Strike_G","Survivor+1","Neutralize+1","Underhanded Strike","Acrobatics","Injury","Unload","Riddle With Holes","Venomology+1","Dagger Spray","Dagger Throw+1","Tools of the Trade","Panache+1","Outmaneuver","Concentrate","Acrobatics","Prepared+1","Dash","Infinite Blades+1"],"relics":["Ring of the Snake","Lantern","Blood Vial","Golden Idol","Boot","Velvet Choker","MawBank"],"potions_floor_usage":[6,16,18,20,20,25,27,30,30,31,33,33,33],"damage_taken":[{"damage":1,"enemies":"Cultist","floor":1,"turns":4},{"damage":0,"enemies":"Small Slimes","floor":3,"turns":3},{"damage":51,"enemies":"Gremlin Nob","floor":6,"turns":7},{"damage":1,"enemies":"Jaw Worm","floor":8,"turns":3},{"damage":41,"enemies":"Lagavulin","floor":14,"turns":7},{"damage":44,"enemies":"The Guardian","floor":16,"turns":13},{"damage":14,"enemies":"2 Thieves","floor":18,"turns":3},{"damage":6,"enemies":"Spheric Guardian","floor":20,"turns":3},{"damage":18,"enemies":"Snake Plant","floor":24,"turns":4},{"damage":6,"enemies":"3 Cultists","floor":25,"turns":3},{"damage":28,"enemies":"Snecko","floor":27,"turns":4},{"damage":0,"enemies":"Chosen and Byrds","floor":28,"turns":4},{"damage":9,"enemies":"Cultist and Chosen","floor":30,"turns":4},{"damage":27,"enemies":"Snecko","floor":31,"turns":4},{"damage":61,"enemies":"Champ","floor":33,"turns":11}],"seed_played":"7725113526789465773","potions_obtained":[{"floor":3,"key":"Block Potion"},{"floor":8,"key":"AttackPotion"},{"floor":16,"key":"Strength Potion"},{"floor":25,"key":"EssenceOfSteel"},{"floor":27,"key":"GamblersBrew"},{"floor":28,"key":"LiquidBronze"},{"floor":30,"key":"Regen Potion"}],"is_trial":false,"path_per_floor":["M","$","M","?","?","E","R","M","T","R","?","?","$","E","R","B",null,"M","?","M","?","$","R","M","M","T","M","M","R","M","M","R","B"],"character_chosen":"THE_SILENT","items_purchased":["Unload","Explosive Potion","Panache"],"campfire_rested":4,"item_purchase_floors":[13,13,22],"current_hp_per_floor":[83,83,83,83,84,33,33,32,32,57,57,57,57,18,43,1,84,70,70,66,66,66,66,50,46,46,20,22,47,40,15,40,0],"gold":270,"neow_bonus":"TWENTY_PERCENT_HP_BONUS","is_prod":false,"is_daily":false,"chose_seed":false,"campfire_upgraded":2,"win_rate":0,"timestamp":1544040555,"path_taken":["M","$","M","?","?","E","R","?","T","R","?","?","?","E","R","BOSS","M","?","?","?","$","R","?","M","T","M","M","R","M","M","R","BOSS"],"build_version":"2018-11-15","purchased_purges":2,"victory":false,"max_hp_per_floor":[84,84,84,84,84,84,84,84,84,84,84,84,84,84,84,84,84,84,84,84,84,84,84,84,84,84,84,84,84,84,84,84,84],"card_choices":[{"not_picked":["Catalyst","Flying Knee"],"picked":"Choke","floor":1},{"not_picked":["Poisoned Stab","Flying Knee"],"picked":"Quick Slash","floor":3},{"not_picked":["Backstab","Dagger Spray"],"picked":"Underhanded Strike","floor":6},{"not_picked":["Quick Slash","Caltrops"],"picked":"Acrobatics","floor":8},{"not_picked":["Accuracy","Bane"],"picked":"Riddle With Holes","floor":14},{"not_picked":["Storm of Steel","Die Die Die"],"picked":"Venomology","floor":16},{"not_picked":["Dagger Throw","Footwork"],"picked":"Dagger Spray","floor":18},{"not_picked":["Quick Slash","Deadly Poison"],"picked":"Dagger Throw+1","floor":20},{"not_picked":["Sucker Punch","Bane+1"],"picked":"Outmaneuver","floor":24},{"not_picked":["Acrobatics+1","Calculated Gamble+1"],"picked":"Concentrate","floor":25},{"not_picked":["Bouncing Flask","Deadly Poison"],"picked":"Acrobatics","floor":27},{"not_picked":["Finisher","Flying Knee"],"picked":"Prepared+1","floor":28},{"not_picked":["Noxious Fumes","PiercingWail"],"picked":"Dash","floor":30},{"not_picked":["Burst","Poisoned Stab+1"],"picked":"Infinite Blades+1","floor":31}],"player_experience":278965,"relics_obtained":[{"floor":6,"key":"Lantern"},{"floor":9,"key":"Blood Vial"},{"floor":14,"key":"Boot"},{"floor":26,"key":"MawBank"}],"event_choices":[{"damage_healed":0,"gold_gain":175,"player_choice":"AGREE","damage_taken":0,"max_hp_gain":0,"max_hp_loss":0,"event_name":"Liars Game","floor":4,"gold_loss":0,"cards_obtained":["Doubt"]},{"cards_removed":["Choke"],"damage_healed":1,"gold_gain":0,"player_choice":"Offered Uncommon","damage_taken":0,"max_hp_gain":0,"max_hp_loss":0,"event_name":"Bonfire Elementals","floor":5,"gold_loss":0},{"damage_healed":0,"gold_gain":0,"player_choice":"Take Wound","damage_taken":0,"relics_obtained":["Golden Idol"],"max_hp_gain":0,"max_hp_loss":0,"event_name":"Golden Idol","floor":11,"gold_loss":0,"cards_obtained":["Injury"]},{"damage_healed":0,"gold_gain":0,"player_choice":"Grow","damage_taken":0,"max_hp_gain":0,"max_hp_loss":0,"event_name":"Living Wall","floor":12,"gold_loss":0,"cards_upgraded":["Survivor"]},{"damage_healed":0,"gold_gain":0,"player_choice":"Upgraded","damage_taken":0,"max_hp_gain":0,"max_hp_loss":0,"event_name":"Upgrade Shrine","floor":19,"gold_loss":0,"cards_upgraded":["Venomology"]},{"damage_healed":0,"gold_gain":0,"cards_transformed":["Quick Slash"],"player_choice":"Transformed","damage_taken":0,"max_hp_gain":0,"max_hp_loss":0,"event_name":"Transmorgrifier","floor":21,"gold_loss":0,"cards_obtained":["Tools of the Trade"]}],"is_beta":false,"boss_relics":[{"not_picked":["WristBlade","Coffee Dripper"],"picked":"Velvet Choker"}],"items_purged_floors":[2,13],"is_endless":false,"potions_floor_spawned":[3,8,16,25,27,28,30],"killed_by":"Champ","ascension_level":3}