{"gold_per_floor":[368,368,73,73,86,86,119,129,183,216,234,234,50,63,63,164,164,149,74,94,165,180,180,197,197,197,197,217,217,227,241,241,338,338,349,349,364,364,364,364],"floor_reached":40,"playtime":1739,"items_purged":["Doubt","Strike_B"],"score":637,"play_id":"e3961180-22f8-4020-adb3-b2418c0b8456","local_time":"20190130152707","is_ascension_mode":true,"campfire_choices":[{"data":"Dualcast","floor":6,"key":"SMITH"},{"data":"Loop","floor":15,"key":"SMITH"},{"data":"Echo Form","floor":23,"key":"SMITH"},{"data":"Buffer","floor":25,"key":"SMITH"},{"floor":27,"key":"REST"},{"data":"Recycle","floor":29,"key":"SMITH"},{"data":"Lockon","floor":32,"key":"SMITH"}],"neow_cost":"CURSE","seed_source_timestamp":1089797593261355,"circlet_count":0,"master_deck":["AscendersBane","Strike_B+1","Defend_B","Defend_B","Defend_B","Defend_B","Zap","Dualcast+1","Auto Shields+1","Ball Lightning","Loop+1","Lockon+1","Auto Shields","Go for the Eyes","Cold Snap","Flash of Steel","Conserve Battery","Echo Form+1","Recycle+1","Shame","Buffer+1","Doubt","Redo+1","Tempest+1","Fusion+1","Fission+1","Consume+1","Capacitor","Cold Snap+1","Clumsy"],"relics":["Cracked Core","ClockworkSouvenir","Bag of Marbles","Tiny Chest","Shuriken","Cursed Key","Toxic Egg 2","Darkstone Periapt","Inserter"],"potions_floor_usage":[7,7,10,16,22,30,33,35,40],"damage_taken":[{"damage":0,"enemies":"2 Louse","floor":1,"turns":2},{"damage":6,"enemies":"Cultist","floor":5,"turns":3},{"damage":17,"enemies":"3 Sentries","floor":7,"turns":7},{"damage":0,"enemies":"Jaw Worm","floor":8,"turns":3},{"damage":9,"enemies":"Gremlin Nob","floor":10,"turns":4},{"damage":8,"enemies":"Exordium Thugs","floor":11,"turns":3},{"damage":0,"enemies":"3 Louse","floor":14,"turns":2},{"damage":6,"enemies":"Hexaghost","floor":16,"turns":9},{"damage":6,"enemies":"2 Thieves","floor":18,"turns":4},{"damage":3,"enemies":"Shell Parasite","floor":20,"turns":6},{"damage":16,"enemies":"Snecko","floor":22,"turns":6},{"damage":8,"enemies":"Centurion and Healer","floor":24,"turns":7},{"damage":2,"enemies":"Shelled Parasite and Fungi","floor":28,"turns":7},{"damage":1,"enemies":"Chosen and Byrds","floor":30,"turns":6},{"damage":0,"enemies":"Centurion and Healer","floor":31,"turns":6},{"damage":39,"enemies":"Champ","floor":33,"turns":11},{"damage":36,"enemies":"3 Darklings","floor":35,"turns":4},{"damage":6,"enemies":"Orb Walker","floor":37,"turns":4},{"damage":29,"enemies":"Nemesis","floor":40,"turns":3}],"seed_played":"-3920010509594913848","potions_obtained":[{"floor":1,"key":"Strength Potion"},{"floor":4,"key":"Block Potion"},{"floor":7,"key":"PowerPotion"},{"floor":10,"key":"SpeedPotion"},{"floor":16,"key":"Block Potion"},{"floor":20,"key":"Poison Potion"},{"floor":28,"key":"AttackPotion"},{"floor":31,"key":"Explosive Potion"},{"floor":33,"key":"SkillPotion"},{"floor":37,"key":"Dexterity Potion"}],"is_trial":false,"path_per_floor":["M","?","$","?","M","R","E","M","T","E","M","?","$","M","R","B",null,"M","?","M","T","M","R","M","R","T","R","M","R","M","M","R","B",null,"M","?","M","?","T","E"],"character_chosen":"DEFECT","items_purchased":["ClockworkSouvenir","Ball Lightning","Flash of Steel"],"campfire_rested":1,"item_purchase_floors":[3,3,13],"current_hp_per_floor":[68,73,73,73,67,67,50,50,50,41,33,17,17,17,17,11,63,57,57,54,54,38,38,30,30,30,54,52,52,51,51,51,12,63,27,27,21,21,27,0],"gold":364,"neow_bonus":"TWO_FIFTY_GOLD","is_prod":false,"is_daily":false,"chose_seed":false,"campfire_upgraded":6,"win_rate":0,"timestamp":1548880027,"path_taken":["M","?","$","?","?","R","E","M","T","E","M","?","$","M","R","BOSS","M","?","M","?","M","R","M","R","T","R","?","R","M","M","R","BOSS","M","?","?","?","?","E"],"build_version":"2019-01-23","purchased_purges":2,"victory":false,"max_hp_per_floor":[75,80,80,80,80,80,80,80,80,80,80,80,80,80,80,80,80,80,80,80,80,80,80,80,80,80,80,80,80,80,80,80,80,80,80,80,80,80,86,86],"card_choices":[{"not_picked":["Go for the Eyes","Gash"],"picked":"Auto Shields","floor":1},{"not_picked":["Leap","Conserve Battery"],"picked":"Loop","floor":5},{"not_picked":["Leap","Scrape"],"picked":"Lockon","floor":7},{"not_picked":["Sweeping Beam","Hello World"],"picked":"Auto Shields","floor":8},{"not_picked":["Rebound","Reinforced Body"],"picked":"Go for the Eyes","floor":10},{"not_picked":["Leap","Doom and Gloom"],"picked":"Cold Snap","floor":11},{"not_picked":["Coolheaded","Compile Driver"],"picked":"Conserve Battery","floor":14},{"not_picked":["Buffer","Rainbow"],"picked":"Echo Form","floor":16},{"not_picked":["Genetic Algorithm","Doom and Gloom"],"picked":"Recycle","floor":18},{"not_picked":["Coolheaded","Barrage","Stack"],"picked":"SKIP","floor":20},{"not_picked":["Cold Snap","Barrage","Beam Cell+1"],"picked":"SKIP","floor":22},{"not_picked":["Gash","Recycle+1"],"picked":"Buffer","floor":24},{"not_picked":["Reprogram+1","Gash"],"picked":"Redo+1","floor":28},{"not_picked":["Go for the Eyes","FTL"],"picked":"Tempest+1","floor":30},{"not_picked":["Go for the Eyes","Cold Snap"],"picked":"Fusion+1","floor":31},{"not_picked":["Multi-Cast+1","Amplify+1"],"picked":"Fission+1","floor":33},{"not_picked":["Ball Lightning","Gash"],"picked":"Consume+1","floor":35},{"not_picked":["Leap+1","Sweeping Beam"],"picked":"Cold Snap+1","floor":37}],"player_experience":577685,"relics_obtained":[{"floor":7,"key":"Bag of Marbles"},{"floor":9,"key":"Tiny Chest"},{"floor":10,"key":"Shuriken"},{"floor":21,"key":"Toxic Egg 2"},{"floor":26,"key":"Darkstone Periapt"}],"event_choices":[{"damage_healed":0,"gold_gain":0,"player_choice":"Donut","damage_taken":0,"max_hp_gain":5,"max_hp_loss":0,"event_name":"Big Fish","floor":2,"gold_loss":0},{"damage_healed":0,"gold_gain":0,"player_choice":"Got Potions","damage_taken":0,"max_hp_gain":0,"max_hp_loss":0,"event_name":"Lab","floor":4,"gold_loss":0},{"damage_healed":0,"gold_gain":0,"player_choice":"Entered Light","damage_taken":16,"max_hp_gain":0,"max_hp_loss":0,"event_name":"Shining Light","floor":12,"gold_loss":0,"cards_upgraded":["Strike_B","Auto Shields"]},{"cards_removed":["Strike_B"],"damage_healed":0,"gold_gain":0,"player_choice":"Gave Gold","damage_taken":0,"max_hp_gain":0,"max_hp_loss":0,"event_name":"Beggar","floor":19,"gold_loss":75},{"damage_healed":0,"gold_gain":0,"cards_transformed":["Strike_B"],"player_choice":"Transformed","damage_taken":0,"max_hp_gain":0,"max_hp_loss":0,"event_name":"Transmorgrifier","floor":36,"gold_loss":0,"cards_obtained":["Capacitor"]},{"damage_healed":0,"gold_gain":0,"player_choice":"Ignored","damage_taken":0,"max_hp_gain":0,"max_hp_loss":0,"event_name":"Tomb of Lord Red Mask","floor":38,"gold_loss":0}],"is_beta":false,"boss_relics":[{"not_picked":["Pandora\u0027s Box","Eternal Feather"],"picked":"Cursed Key"},{"not_picked":["Lizard Tail","Black Star"],"picked":"Inserter"}],"items_purged_floors":[3,13],"is_endless":false,"potions_floor_spawned":[1,7,10,16,20,28,31,33,37],"killed_by":"Nemesis","ascension_level":12}