{"gold_per_floor":[113,113,124,49,49,49,76,94,94,123,133,133],"floor_reached":12,"playtime":379,"items_purged":["Defend_B"],"score":141,"play_id":"93897ac2-4280-4c2d-82c3-531d1775a4f7","local_time":"20190110220159","is_ascension_mode":true,"campfire_choices":[{"data":"Defragment","floor":6,"key":"SMITH"}],"neow_cost":"NONE","seed_source_timestamp":101313690197209,"circlet_count":0,"master_deck":["Strike_B","Strike_B","Strike_B","Defend_B","Defend_B","Defend_B","Zap","Dualcast","Steam","Defragment+1","Chaos","Chaos"],"relics":["Cracked Core","NeowsBlessing","Sundial","Ancient Tea Set","Art of War","Matryoshka"],"potions_floor_usage":[11],"damage_taken":[{"damage":0,"enemies":"2 Louse","floor":1,"turns":1},{"damage":0,"enemies":"Cultist","floor":3,"turns":1},{"damage":0,"enemies":"Gremlin Nob","floor":7,"turns":1},{"damage":6,"enemies":"Small Slimes","floor":8,"turns":4},{"damage":14,"enemies":"Lagavulin","floor":10,"turns":6},{"damage":34,"enemies":"Gremlin Gang","floor":11,"turns":4},{"damage":21,"enemies":"3 Sentries","floor":12,"turns":4}],"seed_played":"7509084789817660877","potions_obtained":[{"floor":1,"key":"Block Potion"},{"floor":10,"key":"LiquidBronze"},{"floor":11,"key":"Poison Potion"}],"is_trial":false,"path_per_floor":["M","?","M","$","?","R","E","M","T","E","M","E"],"character_chosen":"DEFECT","items_purchased":[],"campfire_rested":0,"item_purchase_floors":[],"current_hp_per_floor":[75,75,75,75,75,75,75,69,69,55,21,0],"gold":133,"neow_bonus":"THREE_ENEMY_KILL","is_prod":false,"is_daily":false,"chose_seed":false,"campfire_upgraded":1,"win_rate":0,"timestamp":1547175719,"path_taken":["M","?","?","$","?","R","E","M","T","E","M","E"],"build_version":"2019-01-03v4","purchased_purges":1,"victory":false,"max_hp_per_floor":[75,75,75,75,75,75,75,75,75,75,75,75],"card_choices":[{"not_picked":["Fusion","Beam Cell"],"picked":"Steam","floor":1},{"not_picked":["Stack","Cold Snap"],"picked":"Defragment","floor":3},{"not_picked":["FTL","Go for the Eyes","Beam Cell"],"picked":"SKIP","floor":7},{"not_picked":["Go for the Eyes","Blizzard","Beam Cell"],"picked":"SKIP","floor":8},{"not_picked":["Scrape","Capacitor"],"picked":"Chaos","floor":10},{"not_picked":["Rip and Tear","Gash"],"picked":"Chaos","floor":11}],"player_experience":366143,"relics_obtained":[{"floor":7,"key":"Ancient Tea Set"},{"floor":9,"key":"Art of War"},{"floor":10,"key":"Matryoshka"}],"event_choices":[{"cards_removed":["Strike_B"],"damage_healed":0,"gold_gain":0,"player_choice":"Purged","damage_taken":0,"max_hp_gain":0,"max_hp_loss":0,"event_name":"Purifier","floor":2,"gold_loss":0},{"damage_healed":0,"gold_gain":0,"player_choice":"Gave Potion","damage_taken":0,"relics_obtained":["Sundial"],"max_hp_gain":0,"max_hp_loss":0,"event_name":"WeMeetAgain","floor":5,"gold_loss":0}],"is_beta":false,"boss_relics":[],"items_purged_floors":[4],"is_endless":false,"potions_floor_spawned":[1,10,11],"killed_by":"3 Sentries","ascension_level":5}