{"gold_per_floor":[17,17,17,36,46,80,80,91,91,16,28,28],"floor_reached":12,"playtime":570,"items_purged":["Strike_R"],"score":96,"play_id":"e89d245a-78a8-4dec-a9da-b725f949f2ba","local_time":"20181120192919","is_ascension_mode":true,"campfire_choices":[{"data":"Limit Break","floor":7,"key":"SMITH"}],"neow_cost":"NO_GOLD","seed_source_timestamp":500633692708136,"circlet_count":0,"master_deck":["Strike_R","Strike_R","Strike_R","Defend_R","Defend_R","Defend_R","Defend_R","Bash","Limit Break","Warcry","Flex","Limit Break+1","Warcry","Heavy Blade","Heavy Blade"],"relics":["Burning Blood","Bag of Preparation","Lantern"],"potions_floor_usage":[6,6,12,12],"damage_taken":[{"damage":11,"enemies":"Small Slimes","floor":1,"turns":5},{"damage":1,"enemies":"Cultist","floor":4,"turns":3},{"damage":12,"enemies":"2 Louse","floor":5,"turns":3},{"damage":30,"enemies":"3 Sentries","floor":6,"turns":9},{"damage":25,"enemies":"Lots of Slimes","floor":8,"turns":5},{"damage":10,"enemies":"Exordium Wildlife","floor":11,"turns":5},{"damage":60,"enemies":"Lagavulin","floor":12,"turns":7}],"seed_played":"-7022211029852277581","potions_obtained":[{"floor":3,"key":"SmokeBomb"},{"floor":3,"key":"FairyPotion"},{"floor":3,"key":"Explosive Potion"},{"floor":4,"key":"PowerPotion"},{"floor":6,"key":"FearPotion"},{"floor":11,"key":"BloodPotion"}],"is_trial":false,"path_per_floor":["M","?","?","M","M","E","R","M","T","$","M","E"],"character_chosen":"IRONCLAD","items_purchased":[],"campfire_rested":0,"item_purchase_floors":[],"current_hp_per_floor":[75,68,68,73,67,43,43,24,24,24,20,0],"gold":28,"neow_bonus":"THREE_RARE_CARDS","is_prod":false,"is_daily":false,"chose_seed":false,"campfire_upgraded":1,"win_rate":0,"timestamp":1542760159,"path_taken":["M","?","?","M","M","E","R","M","T","$","M","E"],"build_version":"2018-11-15","purchased_purges":1,"victory":false,"max_hp_per_floor":[80,80,80,80,80,80,80,80,80,80,80,80],"card_choices":[{"not_picked":["Offering","Exhume"],"picked":"Limit Break","floor":0},{"not_picked":["Clothesline","Flame Barrier"],"picked":"Warcry","floor":1},{"not_picked":["True Grit","Shrug It Off"],"picked":"Flex","floor":4},{"not_picked":["Clash","Armaments"],"picked":"Limit Break","floor":5},{"not_picked":["Shockwave","Clash"],"picked":"Warcry","floor":6},{"not_picked":["Havoc","Pommel Strike"],"picked":"Heavy Blade","floor":8},{"not_picked":["Berserk","Body Slam"],"picked":"Heavy Blade","floor":11}],"player_experience":262905,"relics_obtained":[{"floor":6,"key":"Bag of Preparation"},{"floor":9,"key":"Lantern"}],"event_choices":[{"cards_removed":["Strike_R"],"damage_healed":0,"gold_gain":0,"player_choice":"Card Removal","damage_taken":7,"max_hp_gain":0,"max_hp_loss":0,"event_name":"Golden Wing","floor":2,"gold_loss":0},{"damage_healed":0,"gold_gain":0,"player_choice":"Got Potions","damage_taken":0,"max_hp_gain":0,"max_hp_loss":0,"event_name":"Lab","floor":3,"gold_loss":0}],"is_beta":false,"boss_relics":[],"items_purged_floors":[10],"is_endless":false,"potions_floor_spawned":[4,6,11],"killed_by":"Lagavulin","ascension_level":4}