{"gold_per_floor":[19,34,34,134,150,150,180,180,180,180,190,216,231,181,181,280,280,300,300,300,399,414,414,425,445,445,445,445,456,456,469,469,567,567,584,584,584,584,684,715,727,744,744,757,788,788,823,837,837,837,837,837,1,33,33],"floor_reached":56,"playtime":4257,"items_purged":["Strike_R"],"score":1478,"play_id":"a6fa7723-043a-4062-b133-21541b8e1f54","local_time":"20190108231546","is_ascension_mode":true,"campfire_choices":[{"data":"Intimidate","floor":6.0,"key":"SMITH"},{"floor":8.0,"key":"REST"},{"floor":10.0,"key":"RECALL"},{"floor":15.0,"key":"REST"},{"floor":23.0,"key":"REST"},{"data":"Corruption","floor":30.0,"key":"SMITH"},{"floor":32.0,"key":"REST"},{"data":"Barricade","floor":46.0,"key":"SMITH"},{"floor":49.0,"key":"REST"},{"data":"Body Slam","floor":52.0,"key":"SMITH"}],"neow_cost":"NO_GOLD","seed_source_timestamp":7472356875350,"circlet_count":0,"master_deck":["Strike_R","Defend_R","Defend_R","Defend_R","Defend_R","Bash","Rupture","Disarm","Twin Strike","Clash","Intimidate+1","Evolve","Rage","Inflame","Burning Pact","Heavy Blade","Corruption+1","Double Tap","Body Slam","Body Slam","Necronomicurse","Second Wind","Ghostly Armor","Battle Trance","Battle Trance","Reaper","Sever Soul","Havoc","Warcry+1","Barricade+1","Shrug It Off+1","Body Slam+1","Parasite","Impervious+1","Body Slam+1","Impervious+1"],"special_seed":0,"relics":["Burning Blood","Prayer Wheel","Thread and Needle","Dead Branch","Necronomicon","Paper Frog","Black Star","Shovel","Toxic Egg 2","StoneCalendar","Turnip","Gremlin Horn","Omamori","Bottled Tornado","DollysMirror","Magic Flower","Dodecahedron","Du-Vu Doll","Centennial Puzzle"],"potions_floor_usage":[54,55,55,55],"damage_taken":[{"damage":5.0,"enemies":"Small Slimes","floor":1.0,"turns":6.0},{"damage":14.0,"enemies":"Cultist","floor":2.0,"turns":5.0},{"damage":5.0,"enemies":"Jaw Worm","floor":5.0,"turns":4.0},{"damage":31.0,"enemies":"Lagavulin","floor":7.0,"turns":6.0},{"damage":0.0,"enemies":"Looter","floor":11.0,"turns":3.0},{"damage":47.0,"enemies":"Gremlin Nob","floor":12.0,"turns":6.0},{"damage":1.0,"enemies":"3 Louse","floor":13.0,"turns":4.0},{"damage":11.0,"enemies":"Slime Boss","floor":16.0,"turns":9.0},{"damage":30.0,"enemies":"3 Byrds","floor":18.0,"turns":6.0},{"damage":0.0,"enemies":"2 Thieves","floor":19.0,"turns":1.0},{"damage":20.0,"enemies":"Snecko","floor":22.0,"turns":4.0},{"damage":17.0,"enemies":"Snake Plant","floor":24.0,"turns":5.0},{"damage":24.0,"enemies":"Centurion and Healer","floor":25.0,"turns":5.0},{"damage":21.0,"enemies":"Cultist and Chosen","floor":29.0,"turns":6.0},{"damage":0.0,"enemies":"Sentry and Sphere","floor":31.0,"turns":4.0},{"damage":0.0,"enemies":"Champ","floor":33.0,"turns":11.0},{"damage":10.0,"enemies":"Orb Walker","floor":35.0,"turns":5.0},{"damage":0.0,"enemies":"Mind Bloom Boss Battle","floor":39.0,"turns":5.0},{"damage":32.0,"enemies":"Reptomancer","floor":40.0,"turns":12.0},{"damage":35.0,"enemies":"3 Darklings","floor":41.0,"turns":5.0},{"damage":22.0,"enemies":"Writhing Mass","floor":42.0,"turns":5.0},{"damage":18.0,"enemies":"Spire Growth","floor":44.0,"turns":2.0},{"damage":9.0,"enemies":"Giant Head","floor":45.0,"turns":6.0},{"damage":12.0,"enemies":"Nemesis","floor":47.0,"turns":7.0},{"damage":26.0,"enemies":"Sphere and 2 Shapes","floor":48.0,"turns":4.0},{"damage":11.0,"enemies":"Donu and Deca","floor":50.0,"turns":7.0},{"damage":8,"enemies":"Shield and Spear","floor":54,"turns":2},{"damage":9,"enemies":"The Heart","floor":55,"turns":4}],"seed_played":"9112810082714299224","potions_obtained":[{"floor":5.0,"key":"Weak Potion"},{"floor":12.0,"key":"BloodPotion"},{"floor":13.0,"key":"GamblersBrew"},{"floor":16.0,"key":"SmokeBomb"},{"floor":25.0,"key":"Regen Potion"},{"floor":29.0,"key":"Block Potion"},{"floor":31.0,"key":"Dexterity Potion"},{"floor":33.0,"key":"Energy Potion"},{"floor":39.0,"key":"Fruit Juice"},{"floor":42.0,"key":"PowerPotion"},{"floor":44.0,"key":"Dexterity Potion"},{"floor":54,"key":"Strength Potion"}],"is_trial":false,"path_per_floor":["M","M","?","?","M","R","E","R","T","R","M","E","M","?","R","B",null,"M","M","?","?","M","R","M","M","T","?","?","M","R","M","R","B",null,"M","?","?","?","?","E","M","M","T","M","E","R","E","M","R","B",null,"R","$","E","B",null],"character_chosen":"IRONCLAD","items_purchased":["DollysMirror","Magic Flower","Dodecahedron"],"campfire_rested":5,"item_purchase_floors":[53,53,53],"current_hp_per_floor":[80,72,72,72,73,73,48,72,72,72,78,37,42,42,66,61,80,56,62,46,46,40,64,53,35,35,35,35,35,35,41,65,71,80,80,80,80,76,76,81,76,81,81,69,72,72,67,47,71,66,81,81,81,81,81],"gold":33,"neow_bonus":"TRANSFORM_TWO_CARDS","is_prod":false,"is_daily":false,"chose_seed":false,"campfire_upgraded":4,"win_rate":0,"timestamp":1546956946,"path_taken":["M","M","?","?","M","R","E","R","T","R","?","E","M","?","R","BOSS","M","M","?","?","M","R","M","M","T","?","?","?","R","M","R","BOSS","M","?","?","?","?","E","M","M","T","M","E","R","E","M","R","BOSS","R","$","E","BOSS"],"build_version":"2019-01-03v4","purchased_purges":1,"victory":true,"max_hp_per_floor":[80,80,80,80,80,80,80,80,80,80,80,80,80,80,80,80,80,80,80,80,80,80,80,80,80,80,80,80,80,80,80,80,80,80,80,80,80,76,76,81,81,81,81,81,81,81,81,81,81,81,81,81,81,81,81],"card_choices":[{"not_picked":["Flex","True Grit"],"picked":"Twin Strike","floor":1.0},{"not_picked":["Battle Trance","Anger"],"picked":"Clash","floor":2.0},{"not_picked":["Battle Trance","Perfected Strike"],"picked":"Intimidate","floor":5.0},{"not_picked":["Seeing Red","Reckless Charge"],"picked":"Evolve","floor":7.0},{"not_picked":["Heavy Blade","Clothesline"],"picked":"Rage","floor":11.0},{"not_picked":["Perfected Strike","Anger"],"picked":"Inflame","floor":11.0},{"not_picked":["Pummel","Hemokinesis"],"picked":"Burning Pact","floor":12.0},{"not_picked":["Perfected Strike","Double Tap"],"picked":"Heavy Blade","floor":13.0},{"not_picked":["Twin Strike","Perfected Strike"],"picked":"Corruption","floor":13.0},{"not_picked":["Demon Form","Immolate"],"picked":"Double Tap","floor":16.0},{"not_picked":["Twin Strike","Wild Strike+1"],"picked":"Body Slam","floor":18.0},{"not_picked":["Headbutt","Thunderclap"],"picked":"Body Slam","floor":18.0},{"not_picked":["Power Through","Iron Wave"],"picked":"Second Wind","floor":22.0},{"not_picked":["Carnage","Second Wind","Wild Strike"],"picked":"SKIP","floor":22.0},{"not_picked":["True Grit","Reckless Charge"],"picked":"Ghostly Armor","floor":24.0},{"not_picked":["Pommel Strike","Thunderclap+1","Blood for Blood"],"picked":"SKIP","floor":24.0},{"not_picked":["Twin Strike","Anger"],"picked":"Battle Trance","floor":25.0},{"not_picked":["Searing Blow","Corruption"],"picked":"Battle Trance","floor":25.0},{"not_picked":["Power Through","Fire Breathing"],"picked":"Reaper","floor":29.0},{"not_picked":["Searing Blow","Clothesline+1"],"picked":"Sever Soul","floor":29.0},{"not_picked":["Twin Strike","Thunderclap"],"picked":"Havoc","floor":31.0},{"not_picked":["Perfected Strike+1","Sever Soul"],"picked":"Warcry+1","floor":31.0},{"not_picked":["Dark Embrace","Juggernaut"],"picked":"Barricade","floor":33.0},{"not_picked":["Flex+1","Second Wind+1"],"picked":"Shrug It Off+1","floor":35.0},{"not_picked":["Intimidate+1","Havoc","Inflame"],"picked":"SKIP","floor":35.0},{"not_picked":["Brutality","Sword Boomerang","Reaper"],"picked":"SKIP","floor":40.0},{"not_picked":["True Grit+1","Shrug It Off+1"],"picked":"Body Slam","floor":41.0},{"not_picked":["Twin Strike+1","True Grit+1","Clothesline"],"picked":"SKIP","floor":41.0},{"not_picked":["Perfected Strike","Heavy Blade"],"picked":"Impervious+1","floor":42.0},{"not_picked":["Carnage+1","Thunderclap+1","Anger+1"],"picked":"SKIP","floor":42.0},{"not_picked":["Warcry+1","Perfected Strike+1"],"picked":"Body Slam+1","floor":44.0},{"not_picked":["Clash+1","Heavy Blade","Infernal Blade+1"],"picked":"SKIP","floor":44.0},{"not_picked":["Spot Weakness+1","Armaments+1","Carnage"],"picked":"SKIP","floor":45.0},{"not_picked":["Havoc+1","Sword Boomerang+1","Perfected Strike"],"picked":"SKIP","floor":47.0},{"not_picked":["True Grit+1","Havoc+1","Armaments+1"],"picked":"SKIP","floor":48.0},{"not_picked":["Clothesline","Wild Strike","Anger+1"],"picked":"SKIP","floor":48.0},{"not_picked":["Shockwave+1","Hemokinesis+1","Armaments+1"],"picked":"SKIP","floor":54}],"player_experience":173982,"relics_obtained":[{"floor":7.0,"key":"Prayer Wheel"},{"floor":9.0,"key":"Thread and Needle"},{"floor":12.0,"key":"Dead Branch"},{"floor":20.0,"key":"Necronomicon"},{"floor":26.0,"key":"Paper Frog"},{"floor":39.0,"key":"Shovel"},{"floor":40.0,"key":"Toxic Egg 2"},{"floor":40.0,"key":"StoneCalendar"},{"floor":45.0,"key":"Turnip"},{"floor":45.0,"key":"Gremlin Horn"},{"floor":47.0,"key":"Omamori"},{"floor":47.0,"key":"Bottled Tornado"},{"floor":54,"key":"Du-Vu Doll"},{"floor":54,"key":"Centennial Puzzle"}],"event_choices":[{"damage_healed":0.0,"max_hp_gain":0.0,"max_hp_loss":0.0,"gold_gain":0.0,"event_name":"Golden Idol","player_choice":"Ignored","floor":3.0,"gold_loss":0.0,"damage_taken":0.0},{"damage_healed":0.0,"max_hp_gain":0.0,"max_hp_loss":0.0,"gold_gain":100.0,"event_name":"Wheel of Change","player_choice":"Gold","floor":4.0,"gold_loss":0.0,"damage_taken":0.0},{"cards_removed":["Strike_R"],"damage_healed":0.0,"max_hp_gain":0.0,"max_hp_loss":0.0,"gold_gain":0.0,"event_name":"The Cleric","player_choice":"Card Removal","floor":14.0,"gold_loss":50.0,"damage_taken":0.0},{"damage_healed":0.0,"max_hp_gain":0.0,"max_hp_loss":0.0,"gold_gain":0.0,"event_name":"Cursed Tome","player_choice":"Obtained Book","floor":20.0,"gold_loss":0.0,"damage_taken":16.0},{"damage_healed":0.0,"max_hp_gain":0.0,"max_hp_loss":0.0,"gold_gain":99.0,"event_name":"Nest","player_choice":"Stole From Cult","floor":21.0,"gold_loss":0.0,"damage_taken":0.0},{"damage_healed":0.0,"max_hp_gain":0.0,"max_hp_loss":0.0,"gold_gain":0.0,"event_name":"Forgotten Altar","player_choice":"Smashed Altar","floor":27.0,"gold_loss":0.0,"damage_taken":0.0,"cards_obtained":["Decay"]},{"cards_removed":["Decay"],"damage_healed":0.0,"max_hp_gain":0.0,"max_hp_loss":0.0,"gold_gain":0.0,"event_name":"Fountain of Cleansing","player_choice":"Removed Curses","floor":28.0,"gold_loss":0.0,"damage_taken":0.0},{"damage_healed":0.0,"max_hp_gain":0.0,"max_hp_loss":0.0,"gold_gain":0.0,"event_name":"Tomb of Lord Red Mask","player_choice":"Ignored","floor":36.0,"gold_loss":0.0,"damage_taken":0.0},{"damage_healed":0.0,"max_hp_gain":0.0,"max_hp_loss":0.0,"gold_gain":0.0,"event_name":"Mysterious Sphere","player_choice":"Ignored","floor":37.0,"gold_loss":0.0,"damage_taken":0.0},{"damage_healed":0.0,"max_hp_gain":0.0,"max_hp_loss":4.0,"gold_gain":0.0,"event_name":"Winding Halls","player_choice":"Max HP","floor":38.0,"gold_loss":0.0,"damage_taken":0.0},{"damage_healed":0.0,"max_hp_gain":0.0,"max_hp_loss":0.0,"gold_gain":0.0,"event_name":"MindBloom","player_choice":"Fight","floor":39.0,"gold_loss":0.0,"damage_taken":0.0}],"is_beta":false,"boss_relics":[{"not_picked":["Astrolabe","Runic Dome","Cursed Key"]},{"not_picked":["Calling Bell","Coffee Dripper"],"picked":"Black Star"}],"items_purged_floors":[53],"is_endless":false,"potions_floor_spawned":[5,12,13,16,19,25,29,31,33,39,42,44,45,54],"ascension_level":3}