{"gold_per_floor":[114,125,125,200,217,217,243,243,296,296,315,315,327,352,352,429,429,439,451,118,136,36,65,65,94,120,136,136,154,179,194,194,265,265,285,51,70,90,90,122,122,155,155,190,209,234,250,350,350,350,350,350,9,35,35],"floor_reached":55,"playtime":3431,"items_purged":["Strike_B","Strike_B","Defend_B","Defend_B"],"score":1588,"play_id":"7daf270b-d144-4baa-bce6-69945cd47244","local_time":"20190203174004","is_ascension_mode":true,"campfire_choices":[{"floor":6,"key":"REST"},{"data":"Fission","floor":10,"key":"SMITH"},{"data":"Dualcast","floor":12,"key":"SMITH"},{"data":"Coolheaded","floor":15,"key":"SMITH"},{"floor":24,"key":"REST"},{"data":"Apotheosis","floor":28,"key":"SMITH"},{"floor":32,"key":"REST"},{"floor":41,"key":"RECALL"},{"data":"Echo Form","floor":49,"key":"SMITH"},{"data":"Machine Learning","floor":52,"key":"SMITH"}],"neow_cost":"TEN_PERCENT_HP_LOSS","seed_source_timestamp":1441722426252452,"circlet_count":0,"master_deck":["AscendersBane","Defend_B","Defend_B","Zap","Dualcast+1","Ball Lightning","Glacier","Fission+1","Auto Shields","Coolheaded+1","Machine Learning+1","Apotheosis+1","Defragment","Glacier+1","Echo Form+1","Creative AI","Consume","Self Repair","Thunder Strike","Parasite","BootSequence+1","Loop+1","Storm+1","Storm+1"],"relics":["Cracked Core","DataDisk","PreservedInsect","Singing Bowl","Inserter","Bag of Preparation","Pear","Smiling Mask","Question Card","Sozu","Lantern","Blue Candle","The Courier","Frozen Egg 2","Molten Egg 2","Mercury Hourglass","Nunchaku","Strawberry","Vajra"],"potions_floor_usage":[7,7,14,16,16,23,30,30],"damage_taken":[{"damage":0,"enemies":"Cultist","floor":1,"turns":3},{"damage":0,"enemies":"2 Louse","floor":2,"turns":3},{"damage":5,"enemies":"Small Slimes","floor":5,"turns":3},{"damage":0,"enemies":"3 Sentries","floor":7,"turns":5},{"damage":2,"enemies":"Blue Slaver","floor":11,"turns":3},{"damage":3,"enemies":"3 Louse","floor":13,"turns":2},{"damage":24,"enemies":"Gremlin Nob","floor":14,"turns":4},{"damage":3,"enemies":"Slime Boss","floor":16,"turns":5},{"damage":10,"enemies":"Chosen","floor":18,"turns":5},{"damage":13,"enemies":"Shell Parasite","floor":19,"turns":4},{"damage":13,"enemies":"Snake Plant","floor":21,"turns":4},{"damage":0,"enemies":"Book of Stabbing","floor":23,"turns":4},{"damage":15,"enemies":"Slavers","floor":25,"turns":6},{"damage":13,"enemies":"Centurion and Healer","floor":27,"turns":7},{"damage":18,"enemies":"Snecko","floor":29,"turns":3},{"damage":0,"enemies":"Book of Stabbing","floor":30,"turns":4},{"damage":3,"enemies":"Snake Plant","floor":31,"turns":4},{"damage":25,"enemies":"Collector","floor":33,"turns":11},{"damage":4,"enemies":"3 Darklings","floor":35,"turns":5},{"damage":13,"enemies":"Orb Walker","floor":37,"turns":5},{"damage":14,"enemies":"3 Darklings","floor":38,"turns":7},{"damage":0,"enemies":"Nemesis","floor":40,"turns":9},{"damage":15,"enemies":"Giant Head","floor":42,"turns":8},{"damage":2,"enemies":"Nemesis","floor":44,"turns":9},{"damage":44,"enemies":"Writhing Mass","floor":45,"turns":6},{"damage":1,"enemies":"Giant Head","floor":46,"turns":10},{"damage":31,"enemies":"Transient","floor":47,"turns":5},{"damage":19,"enemies":"Mind Bloom Boss Battle","floor":48,"turns":6},{"damage":14,"enemies":"Donu and Deca","floor":50,"turns":10},{"damage":52,"enemies":"Shield and Spear","floor":54,"turns":5},{"damage":84,"enemies":"The Heart","floor":55,"turns":3}],"seed_played":"-7665681601529126143","potions_obtained":[{"floor":2,"key":"Energy Potion"},{"floor":5,"key":"Explosive Potion"},{"floor":7,"key":"PowerPotion"},{"floor":8,"key":"Dexterity Potion"},{"floor":14,"key":"SkillPotion"},{"floor":19,"key":"Swift Potion"},{"floor":27,"key":"LiquidBronze"},{"floor":29,"key":"SkillPotion"}],"is_trial":false,"path_per_floor":["M","M","?","?","M","R","E","?","T","R","M","R","M","E","R","B",null,"M","M","$","M","$","E","R","E","T","M","R","M","E","M","R","B",null,"M","$","M","M","?","E","R","E","T","E","M","E","M","?","R","B",null,"R","$","E","B"],"character_chosen":"DEFECT","items_purchased":["Apotheosis","Defragment","Lantern","Self Repair","Loop+1","Storm+1","Storm+1","Strawberry"],"campfire_rested":3,"item_purchase_floors":[20,20,36,36,53,53,53,53],"current_hp_per_floor":[68,68,43,32,27,47,47,47,47,47,45,45,42,20,20,17,57,49,38,38,25,25,27,49,46,46,33,33,17,19,18,46,21,76,72,72,68,76,76,96,96,100,100,102,78,99,80,83,83,89,103,103,110,60,0],"gold":35,"neow_bonus":"REMOVE_TWO","is_prod":false,"is_daily":false,"chose_seed":false,"campfire_upgraded":6,"win_rate":0,"timestamp":1549233604,"path_taken":["M","M","?","?","M","R","E","?","T","R","M","R","?","E","R","BOSS","M","M","?","M","$","E","R","E","T","M","R","M","E","M","R","BOSS","M","$","M","M","?","E","R","E","T","E","M","E","M","?","R","BOSS","R","$","E","BOSS"],"build_version":"2019-01-23","purchased_purges":4,"victory":false,"max_hp_per_floor":[68,68,68,68,68,68,68,68,68,68,68,68,68,70,70,70,70,72,74,74,74,74,76,76,88,88,88,88,90,92,94,94,94,94,94,94,96,98,98,98,98,100,100,102,102,104,106,108,108,108,108,108,115,117,117],"card_choices":[{"not_picked":["Beam Cell","Storm"],"picked":"Ball Lightning","floor":1},{"not_picked":["Compile Driver","Stack"],"picked":"Ball Lightning","floor":2},{"not_picked":["Ball Lightning","Steam"],"picked":"Glacier","floor":5},{"not_picked":["Leap","Auto Shields"],"picked":"Fission","floor":7},{"not_picked":["Blizzard","Redo"],"picked":"Auto Shields","floor":11},{"not_picked":["Stack","BootSequence"],"picked":"Coolheaded","floor":13},{"not_picked":["Leap","Sweeping Beam","Steam"],"picked":"Singing Bowl","floor":14},{"not_picked":["Thunder Strike","All For One"],"picked":"Machine Learning","floor":16},{"not_picked":["Beam Cell","Conserve Battery","Redo"],"picked":"Singing Bowl","floor":18},{"not_picked":["Beam Cell","Steam","Static Discharge"],"picked":"Singing Bowl","floor":19},{"not_picked":["Sunder+1","Go for the Eyes+1"],"picked":"Glacier+1","floor":21},{"not_picked":["Double Energy","Storm","Fusion"],"picked":"Singing Bowl","floor":23},{"not_picked":["Reprogram","Redo","Leap+1"],"picked":"Singing Bowl","floor":25},{"not_picked":["Static Discharge","Conserve Battery+1"],"picked":"Echo Form","floor":27},{"not_picked":["Hologram","Chaos+1","White Noise"],"picked":"Singing Bowl","floor":29},{"not_picked":["Barrage","FTL","Stack"],"picked":"Singing Bowl","floor":30},{"not_picked":["Genetic Algorithm","Steam","Redo","Stack"],"picked":"Singing Bowl","floor":31},{"not_picked":["Seek","Biased Cognition","Multi-Cast"],"picked":"Creative AI","floor":33},{"not_picked":["Compile Driver+1","Beam Cell","Leap+1"],"picked":"Consume","floor":35},{"not_picked":["Redo","Glacier","Rebound","Sweeping Beam+1"],"picked":"Singing Bowl","floor":37},{"not_picked":["Cold Snap","Reprogram","Compile Driver+1","Barrage"],"picked":"Singing Bowl","floor":38},{"not_picked":["Rebound","Biased Cognition","Chill"],"picked":"Thunder Strike","floor":40},{"not_picked":["Self Repair","Heatsinks","FTL+1","Tempest"],"picked":"Singing Bowl","floor":42},{"not_picked":["Beam Cell","Sweeping Beam","Rebound","Aggregate"],"picked":"Singing Bowl","floor":44},{"not_picked":["Sweeping Beam+1","Coolheaded","Stack"],"picked":"BootSequence+1","floor":45},{"not_picked":["Thunder Strike+1","Rebound+1","All For One+1","Barrage+1"],"picked":"Singing Bowl","floor":46},{"not_picked":["Turbo","Genetic Algorithm","Hologram+1","Aggregate+1"],"picked":"Singing Bowl","floor":47},{"not_picked":["Self Repair+1","Go for the Eyes+1","Scrape+1","Ball Lightning+1"],"picked":"Singing Bowl","floor":48},{"not_picked":["Beam Cell+1","Hologram","Sweeping Beam+1","Rebound+1"],"picked":"Singing Bowl","floor":54}],"player_experience":652530,"relics_obtained":[{"floor":7,"key":"PreservedInsect"},{"floor":14,"key":"Singing Bowl"},{"floor":23,"key":"Bag of Preparation"},{"floor":25,"key":"Pear"},{"floor":26,"key":"Smiling Mask"},{"floor":30,"key":"Question Card"},{"floor":40,"key":"Blue Candle"},{"floor":42,"key":"The Courier"},{"floor":43,"key":"Frozen Egg 2"},{"floor":44,"key":"Molten Egg 2"},{"floor":46,"key":"Mercury Hourglass"},{"floor":48,"key":"Nunchaku"},{"floor":54,"key":"Vajra"}],"event_choices":[{"damage_healed":0,"gold_gain":0,"player_choice":"Success","damage_taken":25,"relics_obtained":["DataDisk"],"max_hp_gain":0,"max_hp_loss":0,"event_name":"Scrap Ooze","floor":3,"gold_loss":0},{"damage_healed":0,"gold_gain":75,"player_choice":"Gather Gold","damage_taken":11,"max_hp_gain":0,"max_hp_loss":0,"event_name":"World of Goop","floor":4,"gold_loss":0},{"damage_healed":0,"gold_gain":0,"player_choice":"Got Potions","damage_taken":0,"max_hp_gain":0,"max_hp_loss":0,"event_name":"Lab","floor":8,"gold_loss":0},{"cards_removed":["Ball Lightning"],"damage_healed":0,"gold_gain":0,"player_choice":"Removed Attack","damage_taken":0,"max_hp_gain":0,"max_hp_loss":0,"event_name":"Falling","floor":39,"gold_loss":0},{"damage_healed":0,"gold_gain":0,"player_choice":"Fight","damage_taken":0,"max_hp_gain":0,"max_hp_loss":0,"event_name":"MindBloom","floor":48,"gold_loss":0}],"is_beta":false,"boss_relics":[{"not_picked":["Runic Pyramid","Ectoplasm"],"picked":"Inserter"},{"not_picked":["Coffee Dripper","Astrolabe"],"picked":"Sozu"}],"items_purged_floors":[20,22,36,53],"is_endless":false,"potions_floor_spawned":[2,5,7,13,14,19,27,29,35,37,42,45,47,48],"killed_by":"The Heart","ascension_level":13}