{"gold_per_floor":[116,135,135,145,156,156,156,156,156,231,261,280,13,13,13,108,108,121,121,134,149,149,149,164,164,187,187,198,214,227,326,326,326],"floor_reached":33,"playtime":2650,"items_purged":[],"score":249,"play_id":"a1a5fb96-8466-43ec-aeb3-74a3edc5cdcb","local_time":"20190304024847","is_ascension_mode":false,"campfire_choices":[{"data":"Hello World","floor":6.0,"key":"SMITH"},{"data":"Zap","floor":8.0,"key":"SMITH"},{"data":"Creative AI","floor":15.0,"key":"SMITH"},{"floor":23.0,"key":"REST"},{"floor":27.0,"key":"REST"},{"floor":32.0,"key":"REST"}],"neow_cost":"NONE","seed_source_timestamp":299104081365995,"circlet_count":0,"master_deck":["Strike_B","Strike_B","Strike_B","Defend_B","Defend_B","Defend_B","Defend_B","Zap+1","Dualcast","Leap+1","Hello World+1","Tempest","Auto Shields","Creative AI+1","Melter","Meteor Strike","Hello World","Hologram","Panache+1","Meteor Strike","Aggregate","Stack+1","Defragment+1","BootSequence","Conserve Battery","Reinforced Body","Auto Shields+1","Hologram+1"],"special_seed":0,"relics":["Cracked Core"],"potions_floor_usage":[33],"damage_taken":[{"damage":0.0,"enemies":"Cultist","floor":1.0,"turns":3.0},{"damage":6.0,"enemies":"Jaw Worm","floor":2.0,"turns":4.0},{"damage":1.0,"enemies":"2 Louse","floor":4.0,"turns":3.0},{"damage":0.0,"enemies":"Large Slime","floor":5.0,"turns":5.0},{"damage":8.0,"enemies":"Lagavulin","floor":11.0,"turns":6.0},{"damage":10.0,"enemies":"Exordium Thugs","floor":12.0,"turns":4.0},{"damage":14.0,"enemies":"Slime Boss","floor":16.0,"turns":7.0},{"damage":20.0,"enemies":"2 Thieves","floor":18.0,"turns":5.0},{"damage":7.0,"enemies":"Shell Parasite","floor":20.0,"turns":5.0},{"damage":39.0,"enemies":"3 Cultists","floor":21.0,"turns":7.0},{"damage":9.0,"enemies":"Cultist and Chosen","floor":24.0,"turns":8.0},{"damage":18.0,"enemies":"Snecko","floor":28.0,"turns":4.0},{"damage":0.0,"enemies":"Chosen and Byrds","floor":29.0,"turns":7.0},{"damage":3.0,"enemies":"Centurion and Healer","floor":30.0,"turns":47.0},{"damage":49,"enemies":"Collector","floor":33,"turns":7}],"seed_played":"2880236077978334802","potions_obtained":[{"floor":3.0,"key":"Dexterity Potion"},{"floor":3.0,"key":"Weak Potion"},{"floor":3.0,"key":"Poison Potion"},{"floor":16.0,"key":"SpeedPotion"},{"floor":20.0,"key":"SteroidPotion"},{"floor":30.0,"key":"Explosive Potion"}],"is_trial":false,"path_per_floor":["M","M","?","M","M","R","?","R","T","?","E","M","$","?","R","B",null,"M","?","M","M","?","R","M","?","T","R","M","M","M","?","R","B"],"character_chosen":"DEFECT","items_purchased":["Meteor Strike","Hello World","Hologram"],"campfire_rested":3,"item_purchase_floors":[13,13,13],"current_hp_per_floor":[82,76,76,75,75,75,75,75,75,64,56,46,46,46,46,32,82,62,62,55,16,16,40,31,15,15,41,23,23,20,20,46,0],"gold":326,"neow_bonus":"TEN_PERCENT_HP_BONUS","is_prod":false,"is_daily":false,"chose_seed":false,"campfire_upgraded":3,"win_rate":0,"timestamp":1551664127,"path_taken":["M","?","?","M","?","R","?","R","T","?","E","M","$","?","R","BOSS","M","?","M","M","?","R","M","?","T","R","?","M","M","?","R","BOSS"],"build_version":"2019-01-23","purchased_purges":0,"victory":false,"max_hp_per_floor":[82,82,82,82,82,82,82,82,82,82,82,82,82,82,82,82,82,82,82,82,82,82,82,82,87,87,87,87,87,87,87,87,87],"card_choices":[{"not_picked":["Compile Driver","Sweeping Beam"],"picked":"Leap","floor":1.0},{"not_picked":["Beam Cell","Streamline"],"picked":"Hello World","floor":2.0},{"not_picked":["Capacitor","Hologram"],"picked":"Tempest","floor":4.0},{"not_picked":["Beam Cell","Darkness"],"picked":"Auto Shields","floor":5.0},{"not_picked":["Streamline","Gash"],"picked":"Creative AI","floor":11.0},{"not_picked":["Ball Lightning","Cold Snap"],"picked":"Melter","floor":12.0},{"not_picked":["All For One","Electrodynamics"],"picked":"Meteor Strike","floor":16.0},{"not_picked":["Heatsinks","Compile Driver"],"picked":"Aggregate","floor":18.0},{"not_picked":["Hologram","Streamline"],"picked":"Stack+1","floor":20.0},{"not_picked":["Stack+1","Ball Lightning"],"picked":"Defragment+1","floor":21.0},{"not_picked":["Storm","Leap"],"picked":"Conserve Battery","floor":24.0},{"not_picked":["Fusion","Rainbow"],"picked":"Reinforced Body","floor":28.0},{"not_picked":["Darkness","Stack"],"picked":"Auto Shields+1","floor":29.0},{"not_picked":["Conserve Battery","Ball Lightning"],"picked":"Hologram+1","floor":30.0}],"player_experience":812583,"relics_obtained":[],"event_choices":[{"damage_healed":0.0,"max_hp_gain":0.0,"max_hp_loss":0.0,"gold_gain":0.0,"event_name":"Lab","player_choice":"Got Potions","floor":3.0,"gold_loss":0.0,"damage_taken":0.0},{"damage_healed":0.0,"max_hp_gain":0.0,"max_hp_loss":0.0,"gold_gain":0.0,"event_name":"Living Wall","player_choice":"Grow","floor":7.0,"gold_loss":0.0,"damage_taken":0.0,"cards_upgraded":["Leap"]},{"damage_healed":0.0,"max_hp_gain":0.0,"max_hp_loss":0.0,"gold_gain":75.0,"event_name":"World of Goop","player_choice":"Gather Gold","floor":10.0,"gold_loss":0.0,"damage_taken":11.0},{"cards_removed":["Strike_B"],"damage_healed":0.0,"max_hp_gain":0.0,"max_hp_loss":0.0,"gold_gain":0.0,"event_name":"NoteForYourself","player_choice":"Took Card","floor":14.0,"gold_loss":0.0,"damage_taken":0.0,"cards_obtained":["Panache"]},{"damage_healed":0.0,"max_hp_gain":0.0,"max_hp_loss":0.0,"gold_gain":0.0,"event_name":"Beggar","player_choice":"Ignored","floor":19.0,"gold_loss":0.0,"damage_taken":0.0},{"damage_healed":0.0,"max_hp_gain":0.0,"max_hp_loss":0.0,"gold_gain":0.0,"event_name":"The Library","player_choice":"Read","floor":22.0,"gold_loss":0.0,"damage_taken":0.0,"cards_obtained":["BootSequence"]},{"damage_healed":0.0,"max_hp_gain":5.0,"max_hp_loss":0.0,"gold_gain":0.0,"event_name":"Forgotten Altar","player_choice":"Shed Blood","floor":25.0,"gold_loss":0.0,"damage_taken":21.0},{"damage_healed":0.0,"max_hp_gain":0.0,"max_hp_loss":0.0,"gold_gain":99.0,"event_name":"Nest","player_choice":"Stole From Cult","floor":31.0,"gold_loss":0.0,"damage_taken":0.0}],"is_beta":false,"boss_relics":[{"not_picked":["Calling Bell","Ectoplasm","Coffee Dripper"]}],"items_purged_floors":[],"is_endless":false,"potions_floor_spawned":[11,16,20,30],"killed_by":"Collector","ascension_level":0}