{"path_per_floor":["M","?","M","?","M","R","E","M","T","R","E","M","E","M","R","B",null,"M","$","M","?","?","R","E","?","T","M","R","$","M","M","R","B",null,"M","?","M","$","M","E","R","E","T","M","$","M","M","M","R","B"],"character_chosen":"DEFECT","items_purchased":["Prayer Wheel","Aggregate","Beam Cell","Go for the Eyes","Hello World+1","Glacier+1","Echo Form+1","Leap+1"],"gold_per_floor":[113,113,127,302,318,318,344,364,364,364,393,405,440,457,457,555,555,571,70,84,84,9,9,42,42,42,53,53,3,18,31,31,133,133,151,151,169,87,104,136,136,170,193,213,8,18,33,49,49,49],"floor_reached":51,"campfire_rested":4,"playtime":4840,"item_purchase_floors":[],"current_hp_per_floor":[68,53,53,53,53,53,42,39,39,39,19,15,15,11,33,33,65,48,48,31,31,31,31,20,4,4,4,26,26,14,1,23,10,59,59,59,56,56,56,56,56,10,10,2,2,12,22,18,55,33],"items_purged":["Doubt"],"gold":49,"score":1196,"play_id":"ca0f13d0-0c9f-46ed-ac15-1f9ac0004fb0","local_time":"20180608121822","is_prod":false,"is_daily":false,"chose_seed":false,"is_ascension_mode":true,"campfire_upgraded":3,"win_rate":0,"timestamp":1528453102,"campfire_choices":[{"data":"Defragment","floor":6.0,"key":"SMITH"},{"data":"Zap","floor":10.0,"key":"SMITH"},{"floor":15.0,"key":"REST"},{"data":"Coolheaded","floor":23.0,"key":"SMITH"},{"floor":28.0,"key":"REST"},{"floor":32.0,"key":"REST"},{"floor":41.0,"key":"DIG"},{"floor":49,"key":"REST"}],"path_taken":["M","?","M","?","?","R","E","M","T","R","E","?","E","M","R","BOSS","M","$","M","?","?","R","E","?","T","M","R","?","?","M","R","BOSS","M","?","?","$","M","E","R","E","T","M","?","M","M","M","R","BOSS"],"build_version":"2018-06-07","seed_source_timestamp":1969934711691917,"purchased_purges":1,"victory":true,"master_deck":["Strike_B","Strike_B+1","Strike_B","Defend_B","Defend_B+1","Zap+1","Dualcast","Defragment+1","Cold Snap","Go for the Eyes","Machine Learning","Steam","Coolheaded+1","Gash","Rebound","Gash","Electrodynamics","Defragment","Aggregate","Beam Cell","Reinforced Body","Leap+1","Stack","Steam","Hologram","Go for the Eyes","Reprogram+1","Coolheaded+1","Stack","Echo Form+1","Beam Cell+1","FTL+1","Recycle+1","Aggregate","Defragment+1","Force Field","Turbo+1","Hello World+1","Rip and Tear","Rebound","Conserve Battery+1","Buffer+1","Coolheaded+1","Self Repair+1","Glacier+1","Echo Form+1","Leap+1","Defragment+1","Double Energy+1","Redo+1","Capacitor+1","Gash","Leap+1"],"max_hp_per_floor":[75,75,75,75,75,75,75,75,75,75,75,75,75,75,75,75,75,75,75,75,75,75,75,75,75,75,75,75,75,75,75,75,75,75,75,75,75,75,75,75,75,75,75,75,75,75,75,75,75,75],"relics":["Cracked Core","Mercury Hourglass","Cables","Gremlin Horn","Thread and Needle","Black Star","Prayer Wheel","Ancient Tea Set","Smiling Mask","Bottled Lightning","Enchiridion","Frozen Egg 2","Astrolabe","Shovel","Dead Branch","Regal Pillow","Blue Candle","Matryoshka","Toxic Egg 2","Vajra"],"card_choices":[{"not_picked":["Skim","Steam"],"picked":"Defragment","floor":1.0},{"not_picked":["Doom and Gloom","Hologram"],"picked":"Cold Snap","floor":3.0},{"not_picked":["Consume","Steam"],"picked":"Go for the Eyes","floor":5.0},{"not_picked":["Heatsinks","Reprogram"],"picked":"Machine Learning","floor":7.0},{"not_picked":["Scrape","Stack"],"picked":"Steam","floor":8.0},{"not_picked":["Biased Cognition","Sweeping Beam"],"picked":"Coolheaded","floor":11.0},{"not_picked":["Chill","Reprogram"],"picked":"Gash","floor":12.0},{"not_picked":["Static Discharge","Compile Driver"],"picked":"Rebound","floor":13.0},{"not_picked":["Redo","Sunder"],"picked":"Gash","floor":14.0},{"not_picked":["Machine Learning","Amplify"],"picked":"Electrodynamics","floor":16.0},{"not_picked":["Coolheaded","Conserve Battery"],"picked":"Defragment","floor":18.0},{"not_picked":["Fusion","Rebound"],"picked":"Reinforced Body","floor":20.0},{"not_picked":["Steam","Coolheaded"],"picked":"Leap+1","floor":20.0},{"not_picked":["Redo","Thunder Strike"],"picked":"Stack","floor":24.0},{"not_picked":["Coolheaded","Barrage+1"],"picked":"Steam","floor":27.0},{"not_picked":["Rebound","Consume+1"],"picked":"Hologram","floor":27.0},{"not_picked":["Compile Driver+1","Stack"],"picked":"Reprogram+1","floor":30.0},{"not_picked":["Turbo","Reprogram"],"picked":"Coolheaded+1","floor":30.0},{"not_picked":["Rainbow","Redo"],"picked":"Cold Snap+1","floor":31.0},{"not_picked":["Go for the Eyes","Blizzard"],"picked":"Stack","floor":31.0},{"not_picked":["Electrodynamics+1","Meteor Strike"],"picked":"Echo Form+1","floor":33.0},{"not_picked":["Streamline+1","Turbo"],"picked":"Aggregate","floor":35.0},{"not_picked":["Turbo","Redo+1"],"picked":"Defragment+1","floor":35.0},{"not_picked":["Compile Driver+1","Chaos"],"picked":"Force Field","floor":37.0},{"not_picked":["Steam+1","Rainbow"],"picked":"Turbo+1","floor":37.0},{"not_picked":["Rebound","Turbo+1"],"picked":"Rip and Tear","floor":39.0},{"not_picked":["FTL","Turbo"],"picked":"Rebound","floor":39.0},{"not_picked":["Genetic Algorithm+1","Auto Shields+1"],"picked":"Conserve Battery+1","floor":40.0},{"not_picked":["Gash+1","Fusion+1"],"picked":"Buffer+1","floor":42.0},{"not_picked":["Rip and Tear","Steam+1"],"picked":"Coolheaded+1","floor":44.0},{"not_picked":["Sweeping Beam+1","Biased Cognition+1"],"picked":"Self Repair+1","floor":44.0},{"not_picked":["White Noise+1","Stack+1"],"picked":"Defragment+1","floor":46.0},{"not_picked":["Recycle+1","Rebound"],"picked":"Double Energy+1","floor":46.0},{"not_picked":["Cold Snap+1","Force Field+1"],"picked":"Redo+1","floor":47.0},{"not_picked":["Glacier+1","Go for the Eyes"],"picked":"Capacitor+1","floor":47.0},{"not_picked":["Hologram+1","Stack+1"],"picked":"Gash","floor":48.0},{"not_picked":["Streamline+1","Self Repair+1"],"picked":"Leap+1","floor":48.0}],"player_experience":489211,"potions_floor_usage":[50,50],"damage_taken":[{"damage":0.0,"enemies":"Jaw Worm","floor":1.0,"turns":3.0},{"damage":0.0,"enemies":"Small Slimes","floor":3.0,"turns":2.0},{"damage":0.0,"enemies":"2 Louse","floor":5.0,"turns":3.0},{"damage":11.0,"enemies":"Lagavulin","floor":7.0,"turns":8.0},{"damage":3.0,"enemies":"Exordium Wildlife","floor":8.0,"turns":3.0},{"damage":20.0,"enemies":"Gremlin Nob","floor":11.0,"turns":4.0},{"damage":4.0,"enemies":"3 Louse","floor":12.0,"turns":2.0},{"damage":0.0,"enemies":"3 Sentries","floor":13.0,"turns":6.0},{"damage":4.0,"enemies":"Blue Slaver","floor":14.0,"turns":3.0},{"damage":0.0,"enemies":"Hexaghost","floor":16.0,"turns":9.0},{"damage":17.0,"enemies":"2 Thieves","floor":18.0,"turns":3.0},{"damage":17.0,"enemies":"Chosen","floor":20.0,"turns":5.0},{"damage":11.0,"enemies":"Book of Stabbing","floor":24.0,"turns":6.0},{"damage":0.0,"enemies":"Snake Plant","floor":27.0,"turns":4.0},{"damage":12.0,"enemies":"Snecko","floor":30.0,"turns":6.0},{"damage":13.0,"enemies":"Centurion and Healer","floor":31.0,"turns":3.0},{"damage":20.0,"enemies":"Automaton","floor":33.0,"turns":13.0},{"damage":0.0,"enemies":"3 Shapes","floor":35.0,"turns":3.0},{"damage":3.0,"enemies":"Orb Walker","floor":37.0,"turns":3.0},{"damage":0.0,"enemies":"Maw","floor":39.0,"turns":8.0},{"damage":0.0,"enemies":"2 Orb Walkers","floor":40.0,"turns":3.0},{"damage":46.0,"enemies":"Giant Head","floor":42.0,"turns":10.0},{"damage":8.0,"enemies":"Sphere and 2 Shapes","floor":44.0,"turns":5.0},{"damage":0.0,"enemies":"4 Shapes","floor":46.0,"turns":4.0},{"damage":0.0,"enemies":"Maw","floor":47.0,"turns":10.0},{"damage":4.0,"enemies":"Sphere and 2 Shapes","floor":48.0,"turns":4.0},{"damage":22,"enemies":"Awakened One","floor":50,"turns":20}],"relics_obtained":[{"floor":7.0,"key":"Mercury Hourglass"},{"floor":9.0,"key":"Cables"},{"floor":11.0,"key":"Gremlin Horn"},{"floor":13.0,"key":"Thread and Needle"},{"floor":24.0,"key":"Smiling Mask"},{"floor":24.0,"key":"Bottled Lightning"},{"floor":25.0,"key":"Enchiridion"},{"floor":26.0,"key":"Frozen Egg 2"},{"floor":40.0,"key":"Shovel"},{"floor":40.0,"key":"Dead Branch"},{"floor":41.0,"key":"Regal Pillow"},{"floor":42.0,"key":"Blue Candle"},{"floor":42.0,"key":"Matryoshka"},{"floor":43.0,"key":"Toxic Egg 2"},{"floor":43.0,"key":"Vajra"}],"event_choices":[{"event_name":"Shining Light","player_choice":"Entered Light","floor":2.0,"damage_taken":0.0},{"event_name":"Liars Game","player_choice":"agreed","floor":4.0,"damage_taken":0.0},{"event_name":"The Mausoleum","player_choice":"Yes","floor":21.0,"damage_taken":0.0},{"event_name":"Beggar","player_choice":"Gave Gold","floor":22.0,"damage_taken":0.0},{"event_name":"Cursed Tome","player_choice":"Obtained Book","floor":25.0,"damage_taken":0.0},{"event_name":"Falling","player_choice":"Removed Attack","floor":36.0,"damage_taken":0.0}],"boss_relics":[{"not_picked":["Cursed Key","Busted Crown"],"picked":"Black Star"},{"not_picked":["Snecko Eye","Pandora\u0027s Box"],"picked":"Astrolabe"}],"items_purged_floors":[],"potions_floor_spawned":[1,11,16,18,20,31,33,37,39,44,47,48],"seed_played":"7320969163035143093","ascension_level":8,"potions_obtained":[{"floor":1.0,"key":"Dexterity Potion"},{"floor":11.0,"key":"Ancient Potion"},{"floor":16.0,"key":"Dexterity Potion"},{"floor":18.0,"key":"SneckoOil"},{"floor":20.0,"key":"Swift Potion"},{"floor":31.0,"key":"AttackPotion"},{"floor":33.0,"key":"Swift Potion"},{"floor":37.0,"key":"Fire Potion"},{"floor":39.0,"key":"SpeedPotion"},{"floor":44.0,"key":"Block Potion"},{"floor":47.0,"key":"Weak Potion"}],"is_trial":false}