{"gold_per_floor":[116,116,76,95,109,109,134,134,134,24,56,86,110,136,148,257,269,291,303,315,142,161,186,186,212,212,311,340,340,340,7,7,109,109,120,120,342,342,342,342,3,14,38,2,2,2,2,15,15,15],"floor_reached":50,"playtime":2467,"items_purged":["Decay","Strike_G","Eviscerate+1"],"score":763,"play_id":"a1453cda-e3e9-4315-af20-754a26dff12e","local_time":"20190201214217","is_ascension_mode":true,"campfire_choices":[{"data":"Finisher","floor":6,"key":"SMITH"},{"data":"Cloak And Dagger","floor":8,"key":"SMITH"},{"data":"Finisher","floor":15,"key":"SMITH"},{"floor":24,"key":"REST"},{"data":"Venomology","floor":32,"key":"SMITH"},{"data":"PiercingWail","floor":40,"key":"SMITH"},{"data":"Footwork","floor":46,"key":"SMITH"},{"floor":49,"key":"REST"}],"neow_cost":"CURSE","seed_source_timestamp":1284393688110127,"circlet_count":0,"master_deck":["Defend_G","Defend_G","Defend_G","Defend_G","Defend_G","Survivor","Die Die Die+1","Well Laid Plans","PiercingWail+1","Finisher+1","Cloak And Dagger+1","Bouncing Flask","Accuracy","Venomology+1","Blade Dance","Finisher+1","Storm of Steel","Setup+1","Choke+1","Blade Dance","Cloak And Dagger","Caltrops","Caltrops+1","Backflip","Glass Knife","Accuracy+1","Adrenaline","Finesse","Panache","Bandage Up","Trip","Dodge and Roll+1","Footwork+1","Well Laid Plans"],"relics":["Ring of the Snake","Shuriken","Omamori","MawBank","Astrolabe","Bag of Marbles","PreservedInsect","Red Mask","Pantograph","StoneCalendar","Lee\u0027s Waffle","Runic Dome","Kunai","Anchor"],"potions_floor_usage":[7,11,14,14,16,16,16,16,16,16,16,16,18,22,23,23,25,25,28,30,33,33,50,50],"damage_taken":[{"damage":3,"enemies":"Jaw Worm","floor":1,"turns":6},{"damage":2,"enemies":"Cultist","floor":4,"turns":4},{"damage":0,"enemies":"2 Louse","floor":5,"turns":1},{"damage":12,"enemies":"3 Sentries","floor":7,"turns":6},{"damage":15,"enemies":"Gremlin Nob","floor":11,"turns":4},{"damage":5,"enemies":"Looter","floor":12,"turns":3},{"damage":9,"enemies":"2 Fungi Beasts","floor":13,"turns":4},{"damage":15,"enemies":"Exordium Thugs","floor":14,"turns":11},{"damage":50,"enemies":"Slime Boss","floor":16,"turns":11},{"damage":6,"enemies":"Spheric Guardian","floor":18,"turns":3},{"damage":20,"enemies":"3 Byrds","floor":22,"turns":5},{"damage":15,"enemies":"Slavers","floor":23,"turns":5},{"damage":24,"enemies":"Masked Bandits","floor":25,"turns":3},{"damage":0,"enemies":"Gremlin Leader","floor":28,"turns":3},{"damage":0,"enemies":"Centurion and Healer","floor":30,"turns":1},{"damage":64,"enemies":"Automaton","floor":33,"turns":8},{"damage":8,"enemies":"3 Shapes","floor":35,"turns":5},{"damage":17,"enemies":"Orb Walker","floor":42,"turns":4},{"damage":32,"enemies":"3 Darklings","floor":48,"turns":5},{"damage":92,"enemies":"Time Eater","floor":50,"turns":5}],"seed_played":"-7518309651823240271","potions_obtained":[{"floor":3,"key":"AttackPotion"},{"floor":3,"key":"Strength Potion"},{"floor":3,"key":"EntropicBrew"},{"floor":4,"key":"Block Potion"},{"floor":7,"key":"Regen Potion"},{"floor":14,"key":"EntropicBrew"},{"floor":16,"key":"PowerPotion"},{"floor":23,"key":"LiquidBronze"},{"floor":28,"key":"SmokeBomb"},{"floor":35,"key":"SkillPotion"}],"is_trial":false,"path_per_floor":["M","?","?","M","M","R","E","R","T","$","E","M","M","M","R","B",null,"M","$","?","$","M","E","R","?","T","?","E","?","M","$","R","B",null,"M","?","?","?","?","R","$","M","T","$","?","R","$","M","R","B"],"character_chosen":"THE_SILENT","items_purchased":["Bouncing Flask","Cloak And Dagger","Caltrops","Lee\u0027s Waffle","Kunai","Trip","Footwork"],"campfire_rested":2,"item_purchase_floors":[10,21,21,31,41,41,44],"current_hp_per_floor":[60,60,60,58,58,58,46,46,46,46,31,26,17,57,57,7,54,48,48,48,48,28,13,34,10,10,10,10,10,10,77,77,13,61,53,43,43,43,43,43,43,30,30,30,49,49,49,21,44,0],"gold":15,"neow_bonus":"THREE_RARE_CARDS","is_prod":false,"is_daily":false,"chose_seed":false,"campfire_upgraded":6,"win_rate":0,"timestamp":1549075337,"path_taken":["M","?","?","?","M","R","E","R","T","$","E","M","M","M","R","BOSS","M","$","?","$","M","E","R","?","T","?","E","?","?","?","R","BOSS","M","?","?","?","?","R","$","M","T","$","?","R","?","M","R","BOSS"],"build_version":"2019-01-23","purchased_purges":3,"victory":false,"max_hp_per_floor":[70,70,70,70,70,70,70,70,70,70,70,70,70,70,70,70,70,70,70,70,70,70,70,70,70,70,70,70,70,70,77,77,77,77,77,77,77,77,77,77,77,77,77,77,77,77,77,77,77,77],"card_choices":[{"not_picked":["Bullet Time","Night Terror"],"picked":"Die Die Die","floor":0},{"not_picked":["Blade Dance","Prepared"],"picked":"Well Laid Plans","floor":1},{"not_picked":["Sucker Punch","Acrobatics"],"picked":"PiercingWail","floor":4},{"not_picked":["Flechettes","Poisoned Stab"],"picked":"Finisher","floor":5},{"not_picked":["Dash","Dodge and Roll"],"picked":"Cloak And Dagger","floor":7},{"not_picked":["Dodge and Roll","PiercingWail"],"picked":"Accuracy","floor":11},{"not_picked":["Accuracy","Setup"],"picked":"Venomology","floor":12},{"not_picked":["Dagger Throw","Deadly Poison"],"picked":"Blade Dance","floor":13},{"not_picked":["Quick Slash","Flying Knee"],"picked":"Finisher","floor":14},{"not_picked":["Venomology","Tools of the Trade"],"picked":"Storm of Steel","floor":16},{"not_picked":["Choke","Heel Hook"],"picked":"Blade Dance","floor":18},{"not_picked":["Backflip","Terror"],"picked":"Caltrops+1","floor":22},{"not_picked":["Distraction","Prepared+1"],"picked":"Backflip","floor":23},{"not_picked":["Slice","Bane"],"picked":"Glass Knife","floor":25},{"not_picked":["Eviscerate+1","Crippling Poison+1"],"picked":"Accuracy+1","floor":28},{"not_picked":["Storm of Steel","Envenom"],"picked":"Adrenaline","floor":33},{"not_picked":["Masterful Stab","Outmaneuver+1","Riddle With Holes"],"picked":"SKIP","floor":35},{"not_picked":["Impatience","Enlightenment"],"picked":"Finesse","floor":36},{"not_picked":["Metamorphosis","Enlightenment"],"picked":"Panache","floor":36},{"not_picked":["Panacea","Impatience"],"picked":"Bandage Up","floor":36},{"not_picked":["Dagger Throw","Expertise"],"picked":"Dodge and Roll+1","floor":42},{"not_picked":["Bane+1","Slice+1"],"picked":"Well Laid Plans","floor":48}],"player_experience":635557,"relics_obtained":[{"floor":7,"key":"Shuriken"},{"floor":9,"key":"Omamori"},{"floor":11,"key":"MawBank"},{"floor":23,"key":"PreservedInsect"},{"floor":25,"key":"Red Mask"},{"floor":26,"key":"Pantograph"},{"floor":28,"key":"StoneCalendar"},{"floor":43,"key":"Anchor"}],"event_choices":[{"damage_healed":0,"gold_gain":0,"player_choice":"Grow","damage_taken":0,"max_hp_gain":0,"max_hp_loss":0,"event_name":"Living Wall","floor":2,"gold_loss":0,"cards_upgraded":["Die Die Die"]},{"damage_healed":0,"gold_gain":0,"player_choice":"Bought 3 Potions","damage_taken":0,"max_hp_gain":0,"max_hp_loss":0,"event_name":"The Woman in Blue","floor":3,"gold_loss":0},{"damage_healed":0,"gold_gain":0,"player_choice":"Opened","damage_taken":0,"relics_obtained":["Bag of Marbles"],"max_hp_gain":0,"max_hp_loss":0,"event_name":"The Mausoleum","floor":20,"gold_loss":0},{"damage_healed":0,"gold_gain":0,"player_choice":"Fought Bandits","damage_taken":0,"max_hp_gain":0,"max_hp_loss":0,"event_name":"Masked Bandits","floor":25,"gold_loss":0},{"damage_healed":0,"gold_gain":99,"player_choice":"Stole From Cult","damage_taken":0,"max_hp_gain":0,"max_hp_loss":0,"event_name":"Nest","floor":27,"gold_loss":0},{"cards_removed":["Strike_G"],"damage_healed":0,"gold_gain":0,"player_choice":"Purged","damage_taken":0,"max_hp_gain":0,"max_hp_loss":0,"event_name":"Purifier","floor":29,"gold_loss":0},{"damage_healed":0,"gold_gain":0,"player_choice":"Memory 3","damage_taken":10,"max_hp_gain":0,"max_hp_loss":0,"event_name":"SensoryStone","floor":36,"gold_loss":0},{"damage_healed":0,"gold_gain":222,"player_choice":"Wore Mask","damage_taken":0,"max_hp_gain":0,"max_hp_loss":0,"event_name":"Tomb of Lord Red Mask","floor":37,"gold_loss":0},{"damage_healed":0,"gold_gain":0,"player_choice":"Ignored","damage_taken":0,"max_hp_gain":0,"max_hp_loss":0,"event_name":"Mysterious Sphere","floor":38,"gold_loss":0},{"cards_removed":["Neutralize"],"damage_healed":0,"gold_gain":0,"player_choice":"Removed Attack","damage_taken":0,"max_hp_gain":0,"max_hp_loss":0,"event_name":"Falling","floor":39,"gold_loss":0},{"damage_healed":19,"gold_gain":0,"player_choice":"Writhe","damage_taken":0,"max_hp_gain":0,"max_hp_loss":0,"event_name":"Winding Halls","floor":45,"gold_loss":0,"cards_obtained":["Writhe"]}],"is_beta":false,"boss_relics":[{"not_picked":["White Beast Statue","Lizard Tail"],"picked":"Astrolabe"},{"not_picked":["Runic Pyramid","Pandora\u0027s Box"],"picked":"Runic Dome"}],"items_purged_floors":[10,21,31],"is_endless":false,"potions_floor_spawned":[4,7,14,16,22,23,28,35,42],"killed_by":"Time Eater","ascension_level":9}