{"gold_per_floor":[112,287,287,32,32,71,71,71,118,137,162,180,220,220,220,220],"floor_reached":16,"playtime":329,"items_purged":[],"score":206,"play_id":"baeaaa9f-526e-4e64-ab34-60efdc51186d","local_time":"20190129151115","is_ascension_mode":true,"campfire_choices":[{"data":"Streamline","floor":7,"key":"SMITH"},{"data":"Dualcast","floor":15,"key":"SMITH"}],"neow_cost":"NONE","seed_source_timestamp":1003855935125485,"circlet_count":0,"master_deck":["AscendersBane","Strike_B","Strike_B","Strike_B","Strike_B","Defend_B","Defend_B","Defend_B","Defend_B","Zap","Dualcast+1","Cold Snap","Doubt","Streamline+1","FTL","Beam Cell","Go for the Eyes","Doom and Gloom"],"relics":["Cracked Core","NeowsBlessing","Golden Idol","Shuriken","Turnip","Regal Pillow","Ornamental Fan"],"potions_floor_usage":[14],"damage_taken":[{"damage":0,"enemies":"2 Louse","floor":1,"turns":1},{"damage":0,"enemies":"Gremlin Nob","floor":6,"turns":1},{"damage":0,"enemies":"Small Slimes","floor":10,"turns":1},{"damage":0,"enemies":"Jaw Worm","floor":11,"turns":2},{"damage":5,"enemies":"Large Slime","floor":12,"turns":5},{"damage":26,"enemies":"Lagavulin","floor":13,"turns":5},{"damage":47,"enemies":"Slime Boss","floor":16,"turns":6}],"seed_played":"-8047028911135404941","potions_obtained":[{"floor":10,"key":"Energy Potion"},{"floor":11,"key":"Ancient Potion"},{"floor":14,"key":"Fruit Juice"},{"floor":14,"key":"Energy Potion"}],"is_trial":false,"path_per_floor":["M","?","?","$","?","E","R","$","T","M","M","M","E","?","R","B"],"character_chosen":"DEFECT","items_purchased":["Shuriken"],"campfire_rested":0,"item_purchase_floors":[4],"current_hp_per_floor":[68,68,68,68,73,73,73,73,73,73,73,68,42,47,47,0],"gold":220,"neow_bonus":"THREE_ENEMY_KILL","is_prod":false,"is_daily":false,"chose_seed":false,"campfire_upgraded":2,"win_rate":0,"timestamp":1548792675,"path_taken":["M","?","?","$","?","E","R","$","T","M","M","M","E","?","R","BOSS"],"build_version":"2019-01-23","purchased_purges":0,"victory":false,"max_hp_per_floor":[75,75,69,69,74,74,74,74,74,74,74,74,74,79,79,79],"card_choices":[{"not_picked":["Barrage","Steam"],"picked":"Cold Snap","floor":1},{"not_picked":["Undo","Redo"],"picked":"Streamline","floor":6},{"not_picked":["Capacitor","Seek"],"picked":"FTL","floor":10},{"not_picked":["Force Field","Conserve Battery"],"picked":"Beam Cell","floor":11},{"not_picked":["Conserve Battery","Glacier"],"picked":"Go for the Eyes","floor":12},{"not_picked":["Meteor Strike","Rebound"],"picked":"Doom and Gloom","floor":13}],"player_experience":539997,"relics_obtained":[{"floor":6,"key":"Turnip"},{"floor":9,"key":"Regal Pillow"},{"floor":13,"key":"Ornamental Fan"}],"event_choices":[{"damage_healed":0,"gold_gain":175,"player_choice":"AGREE","damage_taken":0,"max_hp_gain":0,"max_hp_loss":0,"event_name":"Liars Game","floor":2,"gold_loss":0,"cards_obtained":["Doubt"]},{"damage_healed":0,"gold_gain":0,"player_choice":"Lose Max HP","damage_taken":0,"relics_obtained":["Golden Idol"],"max_hp_gain":0,"max_hp_loss":6,"event_name":"Golden Idol","floor":3,"gold_loss":0},{"damage_healed":0,"gold_gain":0,"player_choice":"Donut","damage_taken":0,"max_hp_gain":5,"max_hp_loss":0,"event_name":"Big Fish","floor":5,"gold_loss":0},{"damage_healed":0,"gold_gain":0,"player_choice":"Got Potions","damage_taken":0,"max_hp_gain":0,"max_hp_loss":0,"event_name":"Lab","floor":14,"gold_loss":0}],"is_beta":false,"boss_relics":[],"items_purged_floors":[],"is_endless":false,"potions_floor_spawned":[10,11,12],"killed_by":"Slime Boss","ascension_level":11}