{"gold_per_floor":[218,236,511,117,128,128,146,146,170,245,90,90,90,109,109,186,186,203,203,217,60,0,0,0,0],"floor_reached":25,"playtime":942,"items_purged":["Regret"],"score":321,"play_id":"8d33618c-9918-419a-bf19-b5aa401751c1","local_time":"20190224212638","is_ascension_mode":true,"campfire_choices":[{"data":"Neutralize","floor":6.0,"key":"SMITH"},{"data":"Well Laid Plans","floor":8.0,"key":"SMITH"},{"floor":13.0,"key":"REST"},{"data":"Predator","floor":15.0,"key":"SMITH"},{"data":"Glass Knife","floor":23,"key":"SMITH"}],"neow_cost":"NONE","seed_source_timestamp":113217768761122,"circlet_count":0,"master_deck":["AscendersBane","Defend_G","Defend_G","Defend_G","Defend_G","Defend_G","Strike_G","Strike_G","Survivor","Neutralize+1","Well Laid Plans+1","Predator+1","Glass Knife+1","Sucker Punch+1","Wraith Form v2+1","Phantasmal Killer+1","Leg Sweep"],"special_seed":0,"relics":["Ring of the Snake","Mercury Hourglass","Oddly Smooth Stone","Regal Pillow","Omamori","Astrolabe","Vajra"],"potions_floor_usage":[],"damage_taken":[{"damage":2.0,"enemies":"Jaw Worm","floor":1.0,"turns":5.0},{"damage":1.0,"enemies":"Cultist","floor":2.0,"turns":5.0},{"damage":7.0,"enemies":"Small Slimes","floor":5.0,"turns":3.0},{"damage":10.0,"enemies":"3 Louse","floor":7.0,"turns":4.0},{"damage":0.0,"enemies":"Blue Slaver","floor":14.0,"turns":4.0},{"damage":36.0,"enemies":"The Guardian","floor":16.0,"turns":16.0},{"damage":2.0,"enemies":"2 Thieves","floor":18.0,"turns":4.0},{"damage":0,"enemies":"Chosen","floor":20,"turns":4},{"damage":49,"enemies":"Slavers","floor":25,"turns":5}],"seed_played":"-2135824817181435731","potions_obtained":[{"floor":1.0,"key":"Poison Potion"},{"floor":5.0,"key":"Strength Potion"},{"floor":20,"key":"Swift Potion"}],"is_trial":false,"path_per_floor":["M","M","?","$","M","R","M","R","T","?","$","?","R","M","R","B",null,"M","?","M","$","?","R","$","E"],"character_chosen":"THE_SILENT","items_purchased":["Well Laid Plans","Mercury Hourglass","Regal Pillow","Vajra"],"campfire_rested":1,"item_purchase_floors":[4,4,11,21],"current_hp_per_floor":[57,56,56,56,49,49,39,39,39,28,28,21,55,55,55,19,54,52,40,40,40,40,40,40,0],"gold":0,"neow_bonus":"HUNDRED_GOLD","is_prod":false,"is_daily":false,"chose_seed":false,"campfire_upgraded":4,"win_rate":0,"timestamp":1551072398,"path_taken":["M","M","?","$","?","R","M","R","T","?","$","?","R","M","R","BOSS","M","?","M","$","?","R","?","E"],"build_version":"2019-01-23","purchased_purges":1,"victory":false,"max_hp_per_floor":[66,66,66,66,66,66,66,66,66,66,66,66,66,66,66,66,66,66,71,71,71,71,71,71,71],"card_choices":[{"not_picked":["Setup","PiercingWail","Outmaneuver"],"picked":"SKIP","floor":1.0},{"not_picked":["Accuracy","Setup","Prepared"],"picked":"SKIP","floor":2.0},{"not_picked":["Outmaneuver","Escape Plan","Accuracy"],"picked":"SKIP","floor":5.0},{"not_picked":["Outmaneuver","Endless Agony","Deadly Poison"],"picked":"SKIP","floor":7.0},{"not_picked":["Acrobatics","Deadly Poison"],"picked":"Predator","floor":14.0},{"not_picked":["Burst","Die Die Die"],"picked":"Glass Knife","floor":16.0},{"not_picked":["Dagger Spray","Deadly Poison"],"picked":"Leg Sweep","floor":18.0},{"not_picked":["Underhanded Strike","Acrobatics","Concentrate"],"picked":"SKIP","floor":20}],"player_experience":507285,"relics_obtained":[{"floor":9.0,"key":"Oddly Smooth Stone"}],"event_choices":[{"damage_healed":0.0,"max_hp_gain":0.0,"max_hp_loss":0.0,"gold_gain":275.0,"event_name":"Golden Shrine","player_choice":"Desecrate","floor":3.0,"gold_loss":0.0,"damage_taken":0.0,"cards_obtained":["Regret"]},{"damage_healed":0.0,"max_hp_gain":0.0,"max_hp_loss":0.0,"gold_gain":75.0,"event_name":"World of Goop","player_choice":"Gather Gold","floor":10.0,"gold_loss":0.0,"damage_taken":11.0},{"damage_healed":0.0,"max_hp_gain":0.0,"max_hp_loss":0.0,"gold_gain":0.0,"event_name":"Scrap Ooze","player_choice":"Success","floor":12.0,"gold_loss":0.0,"damage_taken":7.0,"relics_obtained":["Omamori"]},{"damage_healed":0.0,"max_hp_gain":5.0,"max_hp_loss":0.0,"gold_gain":0.0,"event_name":"Forgotten Altar","player_choice":"Shed Blood","floor":19.0,"gold_loss":0.0,"damage_taken":17.0},{"damage_healed":0,"gold_gain":0,"player_choice":"Paid Fearfully","damage_taken":0,"max_hp_gain":0,"max_hp_loss":0,"event_name":"Masked Bandits","floor":22,"gold_loss":60}],"is_beta":false,"boss_relics":[{"not_picked":["Philosopher\u0027s Stone","Coffee Dripper"],"picked":"Astrolabe"}],"items_purged_floors":[4],"is_endless":false,"potions_floor_spawned":[1,5,7,14,20],"killed_by":"Slavers","ascension_level":14}