{"gold_per_floor":[111,131,131,143,143,143,218,244,269,269,269,269,53,64,64,163,163,181,194,293,306,316,316,343,343,366,394,394,394,407,407,407,407],"floor_reached":33,"playtime":1851,"items_purged":[],"score":340,"play_id":"db17c085-b9b7-4fe2-a085-2fef41f068ab","local_time":"20190208200834","is_ascension_mode":true,"campfire_choices":[{"data":"Dualcast","floor":6,"key":"SMITH"},{"floor":10,"key":"REST"},{"floor":12,"key":"RECALL"},{"floor":15,"key":"REST"},{"data":"Seek","floor":23,"key":"SMITH"},{"floor":25,"key":"REST"},{"floor":32,"key":"REST"}],"neow_cost":"TEN_PERCENT_HP_LOSS","seed_source_timestamp":2869402141339,"circlet_count":0,"master_deck":["Strike_B+1","Strike_B+1","Defend_B+1","Defend_B+1","Defend_B+1","Zap+1","Dualcast+1","Cold Snap","Loop","Seek+1","Sunder","Leap+1","FTL","Auto Shields+1","Beam Cell"],"relics":["Cracked Core","Pen Nib","Cables","Bronze Scales","Art of War","White Beast Statue","DataDisk","Darkstone Periapt","Juzu Bracelet","Letter Opener"],"potions_floor_usage":[8,19,21,21,24,24,27,33,33,33],"damage_taken":[{"damage":0,"enemies":"Small Slimes","floor":1,"turns":3},{"damage":2,"enemies":"Jaw Worm","floor":2,"turns":5},{"damage":0,"enemies":"2 Louse","floor":4,"turns":3},{"damage":36,"enemies":"Gremlin Nob","floor":8,"turns":4},{"damage":7,"enemies":"Gremlin Gang","floor":14,"turns":3},{"damage":12,"enemies":"The Guardian","floor":16,"turns":9},{"damage":11,"enemies":"Chosen","floor":18,"turns":5},{"damage":16,"enemies":"2 Thieves","floor":19,"turns":3},{"damage":6,"enemies":"Centurion and Healer","floor":21,"turns":5},{"damage":14,"enemies":"Cultist and Chosen","floor":22,"turns":8},{"damage":16,"enemies":"Book of Stabbing","floor":24,"turns":5},{"damage":10,"enemies":"Slavers","floor":27,"turns":7},{"damage":0,"enemies":"Chosen and Byrds","floor":30,"turns":3},{"damage":63,"enemies":"Champ","floor":33,"turns":11}],"seed_played":"663819714768818893","potions_obtained":[{"floor":1,"key":"Fire Potion"},{"floor":2,"key":"Swift Potion"},{"floor":14,"key":"Ancient Potion"},{"floor":18,"key":"Strength Potion"},{"floor":19,"key":"Explosive Potion"},{"floor":21,"key":"Swift Potion"},{"floor":22,"key":"Explosive Potion"},{"floor":24,"key":"Block Potion"},{"floor":27,"key":"Poison Potion"},{"floor":30,"key":"SkillPotion"}],"is_trial":false,"path_per_floor":["M","M","?","M","?","R","?","E","T","R","?","R","$","M","R","B",null,"M","M","?","M","M","R","E","R","T","E","?","?","M","T","R","B"],"character_chosen":"DEFECT","items_purchased":["Art of War","Loop"],"campfire_rested":4,"item_purchase_floors":[13,13],"current_hp_per_floor":[68,66,59,59,59,59,48,12,12,32,32,32,32,25,45,33,68,57,41,41,35,21,21,5,25,25,15,15,15,15,15,35,0],"gold":407,"neow_bonus":"REMOVE_TWO","is_prod":false,"is_daily":false,"chose_seed":false,"campfire_upgraded":2,"win_rate":0,"timestamp":1549685314,"path_taken":["M","M","?","M","?","R","?","E","T","R","?","R","$","?","R","BOSS","M","M","?","M","M","R","E","R","T","E","?","?","M","?","R","BOSS"],"build_version":"2019-01-23","purchased_purges":0,"victory":false,"max_hp_per_floor":[68,68,68,68,68,68,68,68,68,68,68,68,68,68,68,68,68,68,68,68,68,68,68,68,68,68,68,68,68,68,68,68,68],"card_choices":[{"not_picked":["Steam Power","Stack","Coolheaded"],"picked":"SKIP","floor":1},{"not_picked":["Steam Power","Hologram","Rebound"],"picked":"SKIP","floor":2},{"not_picked":["Amplify","Coolheaded","Hologram"],"picked":"SKIP","floor":4},{"not_picked":["Darkness","Turbo"],"picked":"Cold Snap","floor":8},{"not_picked":["Gash","Steam","Turbo"],"picked":"SKIP","floor":14},{"not_picked":["Reboot","All For One"],"picked":"Seek","floor":16},{"not_picked":["Doom and Gloom+1","Go for the Eyes"],"picked":"Sunder","floor":18},{"not_picked":["Blizzard","Beam Cell"],"picked":"Leap+1","floor":19},{"not_picked":["Turbo+1","Leap"],"picked":"FTL","floor":21},{"not_picked":["Aggregate","Heatsinks+1","Steam Power"],"picked":"SKIP","floor":22},{"not_picked":["Hello World+1","Reprogram"],"picked":"Auto Shields+1","floor":24},{"not_picked":["Aggregate+1","Hello World+1"],"picked":"Beam Cell","floor":27},{"not_picked":["Sweeping Beam","Turbo","Coolheaded"],"picked":"SKIP","floor":30}],"player_experience":298782,"relics_obtained":[{"floor":8,"key":"Cables"},{"floor":9,"key":"Bronze Scales"},{"floor":24,"key":"DataDisk"},{"floor":27,"key":"Darkstone Periapt"},{"floor":28,"key":"Juzu Bracelet"},{"floor":31,"key":"Letter Opener"}],"event_choices":[{"damage_healed":0,"gold_gain":0,"player_choice":"Success","damage_taken":7,"relics_obtained":["Pen Nib"],"max_hp_gain":0,"max_hp_loss":0,"event_name":"Scrap Ooze","floor":3,"gold_loss":0},{"damage_healed":0,"gold_gain":0,"player_choice":"Grow","damage_taken":0,"max_hp_gain":0,"max_hp_loss":0,"event_name":"Living Wall","floor":5,"gold_loss":0,"cards_upgraded":["Zap"]},{"damage_healed":0,"gold_gain":75,"player_choice":"Gather Gold","damage_taken":11,"max_hp_gain":0,"max_hp_loss":0,"event_name":"World of Goop","floor":7,"gold_loss":0},{"cards_removed":["Defend_B"],"damage_healed":0,"gold_gain":0,"player_choice":"Purged","damage_taken":0,"max_hp_gain":0,"max_hp_loss":0,"event_name":"Purifier","floor":11,"gold_loss":0},{"damage_healed":0,"gold_gain":99,"player_choice":"Stole From Cult","damage_taken":0,"max_hp_gain":0,"max_hp_loss":0,"event_name":"Nest","floor":20,"gold_loss":0},{"damage_healed":0,"gold_gain":0,"player_choice":"Relic","damage_taken":0,"max_hp_gain":0,"max_hp_loss":0,"event_name":"Wheel of Change","floor":28,"gold_loss":0},{"damage_healed":0,"gold_gain":0,"player_choice":"Simplicity","damage_taken":0,"max_hp_gain":0,"max_hp_loss":0,"event_name":"Back to Basics","floor":29,"gold_loss":0,"cards_upgraded":["Strike_B","Strike_B","Defend_B","Defend_B","Defend_B"]}],"is_beta":false,"boss_relics":[{"not_picked":["Lizard Tail","Runic Pyramid"],"picked":"White Beast Statue"}],"items_purged_floors":[],"is_endless":false,"potions_floor_spawned":[1,2,14,18,19,21,22,24,27,30],"killed_by":"Champ","ascension_level":4}