{"gold_per_floor":[114,189,205,218,236,236,261,261,261,261,278,10,35,35,35,131,131,96,110,110],"floor_reached":20,"playtime":840,"items_purged":["Strike_B"],"score":267,"play_id":"e400a8fd-2f30-4d0f-a57d-43908f16c0c0","local_time":"20190207201809","is_ascension_mode":true,"campfire_choices":[{"data":"Capacitor","floor":6.0,"key":"SMITH"},{"floor":8.0,"key":"REST"},{"floor":10.0,"key":"REST"},{"floor":15.0,"key":"REST"}],"neow_cost":"NONE","seed_source_timestamp":38036824958396,"circlet_count":0,"master_deck":["Strike_B","Strike_B","Strike_B","Defend_B","Defend_B","Defend_B","Defend_B","Zap","Dualcast","Barrage","Glacier","Streamline","Capacitor+1","Defragment","Glacier+1","Reboot+1","Hologram+1","Redo+1"],"special_seed":0,"relics":["Cracked Core","Pen Nib","Lantern","Toxic Egg 2","Runic Capacitor","Bottled Lightning"],"potions_floor_usage":[],"damage_taken":[{"damage":4.0,"enemies":"Small Slimes","floor":1.0,"turns":3.0},{"damage":1.0,"enemies":"2 Louse","floor":3.0,"turns":2.0},{"damage":1.0,"enemies":"Cultist","floor":4.0,"turns":4.0},{"damage":2.0,"enemies":"Looter","floor":5.0,"turns":3.0},{"damage":44.0,"enemies":"Gremlin Nob","floor":7.0,"turns":5.0},{"damage":4.0,"enemies":"Gremlin Gang","floor":11.0,"turns":5.0},{"damage":15.0,"enemies":"3 Sentries","floor":13.0,"turns":8.0},{"damage":21.0,"enemies":"The Guardian","floor":16.0,"turns":13.0},{"damage":15,"enemies":"2 Thieves","floor":18,"turns":5},{"damage":9,"enemies":"3 Byrds","floor":19,"turns":8},{"damage":50,"enemies":"Cultist and Chosen","floor":20,"turns":4}],"seed_played":"2542666703681473679","potions_obtained":[{"floor":3.0,"key":"SkillPotion"},{"floor":4.0,"key":"SteroidPotion"},{"floor":7.0,"key":"SkillPotion"},{"floor":13.0,"key":"SteroidPotion"}],"is_trial":false,"path_per_floor":["M","?","M","M","M","R","E","R","T","R","M","$","E","?","R","B",null,"M","M","M"],"character_chosen":"DEFECT","items_purchased":["Runic Capacitor"],"campfire_rested":3,"item_purchase_floors":[12],"current_hp_per_floor":[64,53,52,51,49,49,5,27,27,49,45,45,30,30,52,31,64,49,40,0],"gold":110,"neow_bonus":"RANDOM_COMMON_RELIC","is_prod":false,"is_daily":false,"chose_seed":false,"campfire_upgraded":1,"win_rate":0,"timestamp":1549538289,"path_taken":["M","?","M","M","M","R","E","R","T","R","M","$","E","?","R","BOSS","M","M","M"],"build_version":"2019-01-23","purchased_purges":1,"victory":false,"max_hp_per_floor":[75,75,75,75,75,75,75,75,75,75,75,75,75,75,75,75,75,75,75,75],"card_choices":[{"not_picked":["Reinforced Body","Hello World"],"picked":"Barrage","floor":1.0},{"not_picked":["Cold Snap","Coolheaded"],"picked":"Glacier","floor":3.0},{"not_picked":["Loop","Compile Driver"],"picked":"Streamline","floor":4.0},{"not_picked":["Leap","Go for the Eyes"],"picked":"Capacitor","floor":5.0},{"not_picked":["Thunder Strike","Reinforced Body"],"picked":"Defragment","floor":7.0},{"not_picked":["Beam Cell","Rebound","Force Field+1"],"picked":"SKIP","floor":11.0},{"not_picked":["Steam+1","Steam Power+1"],"picked":"Glacier+1","floor":13.0},{"not_picked":["Meteor Strike","Hyperbeam"],"picked":"Reboot+1","floor":16.0},{"not_picked":["Leap+1","Coolheaded+1"],"picked":"Hologram+1","floor":18},{"not_picked":["Hello World","Hyperbeam"],"picked":"Redo+1","floor":19}],"player_experience":284801,"relics_obtained":[{"floor":7.0,"key":"Lantern"},{"floor":9.0,"key":"Toxic Egg 2"},{"floor":13.0,"key":"Bottled Lightning"}],"event_choices":[{"damage_healed":0.0,"max_hp_gain":0.0,"max_hp_loss":0.0,"gold_gain":75.0,"event_name":"World of Goop","player_choice":"Gather Gold","floor":2.0,"gold_loss":0.0,"damage_taken":11.0},{"damage_healed":0.0,"max_hp_gain":0.0,"max_hp_loss":0.0,"gold_gain":0.0,"event_name":"Shining Light","player_choice":"Ignored","floor":14.0,"gold_loss":0.0,"damage_taken":0.0}],"is_beta":false,"boss_relics":[{"not_picked":["Busted Crown","Runic Dome","Ectoplasm"]}],"items_purged_floors":[12],"is_endless":false,"potions_floor_spawned":[3,4,7,13],"killed_by":"Cultist and Chosen","ascension_level":9}