{"gold_per_floor":[115,125,138,149,6,33,52,52,52,68,86,143,143,160,160,160],"floor_reached":16,"playtime":623,"items_purged":["Strike_B"],"score":122,"play_id":"c9a47414-9e99-4614-bf84-7333fa139ff2","local_time":"20190105131755","is_ascension_mode":true,"campfire_choices":[{"floor":13,"key":"REST"},{"floor":15,"key":"REST"}],"neow_cost":"TEN_PERCENT_HP_LOSS","seed_source_timestamp":9398759827893,"circlet_count":0,"master_deck":["Strike_B","Defend_B","Defend_B","Defend_B","Defend_B","Zap+1","Dualcast","Consume","Leap","Ball Lightning","Biased Cognition","Streamline","Coolheaded","Sunder","Melter","Go for the Eyes"],"relics":["Cracked Core","StoneCalendar","Tiny Chest"],"potions_floor_usage":[6,12],"damage_taken":[{"damage":1,"enemies":"Jaw Worm","floor":1,"turns":4},{"damage":1,"enemies":"Cultist","floor":2,"turns":3},{"damage":5,"enemies":"Small Slimes","floor":3,"turns":4},{"damage":4,"enemies":"Red Slaver","floor":4,"turns":3},{"damage":28,"enemies":"Gremlin Nob","floor":6,"turns":4},{"damage":18,"enemies":"Lots of Slimes","floor":7,"turns":3},{"damage":0,"enemies":"Blue Slaver","floor":10,"turns":3},{"damage":2,"enemies":"Large Slime","floor":11,"turns":5},{"damage":13,"enemies":"Lagavulin","floor":12,"turns":5},{"damage":15,"enemies":"Gremlin Gang","floor":14,"turns":3},{"damage":30,"enemies":"Slime Boss","floor":16,"turns":5}],"seed_played":"1531231039540070775","potions_obtained":[{"floor":1,"key":"Regen Potion"},{"floor":3,"key":"FearPotion"},{"floor":4,"key":"AttackPotion"},{"floor":7,"key":"Block Potion"}],"is_trial":false,"path_per_floor":["M","M","M","M","$","E","M","?","T","M","M","E","R","M","R","B"],"character_chosen":"DEFECT","items_purchased":["Biased Cognition"],"campfire_rested":2,"item_purchase_floors":[5],"current_hp_per_floor":[67,66,61,57,57,38,20,20,20,20,18,5,25,10,30,0],"gold":160,"neow_bonus":"REMOVE_TWO","is_prod":false,"is_daily":false,"chose_seed":false,"campfire_upgraded":0,"win_rate":0,"timestamp":1546661875,"path_taken":["M","M","M","M","$","E","M","?","T","M","M","E","R","M","R","BOSS"],"build_version":"2019-01-03v4","purchased_purges":1,"victory":false,"max_hp_per_floor":[68,68,68,68,68,68,68,68,68,68,68,68,68,68,68,68],"card_choices":[{"not_picked":["Static Discharge","Chaos"],"picked":"Consume","floor":1},{"not_picked":["Hello World","Sweeping Beam"],"picked":"Leap","floor":2},{"not_picked":["Double Energy","Steam"],"picked":"Ball Lightning","floor":3},{"not_picked":["Aggregate","Ball Lightning","Hologram"],"picked":"SKIP","floor":4},{"not_picked":["Hello World","Go for the Eyes"],"picked":"Streamline","floor":6},{"not_picked":["Hologram","Tempest"],"picked":"Coolheaded","floor":7},{"not_picked":["Chaos","Hologram"],"picked":"Sunder","floor":10},{"not_picked":["Ball Lightning","Coolheaded","Aggregate"],"picked":"SKIP","floor":11},{"not_picked":["Steam Power","Gash"],"picked":"Melter","floor":12},{"not_picked":["Static Discharge","Barrage"],"picked":"Go for the Eyes","floor":14}],"player_experience":105343,"relics_obtained":[{"floor":6,"key":"StoneCalendar"},{"floor":12,"key":"Tiny Chest"}],"event_choices":[{"damage_healed":0,"gold_gain":0,"player_choice":"Upgraded","damage_taken":0,"max_hp_gain":0,"max_hp_loss":0,"event_name":"Upgrade Shrine","floor":8,"gold_loss":0,"cards_upgraded":["Zap"]}],"is_beta":false,"boss_relics":[],"items_purged_floors":[5],"is_endless":false,"potions_floor_spawned":[1,3,4,7],"killed_by":"Slime Boss","ascension_level":1}