{"gold_per_floor":[211,224,37,55,66,66,80,80,153,153,179,179,208,227,227,325,325,345,345,202,202,202,261,261,290,290,303,321,321,321,349,349,447,447,458,513,39,139,104,104,104,104,157,157,175,201,25,35,35,35],"floor_reached":51,"playtime":3439,"items_purged":["Shame","Strike_G+1","Strike_G+1"],"score":1102,"play_id":"6ef29c49-abda-49a0-b171-1f2095608b8d","local_time":"20190212231402","is_ascension_mode":true,"campfire_choices":[{"data":"Apotheosis","floor":6.0,"key":"SMITH"},{"data":"Neutralize","floor":8.0,"key":"SMITH"},{"data":"Backstab","floor":10.0,"key":"SMITH"},{"data":"Footwork","floor":12.0,"key":"SMITH"},{"data":"Backflip","floor":15,"key":"SMITH"},{"floor":24,"key":"REST"},{"data":"Tools of the Trade","floor":29,"key":"SMITH"},{"floor":32,"key":"REST"},{"data":"Strike_G+1","floor":40,"key":"PURGE"},{"data":"Noxious Fumes","floor":42,"key":"SMITH"},{"data":"Defend_G+1","floor":44,"key":"PURGE"},{"floor":49,"key":"REST"}],"neow_cost":"NONE","seed_source_timestamp":0,"circlet_count":0,"master_deck":["Defend_G+1","Defend_G+1","Defend_G+1","Defend_G+1","Strike_G+1","Strike_G+1","Survivor","Neutralize+1","PiercingWail+1","Dagger Spray","Apotheosis+1","Backstab+1","Crippling Poison+1","Footwork+1","Tools of the Trade+1","Backflip+1","Adrenaline","Dash","Caltrops","Infinite Blades","Backflip","After Image","Footwork+1","Envenom","Noxious Fumes+1","Bandage Up","Cloak And Dagger","Cloak And Dagger"],"special_seed":0,"relics":["Ring of the Serpent","Mummified Hand","Odd Mushroom","StoneCalendar","Sozu","Potion Belt","Tiny Chest","Ornamental Fan","Letter Opener","Dream Catcher","Peace Pipe","Omamori","War Paint","Tough Bandages","Vajra","Gremlin Horn"],"potions_floor_usage":[50,50],"damage_taken":[{"damage":2.0,"enemies":"Jaw Worm","floor":1.0,"turns":6.0},{"damage":0.0,"enemies":"Small Slimes","floor":2.0,"turns":4.0},{"damage":1.0,"enemies":"2 Louse","floor":4.0,"turns":3.0},{"damage":3.0,"enemies":"Blue Slaver","floor":5.0,"turns":7.0},{"damage":2.0,"enemies":"Large Slime","floor":7.0,"turns":6.0},{"damage":16.0,"enemies":"The Mushroom Lair","floor":11.0,"turns":4.0},{"damage":7.0,"enemies":"3 Sentries","floor":13.0,"turns":7.0},{"damage":0.0,"enemies":"2 Fungi Beasts","floor":14.0,"turns":3.0},{"damage":0,"enemies":"Hexaghost","floor":16,"turns":11},{"damage":0,"enemies":"Spheric Guardian","floor":18,"turns":4},{"damage":14,"enemies":"Gremlin Leader","floor":23,"turns":7},{"damage":0,"enemies":"Book of Stabbing","floor":25,"turns":5},{"damage":9,"enemies":"2 Thieves","floor":27,"turns":4},{"damage":0,"enemies":"Centurion and Healer","floor":28,"turns":5},{"damage":16,"enemies":"Slavers","floor":31,"turns":4},{"damage":18,"enemies":"Collector","floor":33,"turns":11},{"damage":0,"enemies":"3 Shapes","floor":35,"turns":4},{"damage":19,"enemies":"2 Orb Walkers","floor":36,"turns":7},{"damage":3,"enemies":"Mind Bloom Boss Battle","floor":38,"turns":7},{"damage":5,"enemies":"3 Darklings","floor":45,"turns":4},{"damage":0,"enemies":"Nemesis","floor":46,"turns":7},{"damage":11,"enemies":"Sphere and 2 Shapes","floor":48,"turns":5},{"damage":12,"enemies":"Donu and Deca","floor":50,"turns":9}],"seed_played":"7504118937043823870","potions_obtained":[{"floor":4.0,"key":"Energy Potion"},{"floor":7.0,"key":"LiquidBronze"},{"floor":13.0,"key":"Dexterity Potion"}],"is_trial":false,"path_per_floor":["M","M","$","M","M","R","M","R","T","R","?","R","E","M","R","B",null,"M","?","$","?","?","E","R","E","T","M","M","R","T","E","R","B",null,"M","?","$","?","$","R","?","R","T","R","M","E","$","M","R","B",null],"character_chosen":"THE_SILENT","items_purchased":["Apotheosis","Dash","Omamori","War Paint","Envenom","Noxious Fumes","Cloak And Dagger"],"campfire_rested":3,"item_purchase_floors":[3,20,37,37,37,39,47],"current_hp_per_floor":[61,61,61,60,57,57,55,55,55,55,39,39,32,32,32,32,61,61,61,61,61,61,47,68,68,68,59,59,59,59,43,64,46,64,64,45,45,42,42,42,42,42,42,42,41,45,45,40,61,53],"gold":35,"neow_bonus":"HUNDRED_GOLD","is_prod":false,"is_daily":false,"chose_seed":false,"campfire_upgraded":7,"win_rate":0,"timestamp":1550042042,"path_taken":["M","M","$","M","M","R","M","R","T","R","?","R","E","M","R","BOSS","M","?","$","?","?","E","R","E","T","M","M","R","?","E","R","BOSS","M","?","$","?","?","R","?","R","T","R","M","E","$","M","R","BOSS"],"build_version":"2019-01-23","purchased_purges":3,"victory":true,"max_hp_per_floor":[70,70,70,70,70,70,70,70,70,70,70,70,70,70,70,70,70,70,70,70,70,70,70,70,70,70,70,70,70,70,70,70,70,70,70,70,70,70,70,70,70,70,70,70,70,70,70,70,70,70],"card_choices":[{"not_picked":["Deflect","Dagger Spray"],"picked":"PiercingWail","floor":1.0},{"not_picked":["PiercingWail","Deadly Poison"],"picked":"Dagger Spray","floor":2.0},{"not_picked":["Flying Knee","Blade Dance"],"picked":"Backstab","floor":4.0},{"not_picked":["Flying Knee","Acrobatics"],"picked":"Crippling Poison","floor":5.0},{"not_picked":["Dagger Throw","Reflex","Underhanded Strike"],"picked":"SKIP","floor":7.0},{"not_picked":["Deflect","Reflex"],"picked":"Footwork","floor":11.0},{"not_picked":["Catalyst","Reflex"],"picked":"Tools of the Trade","floor":13.0},{"not_picked":["Quick Slash","Calculated Gamble"],"picked":"Backflip","floor":14.0},{"not_picked":["A Thousand Cuts","Doppelganger"],"picked":"Adrenaline","floor":16},{"not_picked":["Dagger Spray","Riddle With Holes","Sucker Punch"],"picked":"SKIP","floor":18},{"not_picked":["Sucker Punch","Dodge and Roll"],"picked":"Caltrops","floor":23},{"not_picked":["Poisoned Stab","Phantasmal Killer"],"picked":"Infinite Blades","floor":25},{"not_picked":["Bouncing Flask","Sucker Punch"],"picked":"Backflip","floor":27},{"not_picked":["Reflex","Outmaneuver","Dodge and Roll"],"picked":"SKIP","floor":28},{"not_picked":["Blur","Expertise+1","Grand Finale"],"picked":"SKIP","floor":31},{"not_picked":["Night Terror","Bullet Time"],"picked":"After Image","floor":33},{"not_picked":["Setup+1","Masterful Stab+1","Dagger Throw+1"],"picked":"SKIP","floor":35},{"not_picked":["All Out Attack","Bane"],"picked":"Footwork+1","floor":36},{"not_picked":["Deep Breath","Enlightenment"],"picked":"Bandage Up","floor":41},{"not_picked":["Escape Plan","Infinite Blades","Blur+1"],"picked":"SKIP","floor":45},{"not_picked":["Acrobatics","Unload","Blade Dance+1"],"picked":"SKIP","floor":46},{"not_picked":["Bane","Bouncing Flask"],"picked":"Cloak And Dagger","floor":48}],"player_experience":352193,"relics_obtained":[{"floor":9.0,"key":"Mummified Hand"},{"floor":11.0,"key":"Odd Mushroom"},{"floor":13.0,"key":"StoneCalendar"},{"floor":23,"key":"Tiny Chest"},{"floor":25,"key":"Ornamental Fan"},{"floor":26,"key":"Letter Opener"},{"floor":31,"key":"Dream Catcher"},{"floor":36,"key":"Peace Pipe"},{"floor":38,"key":"Tough Bandages"},{"floor":43,"key":"Vajra"},{"floor":46,"key":"Gremlin Horn"}],"event_choices":[{"damage_healed":0.0,"max_hp_gain":0.0,"max_hp_loss":0.0,"gold_gain":0.0,"event_name":"Mushrooms","player_choice":"Fought Mushrooms","floor":11.0,"gold_loss":0.0,"damage_taken":0.0},{"damage_healed":0,"gold_gain":0,"player_choice":"Stole Relic","damage_taken":0,"relics_obtained":["Potion Belt"],"max_hp_gain":0,"max_hp_loss":0,"event_name":"Addict","floor":19,"gold_loss":0,"cards_obtained":["Shame"]},{"damage_healed":0,"gold_gain":0,"player_choice":"Simplicity","damage_taken":0,"max_hp_gain":0,"max_hp_loss":0,"event_name":"Back to Basics","floor":21,"gold_loss":0,"cards_upgraded":["Defend_G","Defend_G","Defend_G","Defend_G","Defend_G","Strike_G","Strike_G","Strike_G","Strike_G","Strike_G"]},{"damage_healed":0,"gold_gain":0,"player_choice":"Ignored","damage_taken":0,"max_hp_gain":0,"max_hp_loss":0,"event_name":"Ghosts","floor":22,"gold_loss":0},{"damage_healed":0,"gold_gain":0,"player_choice":"Fight","damage_taken":0,"max_hp_gain":0,"max_hp_loss":0,"event_name":"Mysterious Sphere","floor":36,"gold_loss":0},{"damage_healed":0,"gold_gain":0,"player_choice":"Fight","damage_taken":0,"max_hp_gain":0,"max_hp_loss":0,"event_name":"MindBloom","floor":38,"gold_loss":0},{"damage_healed":0,"gold_gain":0,"player_choice":"Memory 1","damage_taken":0,"max_hp_gain":0,"max_hp_loss":0,"event_name":"SensoryStone","floor":41,"gold_loss":0}],"is_beta":false,"boss_relics":[{"not_picked":["Empty Cage","Ectoplasm"],"picked":"Sozu"},{"not_picked":["Coffee Dripper","Fusion Hammer"],"picked":"Ring of the Serpent"}],"items_purged_floors":[20,37,47],"is_endless":false,"potions_floor_spawned":[4,7,13,16,18,28,33,45,46],"ascension_level":7}