{"gold_per_floor":[14,33,33,49,49,78,92,103,128,139,139,157,157,9,9,109,109,128,128,78,177,55,66,66,81,81,98,98,26,26],"floor_reached":30,"playtime":1264,"items_purged":["Strike_B","Zap","Strike_B","Strike_B"],"score":232,"play_id":"f4064de2-e534-4974-b8c0-23ea331f0ab4","local_time":"20190106000557","is_ascension_mode":false,"campfire_choices":[{"floor":13,"key":"REST"},{"floor":15,"key":"RECALL"},{"data":"Capacitor","floor":24,"key":"SMITH"},{"floor":28,"key":"REST"}],"neow_cost":"NO_GOLD","seed_source_timestamp":47637408222429,"circlet_count":0,"master_deck":["Strike_B","Defend_B","Defend_B","Defend_B","Defend_B","Dualcast","Melter","Cold Snap","Doom and Gloom","Streamline","Coolheaded","Leap","Darkness","Steam","Bandage Up","Biased Cognition","Capacitor+1","Barrage","Blizzard","BootSequence","Redo"],"relics":["FrozenCore","Blood Vial","Smiling Mask"],"potions_floor_usage":[6,6,16,30,30],"damage_taken":[{"damage":0,"enemies":"Small Slimes","floor":1,"turns":2},{"damage":0,"enemies":"2 Louse","floor":2,"turns":2},{"damage":0,"enemies":"Cultist","floor":4,"turns":3},{"damage":39,"enemies":"3 Sentries","floor":6,"turns":5},{"damage":14,"enemies":"Blue Slaver","floor":7,"turns":3},{"damage":8,"enemies":"Exordium Wildlife","floor":8,"turns":4},{"damage":4,"enemies":"Red Slaver","floor":10,"turns":2},{"damage":1,"enemies":"Looter","floor":12,"turns":3},{"damage":32,"enemies":"The Guardian","floor":16,"turns":11},{"damage":47,"enemies":"3 Byrds","floor":18,"turns":7},{"damage":11,"enemies":"Shell Parasite","floor":23,"turns":7},{"damage":16,"enemies":"Sentry and Sphere","floor":25,"turns":5},{"damage":18,"enemies":"Snake Plant","floor":27,"turns":8},{"damage":52,"enemies":"Gremlin Leader","floor":30,"turns":5}],"seed_played":"5969536214425050265","potions_obtained":[{"floor":1,"key":"Regen Potion"},{"floor":2,"key":"Strength Potion"},{"floor":4,"key":"SkillPotion"},{"floor":8,"key":"Fire Potion"},{"floor":27,"key":"AttackPotion"}],"is_trial":false,"path_per_floor":["M","M","$","M","?","E","M","M","T","M","?","M","R","$","R","B",null,"M","?","$","?","$","M","R","M","T","M","R","$","E"],"character_chosen":"DEFECT","items_purchased":["Bandage Up","Capacitor","Redo"],"campfire_rested":2,"item_purchase_floors":[14,22,29],"current_hp_per_floor":[89,89,89,89,89,59,47,41,41,39,39,40,66,66,66,40,89,46,46,46,46,46,41,41,31,31,19,45,45,0],"gold":26,"neow_bonus":"TWENTY_PERCENT_HP_BONUS","is_prod":false,"is_daily":false,"chose_seed":false,"campfire_upgraded":1,"win_rate":0,"timestamp":1546700757,"path_taken":["M","M","$","M","?","E","M","M","T","M","?","M","R","$","R","BOSS","M","?","$","?","?","M","R","M","T","?","R","$","E"],"build_version":"2019-01-03v4","purchased_purges":4,"victory":false,"max_hp_per_floor":[89,89,89,89,89,89,89,89,89,89,89,89,89,89,89,89,89,89,89,89,89,89,89,89,89,89,89,89,89,89],"card_choices":[{"not_picked":["Sweeping Beam","Force Field"],"picked":"Melter","floor":1},{"not_picked":["Chaos","Go for the Eyes"],"picked":"Cold Snap","floor":2},{"not_picked":["Streamline","Blizzard"],"picked":"Doom and Gloom","floor":4},{"not_picked":["Hologram","Sweeping Beam"],"picked":"Streamline","floor":6},{"not_picked":["Barrage","Ball Lightning"],"picked":"Coolheaded","floor":7},{"not_picked":["Hologram","Cold Snap"],"picked":"Leap","floor":8},{"not_picked":["Go for the Eyes","Capacitor"],"picked":"Darkness","floor":10},{"not_picked":["Leap","Electrodynamics"],"picked":"Steam","floor":12},{"not_picked":["Creative AI","Fission"],"picked":"Biased Cognition","floor":16},{"not_picked":["Turbo","Hello World+1","Go for the Eyes+1"],"picked":"SKIP","floor":18},{"not_picked":["Reprogram","Turbo"],"picked":"Barrage","floor":23},{"not_picked":["Stack","Ball Lightning"],"picked":"Blizzard","floor":25},{"not_picked":["Static Discharge+1","Rebound+1"],"picked":"BootSequence","floor":27}],"player_experience":129933,"relics_obtained":[{"floor":6,"key":"Blood Vial"},{"floor":9,"key":"Smiling Mask"}],"event_choices":[{"damage_healed":0,"gold_gain":0,"player_choice":"Leave","damage_taken":0,"max_hp_gain":0,"max_hp_loss":0,"event_name":"The Cleric","floor":5,"gold_loss":0},{"damage_healed":0,"gold_gain":0,"player_choice":"Bought 0 Potions","damage_taken":0,"max_hp_gain":0,"max_hp_loss":0,"event_name":"The Woman in Blue","floor":11,"gold_loss":0},{"damage_healed":0,"gold_gain":0,"player_choice":"Ignored","damage_taken":0,"max_hp_gain":0,"max_hp_loss":0,"event_name":"Ghosts","floor":19,"gold_loss":0},{"damage_healed":0,"gold_gain":99,"player_choice":"Stole From Cult","damage_taken":0,"max_hp_gain":0,"max_hp_loss":0,"event_name":"Nest","floor":21,"gold_loss":0}],"is_beta":false,"boss_relics":[{"not_picked":["Runic Pyramid","Snecko Eye"],"picked":"FrozenCore"}],"items_purged_floors":[14,20,22,29],"is_endless":false,"potions_floor_spawned":[1,2,4,8,27],"killed_by":"Gremlin Leader","ascension_level":0}