{"gold_per_floor":[117,136,152,21,21,21,39,53,353,379,279,279,298,312,312,385,385,400,350,332,73,88,122,122,132,132,132,145,156,156,176,176,176],"floor_reached":33,"playtime":1965,"items_purged":["Strike_B","Strike_B"],"score":491,"play_id":"b5a73249-b099-4625-93c1-7e9442426657","local_time":"20190211225650","is_ascension_mode":true,"campfire_choices":[{"data":"Sunder","floor":6.0,"key":"SMITH"},{"data":"Self Repair","floor":12.0,"key":"SMITH"},{"data":"White Noise","floor":15.0,"key":"SMITH"},{"data":"Echo Form","floor":24.0,"key":"SMITH"},{"data":"Double Energy","floor":27.0,"key":"SMITH"},{"data":"Chaos","floor":30.0,"key":"SMITH"},{"data":"Coolheaded","floor":32.0,"key":"SMITH"}],"neow_cost":"NONE","seed_source_timestamp":49464269589336,"circlet_count":0,"master_deck":["AscendersBane","Strike_B","Strike_B","Defend_B","Defend_B","Defend_B","Defend_B","Zap+1","Dualcast","Leap","Ball Lightning","Sunder+1","Stack","Glacier","Self Repair+1","Coolheaded+1","White Noise+1","Echo Form+1","Leap","Chaos+1","Double Energy+1","Skim","BootSequence"],"special_seed":0,"relics":["Cracked Core","Old Coin","Bottled Lightning","Nuclear Battery","PreservedInsect","Nunchaku","Mercury Hourglass"],"potions_floor_usage":[33],"damage_taken":[{"damage":8.0,"enemies":"Jaw Worm","floor":1.0,"turns":4.0},{"damage":1.0,"enemies":"Cultist","floor":2.0,"turns":3.0},{"damage":0.0,"enemies":"2 Louse","floor":3.0,"turns":3.0},{"damage":4.0,"enemies":"Lots of Slimes","floor":7.0,"turns":3.0},{"damage":0.0,"enemies":"Looter","floor":8.0,"turns":2.0},{"damage":13.0,"enemies":"Lagavulin","floor":10.0,"turns":6.0},{"damage":1.0,"enemies":"Exordium Thugs","floor":13.0,"turns":4.0},{"damage":4.0,"enemies":"Red Slaver","floor":14.0,"turns":5.0},{"damage":18.0,"enemies":"Hexaghost","floor":16.0,"turns":11.0},{"damage":8.0,"enemies":"Shell Parasite","floor":18.0,"turns":15.0},{"damage":11.0,"enemies":"2 Thieves","floor":20.0,"turns":5.0},{"damage":17.0,"enemies":"Cultist and Chosen","floor":22.0,"turns":5.0},{"damage":17.0,"enemies":"Book of Stabbing","floor":23.0,"turns":5.0},{"damage":11.0,"enemies":"Snake Plant","floor":25.0,"turns":5.0},{"damage":36.0,"enemies":"Centurion and Healer","floor":28.0,"turns":9.0},{"damage":10.0,"enemies":"Sentry and Sphere","floor":29.0,"turns":10.0},{"damage":4.0,"enemies":"Chosen and Byrds","floor":31.0,"turns":5.0},{"damage":70,"enemies":"Collector","floor":33,"turns":13}],"seed_played":"912561960066902438","potions_obtained":[{"floor":1.0,"key":"GamblersBrew"},{"floor":7.0,"key":"Regen Potion"},{"floor":14.0,"key":"SpeedPotion"},{"floor":23.0,"key":"Energy Potion"},{"floor":29.0,"key":"Fruit Juice"}],"is_trial":false,"path_per_floor":["M","M","M","$","?","R","M","M","T","E","$","R","M","M","R","B",null,"M","?","M","$","M","E","R","M","T","R","M","M","R","M","R","B"],"character_chosen":"DEFECT","items_purchased":["Block Potion","PreservedInsect","Ancient Potion"],"campfire_rested":0,"item_purchase_floors":[4,21,21],"current_hp_per_floor":[63,62,62,62,62,62,58,58,58,60,60,60,69,75,75,67,75,77,77,66,66,59,52,52,61,61,61,45,50,50,66,66,0],"gold":176,"neow_bonus":"TEN_PERCENT_HP_BONUS","is_prod":false,"is_daily":false,"chose_seed":false,"campfire_upgraded":7,"win_rate":0,"timestamp":1549893410,"path_taken":["M","M","M","$","?","R","M","M","T","E","?","R","M","M","R","BOSS","M","?","M","$","M","E","R","M","T","R","M","M","R","M","R","BOSS"],"build_version":"2019-01-23","purchased_purges":2,"victory":false,"max_hp_per_floor":[78,78,78,78,78,78,78,78,78,78,78,78,78,78,78,78,78,78,78,78,78,78,78,78,78,78,78,78,83,83,83,83,83],"card_choices":[{"not_picked":["Chaos","Blizzard"],"picked":"Leap","floor":1.0},{"not_picked":["Streamline","Stack"],"picked":"Ball Lightning","floor":2.0},{"not_picked":["Hologram","Steam Power"],"picked":"Sunder","floor":3.0},{"not_picked":["Storm","Redo"],"picked":"Stack","floor":7.0},{"not_picked":["Loop","Sweeping Beam"],"picked":"Glacier","floor":8.0},{"not_picked":["Conserve Battery","All For One"],"picked":"Self Repair","floor":10.0},{"not_picked":["Rebound","Turbo"],"picked":"Coolheaded","floor":13.0},{"not_picked":["Heatsinks","Gash"],"picked":"White Noise","floor":14.0},{"not_picked":["Biased Cognition","Seek"],"picked":"Echo Form","floor":16.0},{"not_picked":["Ball Lightning+1","Sweeping Beam","Streamline+1"],"picked":"SKIP","floor":18.0},{"not_picked":["Stack","Coolheaded","Beam Cell"],"picked":"SKIP","floor":20.0},{"not_picked":["Rebound","Coolheaded"],"picked":"Leap","floor":22.0},{"not_picked":["Auto Shields","Compile Driver"],"picked":"Chaos","floor":23.0},{"not_picked":["Stack","Ball Lightning"],"picked":"Double Energy","floor":25.0},{"not_picked":["Beam Cell","Streamline"],"picked":"Skim","floor":28.0},{"not_picked":["Barrage","Rebound"],"picked":"BootSequence","floor":29.0},{"not_picked":["Coolheaded","Chill","Compile Driver"],"picked":"SKIP","floor":31.0}],"player_experience":345658,"relics_obtained":[{"floor":9.0,"key":"Old Coin"},{"floor":10.0,"key":"Bottled Lightning"},{"floor":23.0,"key":"Nunchaku"},{"floor":26.0,"key":"Mercury Hourglass"}],"event_choices":[{"damage_healed":0.0,"max_hp_gain":0.0,"max_hp_loss":0.0,"gold_gain":0.0,"event_name":"Accursed Blacksmith","player_choice":"Forge","floor":5.0,"gold_loss":0.0,"damage_taken":0.0,"cards_upgraded":["Zap"]},{"damage_healed":0.0,"max_hp_gain":0.0,"max_hp_loss":0.0,"gold_gain":0.0,"event_name":"The Joust","player_choice":"Bet on Murderer","floor":19.0,"gold_loss":50.0,"damage_taken":0.0}],"is_beta":false,"boss_relics":[{"not_picked":["Pandora\u0027s Box","White Beast Statue"],"picked":"Nuclear Battery"}],"items_purged_floors":[4,11],"is_endless":false,"potions_floor_spawned":[1,7,14,16,23,25,28,29],"killed_by":"Collector","ascension_level":16}