{"gold_per_floor":[368,543,156,156,216,282,282,282,334,402,442,497,497,540,540,710,710,731,731,800,800,800],"floor_reached":22,"playtime":1171,"items_purged":["Doubt"],"score":326,"play_id":"61154a7c-27d2-4694-8cd9-a2a13b641417","local_time":"20190128152552","is_ascension_mode":true,"campfire_choices":[{"data":"HandOfGreed","floor":7,"key":"SMITH"},{"floor":15,"key":"REST"}],"neow_cost":"TEN_PERCENT_HP_LOSS","seed_source_timestamp":917478723293696,"circlet_count":0,"master_deck":["AscendersBane","Strike_B","Strike_B","Defend_B","Defend_B","Defend_B","Defend_B","Zap","Dualcast","Cold Snap","HandOfGreed+1","Self Repair","Reprogram","Hologram","Turbo","Coolheaded","Capacitor","Creative AI","Steam","Genetic Algorithm","Tempest"],"relics":["Cracked Core","Mercury Hourglass","Nunchaku","Strawberry","Golden Idol","Runic Pyramid"],"potions_floor_usage":[6,16],"damage_taken":[{"damage":8,"enemies":"Jaw Worm","floor":1,"turns":4},{"damage":1,"enemies":"2 Louse","floor":5,"turns":4},{"damage":24,"enemies":"3 Sentries","floor":6,"turns":7},{"damage":5,"enemies":"Small Slimes","floor":10,"turns":3},{"damage":4,"enemies":"Looter","floor":11,"turns":3},{"damage":28,"enemies":"Lagavulin","floor":12,"turns":10},{"damage":19,"enemies":"Large Slime","floor":14,"turns":6},{"damage":33,"enemies":"Slime Boss","floor":16,"turns":11},{"damage":24,"enemies":"Shell Parasite","floor":18,"turns":11},{"damage":20,"enemies":"3 Byrds","floor":20,"turns":4},{"damage":14,"enemies":"Centurion and Healer","floor":22,"turns":4}],"seed_played":"-9019163384364881816","potions_obtained":[{"floor":5,"key":"LiquidBronze"},{"floor":6,"key":"LiquidBronze"},{"floor":12,"key":"SteroidPotion"},{"floor":18,"key":"Dexterity Potion"}],"is_trial":false,"path_per_floor":["M","?","$","?","M","E","R","?","T","M","M","E","?","M","R","B",null,"M","?","M","?","M"],"character_chosen":"DEFECT","items_purchased":["HandOfGreed","Explosive Potion","Self Repair"],"campfire_rested":1,"item_purchase_floors":[3,3,3],"current_hp_per_floor":[60,60,60,65,71,54,54,54,54,56,52,38,38,26,48,22,61,44,44,31,31,17],"gold":800,"neow_bonus":"TWO_FIFTY_GOLD","is_prod":false,"is_daily":false,"chose_seed":false,"campfire_upgraded":1,"win_rate":0,"timestamp":1548707152,"path_taken":["M","?","$","?","M","E","R","?","T","M","?","E","?","M","R","BOSS","M","?","M","?","M"],"build_version":"2019-01-23","purchased_purges":1,"victory":false,"max_hp_per_floor":[68,68,68,73,73,73,73,73,73,73,73,80,74,74,74,74,74,74,74,74,74,74],"card_choices":[{"not_picked":["Hologram","Recycle"],"picked":"Cold Snap","floor":1},{"not_picked":["Streamline","Barrage"],"picked":"Reprogram","floor":5},{"not_picked":["Turbo","Coolheaded"],"picked":"Hologram","floor":6},{"not_picked":["White Noise","Leap"],"picked":"Turbo","floor":10},{"not_picked":["Rip and Tear","Hello World"],"picked":"Coolheaded","floor":11},{"not_picked":["Thunder Strike","White Noise"],"picked":"Capacitor","floor":12},{"not_picked":["Coolheaded","Stack","Redo"],"picked":"SKIP","floor":14},{"not_picked":["Electrodynamics","All For One"],"picked":"Creative AI","floor":16},{"not_picked":["Sweeping Beam+1","Rebound"],"picked":"Steam","floor":18},{"not_picked":["Sweeping Beam+1","Stack","Redo"],"picked":"SKIP","floor":20}],"player_experience":529749,"relics_obtained":[{"floor":6,"key":"Mercury Hourglass"},{"floor":12,"key":"Strawberry"}],"event_choices":[{"damage_healed":0,"gold_gain":175,"player_choice":"AGREE","damage_taken":0,"max_hp_gain":0,"max_hp_loss":0,"event_name":"Liars Game","floor":2,"gold_loss":0,"cards_obtained":["Doubt"]},{"damage_healed":0,"gold_gain":0,"player_choice":"Donut","damage_taken":0,"max_hp_gain":5,"max_hp_loss":0,"event_name":"Big Fish","floor":4,"gold_loss":0},{"damage_healed":0,"gold_gain":0,"player_choice":"Gave Potion","damage_taken":0,"relics_obtained":["Nunchaku"],"max_hp_gain":0,"max_hp_loss":0,"event_name":"WeMeetAgain","floor":8,"gold_loss":0},{"damage_healed":0,"gold_gain":0,"player_choice":"Lose Max HP","damage_taken":0,"relics_obtained":["Golden Idol"],"max_hp_gain":0,"max_hp_loss":6,"event_name":"Golden Idol","floor":13,"gold_loss":0},{"damage_healed":0,"gold_gain":0,"cards_transformed":["Strike_B","Strike_B"],"player_choice":"Became Test Subject","damage_taken":0,"max_hp_gain":0,"max_hp_loss":0,"event_name":"Drug Dealer","floor":19,"gold_loss":0,"cards_obtained":["Genetic Algorithm","Tempest"]},{"damage_healed":0,"gold_gain":0,"player_choice":"Leave","damage_taken":0,"max_hp_gain":0,"max_hp_loss":0,"event_name":"FaceTrader","floor":21,"gold_loss":0}],"is_beta":false,"boss_relics":[{"not_picked":["Nuclear Battery","Snecko Eye"],"picked":"Runic Pyramid"}],"items_purged_floors":[3],"is_endless":false,"potions_floor_spawned":[5,6,12,14,18],"killed_by":"Centurion and Healer","ascension_level":11}