{"gold_per_floor":[115,131,148,161,86,86,98,98,123,155,55,35,53,86,86,86],"floor_reached":16,"playtime":641,"items_purged":[],"score":274,"play_id":"d1dc8600-f9f0-4819-b15c-3de49d0ba044","local_time":"20190201112210","is_ascension_mode":true,"campfire_choices":[{"data":"Hemokinesis","floor":6,"key":"SMITH"},{"data":"True Grit","floor":8,"key":"SMITH"},{"data":"Shockwave","floor":15,"key":"SMITH"}],"neow_cost":"TEN_PERCENT_HP_LOSS","seed_source_timestamp":1249024713440513,"circlet_count":0,"master_deck":["AscendersBane","Strike_R","Strike_R","Defend_R","Defend_R","Defend_R","Defend_R","Bash","Shockwave+1","Infernal Blade","Hemokinesis+1","Perfected Strike","True Grit+1","Iron Wave","Bandage Up","Sword Boomerang","Inflame"],"relics":["Burning Blood","Vajra","Red Skull","Boot"],"potions_floor_usage":[14,16,16],"damage_taken":[{"damage":4,"enemies":"Jaw Worm","floor":1,"turns":6},{"damage":6,"enemies":"2 Louse","floor":2,"turns":3},{"damage":3,"enemies":"Cultist","floor":3,"turns":3},{"damage":24,"enemies":"Large Slime","floor":4,"turns":2},{"damage":2,"enemies":"Looter","floor":7,"turns":2},{"damage":31,"enemies":"Gremlin Nob","floor":10,"turns":4},{"damage":7,"enemies":"3 Louse","floor":13,"turns":4},{"damage":2,"enemies":"Lagavulin","floor":14,"turns":4},{"damage":43,"enemies":"Slime Boss","floor":16,"turns":6}],"seed_played":"3978861100091609544","potions_obtained":[{"floor":2,"key":"SteroidPotion"},{"floor":4,"key":"Weak Potion"},{"floor":14,"key":"Poison Potion"}],"is_trial":false,"path_per_floor":["M","M","M","M","?","R","M","R","T","E","$","?","M","E","R","B"],"character_chosen":"IRONCLAD","items_purchased":["Bandage Up"],"campfire_rested":0,"item_purchase_floors":[11],"current_hp_per_floor":[68,68,68,50,50,50,54,54,54,29,29,29,32,36,36,0],"gold":86,"neow_bonus":"TRANSFORM_TWO_CARDS","is_prod":false,"is_daily":false,"chose_seed":false,"campfire_upgraded":3,"win_rate":0,"timestamp":1549038130,"path_taken":["M","M","M","M","?","R","M","R","T","E","$","?","M","E","R","BOSS"],"build_version":"2019-01-23","purchased_purges":0,"victory":false,"max_hp_per_floor":[68,68,68,68,68,68,68,68,68,68,68,68,68,68,68,68],"card_choices":[{"not_picked":["Wild Strike","Sword Boomerang"],"picked":"Hemokinesis","floor":1},{"not_picked":["Entrench","Corruption"],"picked":"Perfected Strike","floor":2},{"not_picked":["Flex","Warcry"],"picked":"True Grit","floor":3},{"not_picked":["Searing Blow","Sentinel","Anger"],"picked":"SKIP","floor":4},{"not_picked":["Twin Strike","Thunderclap"],"picked":"Iron Wave","floor":7},{"not_picked":["Body Slam","Armaments","Rampage"],"picked":"SKIP","floor":10},{"not_picked":["Dual Wield","Havoc"],"picked":"Sword Boomerang","floor":13},{"not_picked":["Flame Barrier","Shockwave"],"picked":"Inflame","floor":14}],"player_experience":622270,"relics_obtained":[{"floor":9,"key":"Vajra"},{"floor":10,"key":"Red Skull"},{"floor":14,"key":"Boot"}],"event_choices":[{"cards_removed":["Strike_R"],"damage_healed":0,"gold_gain":0,"player_choice":"Card Removal","damage_taken":0,"max_hp_gain":0,"max_hp_loss":0,"event_name":"The Cleric","floor":5,"gold_loss":75},{"damage_healed":0,"gold_gain":0,"player_choice":"Bought 1 Potion","damage_taken":0,"max_hp_gain":0,"max_hp_loss":0,"event_name":"The Woman in Blue","floor":12,"gold_loss":0}],"is_beta":false,"boss_relics":[],"items_purged_floors":[],"is_endless":false,"potions_floor_spawned":[2,4,7,13,14],"killed_by":"Slime Boss","ascension_level":20}