{"path_per_floor":["M","?","?","M","M","E","R","M","T","M","$","E","M","M","R","B",null,"M","M","?","M","?","E","R","$","T","R","M","E","$","M","R","B",null,"M","M","?","?","?","M","E","$","T","E","M","E","M","?","R","B"],"character_chosen":"THE_SILENT","items_purchased":["Distraction","Oddly Smooth Stone","Toolbox"],"gold_per_floor":[116,116,66,83,93,128,128,139,139,152,6,35,54,67,67,169,199,216,229,229,239,162,197,197,197,269,269,286,315,60,70,70,170,170,182,200,200,200,200,212,270,22,46,72,84,117,134,0,0,0],"floor_reached":51,"campfire_rested":0,"playtime":6428,"current_hp_per_floor":[70,56,56,56,56,50,50,50,50,50,50,40,36,36,36,31,75,66,49,49,45,45,42,42,42,52,52,58,62,62,62,62,43,62,58,62,62,62,62,62,62,62,62,49,58,59,62,62,62,62],"items_purged":["Defend_G","Defend_G"],"gold":0,"score":764,"play_id":"b17f6061-ea83-49c7-8b63-878acc7cc3be","local_time":"20180419234357","is_prod":false,"is_daily":false,"chose_seed":false,"is_ascension_mode":false,"campfire_upgraded":6,"timestamp":1524206637,"path_taken":["M","?","?","M","M","E","R","M","T","M","$","E","M","?","R","BOSS","M","M","?","?","?","E","R","?","T","R","M","E","$","M","R","BOSS","M","M","?","?","?","M","E","$","T","E","M","E","M","?","R","BOSS"],"build_version":"2018-04-19","seed_source_timestamp":0,"purchased_purges":2,"victory":true,"master_deck":["Defend_G","Survivor+1","Neutralize+1","PiercingWail","Dagger Spray","Quick Slash","Flying Knee","Distraction+1","Backstab+1","Malaise","Phantasmal Killer+1","Caltrops","Backstab+1","Bite","Bite","Bite","Bite","Bite","Infinite Blades","J.A.X.","Backflip+1","Calculated Gamble+1","Adrenaline+1","Underhanded Strike+1","Infinite Blades+1","Dash+1","Well Laid Plans","Footwork+1","Backflip+1","Dark Shackles","Malaise+1"],"max_hp_per_floor":[70,70,70,70,70,70,70,70,70,70,70,70,70,70,70,70,75,75,75,52,52,52,52,52,52,62,62,62,62,62,62,62,62,62,62,62,62,62,62,62,62,62,62,62,62,62,62,62,62,62],"relics":["Black Star","Orichalcum","Bag of Marbles","Bottled Flame","Calipers","The Specimen","Tiny House","Bird Faced Urn","Thread and Needle","Pear","Regal Pillow","Pen Nib","Oddly Smooth Stone","Astrolabe","Tiny Chest","Bronze Scales","Toolbox","Dream Catcher","Omamori","Snake Skull","Kunai","Shuriken","Red Mask"],"card_choices":[{"not_picked":["Prepared","Deflect"],"picked":"PiercingWail","floor":1.0},{"not_picked":["Calculated Gamble","Quick Slash"],"picked":"Dagger Spray","floor":5.0},{"not_picked":["Bane","Deflect"],"picked":"Quick Slash","floor":6.0},{"not_picked":["Deflect","Acrobatics"],"picked":"Flying Knee","floor":8.0},{"not_picked":["Heel Hook","All Out Attack"],"picked":"Backstab","floor":12.0},{"not_picked":["Deflect","Calculated Gamble"],"picked":"Backstab","floor":13.0},{"not_picked":["Dagger Spray","Deadly Poison"],"picked":"Malaise","floor":14.0},{"not_picked":["Doppelganger","A Thousand Cuts"],"picked":"Phantasmal Killer","floor":16.0},{"not_picked":["Predator","Outmaneuver"],"picked":"Caltrops","floor":17.0},{"not_picked":["Flying Knee","Quick Slash"],"picked":"Backstab","floor":18.0},{"not_picked":["Deflect","Bane"],"picked":"Infinite Blades","floor":21.0},{"not_picked":["Noxious Fumes","Poisoned Stab"],"picked":"Backflip","floor":28.0},{"not_picked":["Heel Hook","Catalyst"],"picked":"Calculated Gamble","floor":31.0},{"not_picked":["Bullet Time","Corpse Explosion"],"picked":"Adrenaline","floor":33.0},{"not_picked":["Quick Slash","Expertise"],"picked":"Well Laid Plans","floor":35.0},{"not_picked":["Calculated Gamble","Quick Slash"],"picked":"Footwork","floor":36.0},{"not_picked":["Swift Strike","Trip"],"picked":"Dark Shackles","floor":39.0},{"not_picked":["Prepared","Deadly Poison"],"picked":"Malaise","floor":47}],"player_experience":74542,"potions_floor_usage":[50,50,50],"damage_taken":[{"damage":0.0,"enemies":"Jaw Worm","floor":1.0,"turns":4.0},{"damage":0.0,"enemies":"Small Slimes","floor":4.0,"turns":5.0},{"damage":0.0,"enemies":"2 Louse","floor":5.0,"turns":3.0},{"damage":6.0,"enemies":"3 Sentries","floor":6.0,"turns":10.0},{"damage":0.0,"enemies":"Gremlin Gang","floor":8.0,"turns":2.0},{"damage":0.0,"enemies":"Looter","floor":10.0,"turns":3.0},{"damage":10.0,"enemies":"Lagavulin","floor":12.0,"turns":8.0},{"damage":4.0,"enemies":"2 Fungi Beasts","floor":13.0,"turns":2.0},{"damage":0.0,"enemies":"Large Slime","floor":14.0,"turns":3.0},{"damage":5.0,"enemies":"The Guardian","floor":16.0,"turns":16.0},{"damage":9.0,"enemies":"3 Byrds","floor":18.0,"turns":3.0},{"damage":17.0,"enemies":"Spheric Guardian","floor":19.0,"turns":7.0},{"damage":10.0,"enemies":"Snake Plant","floor":21.0,"turns":3.0},{"damage":11.0,"enemies":"Book of Stabbing","floor":23.0,"turns":7.0},{"damage":4.0,"enemies":"Centurion and Healer","floor":28.0,"turns":5.0},{"damage":5.0,"enemies":"Slavers","floor":29.0,"turns":5.0},{"damage":3.0,"enemies":"Chosen and Byrds","floor":31.0,"turns":4.0},{"damage":34.0,"enemies":"Collector","floor":33.0,"turns":12.0},{"damage":12.0,"enemies":"3 Darklings","floor":35.0,"turns":5.0},{"damage":0.0,"enemies":"Orb Walker","floor":36.0,"turns":2.0},{"damage":16.0,"enemies":"Maw","floor":40.0,"turns":10.0},{"damage":5.0,"enemies":"Giant Head","floor":41.0,"turns":9.0},{"damage":21,"enemies":"Nemesis","floor":44,"turns":5},{"damage":9,"enemies":"3 Darklings","floor":45,"turns":5},{"damage":8,"enemies":"Giant Head","floor":46,"turns":8},{"damage":7,"enemies":"Sphere and 2 Shapes","floor":47,"turns":4},{"damage":22,"enemies":"Awakened One","floor":50,"turns":13}],"event_choices":[{"event_name":"Shining Light","player_choice":"Entered Light","floor":2.0,"damage_taken":0.0},{"event_name":"The Cleric","player_choice":"Card Removal","floor":3.0,"damage_taken":0.0},{"event_name":"Vampires","player_choice":"Became a vampire","floor":20.0,"damage_taken":0.0},{"event_name":"Drug Dealer","player_choice":"Got JAXXED","floor":22.0,"damage_taken":0.0},{"event_name":"Duplicator","player_choice":"One dupe","floor":37.0,"damage_taken":0.0},{"event_name":"Match and Keep!","player_choice":"0 cards matched","floor":38.0,"damage_taken":0.0},{"event_name":"SensoryStone","player_choice":"Memory 1","floor":39.0,"damage_taken":0.0},{"event_name":"Tomb of Lord Red Mask","player_choice":"Paid","floor":48,"damage_taken":0}],"boss_relics":[],"potions_floor_spawned":[4,8,14,18,19,28,40,41,44],"seed_played":"-6891508183406437092","ascension_level":0,"is_trial":false}