{"gold_per_floor":[110,185,201,214,229,229,241,275,275,27,27],"floor_reached":11,"playtime":420,"items_purged":["Shame"],"score":116,"play_id":"1f7eae1b-f7db-4c66-8604-e083c6099027","local_time":"20190129142718","is_ascension_mode":true,"campfire_choices":[{"floor":6,"key":"REST"}],"neow_cost":"CURSE","seed_source_timestamp":1001102324990885,"circlet_count":0,"master_deck":["AscendersBane","Strike_B","Strike_B","Strike_B","Strike_B","Defend_B","Defend_B","Defend_B","Defend_B","Zap","Dualcast","Compile Driver","Sweeping Beam","Streamline","Steam","Gash","Auto Shields","HandOfGreed"],"relics":["Cracked Core","Nunchaku","Kunai","Bottled Lightning"],"potions_floor_usage":[11],"damage_taken":[{"damage":0,"enemies":"Small Slimes","floor":1,"turns":3},{"damage":8,"enemies":"Cultist","floor":3,"turns":4},{"damage":7,"enemies":"Jaw Worm","floor":4,"turns":3},{"damage":7,"enemies":"Looter","floor":5,"turns":3},{"damage":14,"enemies":"Gremlin Gang","floor":7,"turns":6},{"damage":28,"enemies":"3 Sentries","floor":8,"turns":8},{"damage":19,"enemies":"Gremlin Nob","floor":11,"turns":4}],"seed_played":"8153526003177745719","potions_obtained":[{"floor":4,"key":"Weak Potion"},{"floor":7,"key":"Weak Potion"}],"is_trial":false,"path_per_floor":["M","?","M","M","M","R","M","E","T","$","E"],"character_chosen":"DEFECT","items_purchased":["HandOfGreed"],"campfire_rested":1,"item_purchase_floors":[10],"current_hp_per_floor":[68,57,49,42,35,57,43,15,15,15,0],"gold":27,"neow_bonus":"ONE_RARE_RELIC","is_prod":false,"is_daily":false,"chose_seed":false,"campfire_upgraded":0,"win_rate":0,"timestamp":1548790038,"path_taken":["M","?","M","M","M","R","M","E","T","$","E"],"build_version":"2019-01-23","purchased_purges":1,"victory":false,"max_hp_per_floor":[75,75,75,75,75,75,75,75,75,75,75],"card_choices":[{"not_picked":["Coolheaded","Hologram"],"picked":"Compile Driver","floor":1},{"not_picked":["Turbo","Biased Cognition"],"picked":"Sweeping Beam","floor":3},{"not_picked":["Sweeping Beam","Barrage"],"picked":"Streamline","floor":4},{"not_picked":["Lockon","Turbo"],"picked":"Steam","floor":5},{"not_picked":["Cold Snap","Steam"],"picked":"Gash","floor":7},{"not_picked":["Darkness","Redo"],"picked":"Auto Shields","floor":8}],"player_experience":537353,"relics_obtained":[{"floor":8,"key":"Kunai"},{"floor":9,"key":"Bottled Lightning"}],"event_choices":[{"damage_healed":0,"gold_gain":75,"player_choice":"Gather Gold","damage_taken":11,"max_hp_gain":0,"max_hp_loss":0,"event_name":"World of Goop","floor":2,"gold_loss":0}],"is_beta":false,"boss_relics":[],"items_purged_floors":[10],"is_endless":false,"potions_floor_spawned":[4,7,8],"killed_by":"Gremlin Nob","ascension_level":11}