{"gold_per_floor":[10,10,10,10,10,43,43,119,144,144,177,177,202,225,225,353,353,369,387,402,153,176,176,219,219,219,219,219,219,238,273,273,273],"floor_reached":33,"playtime":936,"items_purged":["Strike_R"],"score":432,"play_id":"ce5bcbac-3d11-4661-9b43-45a9f91241bf","local_time":"20190108095513","is_ascension_mode":true,"campfire_choices":[{"data":"Bash","floor":7,"key":"SMITH"},{"floor":10,"key":"REST"},{"data":"Double Tap","floor":12,"key":"SMITH"},{"data":"Spot Weakness","floor":15,"key":"SMITH"},{"floor":23,"key":"REST"},{"data":"Apotheosis","floor":25,"key":"SMITH"},{"floor":27,"key":"REST"},{"data":"Demon Form","floor":32,"key":"SMITH"}],"neow_cost":"NO_GOLD","seed_source_timestamp":1581950080146043,"circlet_count":0,"master_deck":["Strike_R","Strike_R","Defend_R","Defend_R","Defend_R","Defend_R","Bash+1","Double Tap+1","Iron Wave","Cleave","Sword Boomerang","Spot Weakness+1","Demon Form+1","Apotheosis+1","Wild Strike+1","Ghostly","Ghostly","Ghostly","Ghostly","Ghostly","Burning Pact"],"relics":["Burning Blood","Orichalcum","Golden Idol","Juzu Bracelet","Pear","Bronze Scales","Regal Pillow","Sozu","Ginger","Red Skull","Bottled Tornado"],"potions_floor_usage":[16,24],"damage_taken":[{"damage":8,"enemies":"2 Louse","floor":1,"turns":4},{"damage":26,"enemies":"Gremlin Nob","floor":6,"turns":4},{"damage":28,"enemies":"Lagavulin","floor":11,"turns":5},{"damage":6,"enemies":"Jaw Worm","floor":13,"turns":3},{"damage":1,"enemies":"Cultist","floor":14,"turns":3},{"damage":30,"enemies":"The Guardian","floor":16,"turns":8},{"damage":17,"enemies":"2 Thieves","floor":18,"turns":3},{"damage":3,"enemies":"3 Byrds","floor":19,"turns":4},{"damage":34,"enemies":"Centurion and Healer","floor":20,"turns":4},{"damage":7,"enemies":"Snecko","floor":22,"turns":4},{"damage":36,"enemies":"Book of Stabbing","floor":24,"turns":5},{"damage":0,"enemies":"Shelled Parasite and Fungi","floor":30,"turns":5},{"damage":23,"enemies":"Slavers","floor":31,"turns":8},{"damage":44,"enemies":"Automaton","floor":33,"turns":6}],"seed_played":"-1190924253573967778","potions_obtained":[{"floor":13,"key":"BloodPotion"},{"floor":16,"key":"Block Potion"}],"is_trial":false,"path_per_floor":["M","?","?","?","$","E","R","T","T","R","E","R","M","M","R","B",null,"M","M","M","$","M","R","E","R","T","R","?","?","M","E","R","B"],"character_chosen":"IRONCLAD","items_purchased":["Apotheosis"],"campfire_rested":3,"item_purchase_floors":[21],"current_hp_per_floor":[70,52,52,52,52,32,32,42,42,67,45,45,45,50,50,34,72,61,64,36,36,35,75,45,45,45,84,84,42,42,25,25,0],"gold":273,"neow_bonus":"THREE_RARE_CARDS","is_prod":false,"is_daily":false,"chose_seed":false,"campfire_upgraded":5,"win_rate":0,"timestamp":1546959313,"path_taken":["M","?","?","?","?","E","R","?","T","R","E","R","M","M","R","BOSS","M","M","M","$","M","R","E","R","T","R","?","?","M","E","R","BOSS"],"build_version":"2019-01-03v4","purchased_purges":1,"victory":false,"max_hp_per_floor":[80,80,80,74,74,74,74,84,84,84,84,84,84,84,84,84,84,84,84,84,84,84,84,84,84,84,84,84,42,42,42,42,42],"card_choices":[{"not_picked":["Immolate","Berserk"],"picked":"Double Tap","floor":0},{"not_picked":["Havoc","Anger"],"picked":"Iron Wave","floor":1},{"not_picked":["Thunderclap","Entrench"],"picked":"Cleave","floor":6},{"not_picked":["Pommel Strike","Power Through"],"picked":"Sword Boomerang","floor":11},{"not_picked":["Second Wind","Twin Strike","Perfected Strike"],"picked":"SKIP","floor":13},{"not_picked":["Sword Boomerang","Fire Breathing"],"picked":"Spot Weakness","floor":14},{"not_picked":["Fiend Fire","Feed"],"picked":"Demon Form","floor":16},{"not_picked":["Shrug It Off+1","Uppercut","Clash"],"picked":"SKIP","floor":18},{"not_picked":["Pommel Strike","Perfected Strike","Headbutt"],"picked":"SKIP","floor":19},{"not_picked":["Wild Strike","Clothesline","Evolve"],"picked":"SKIP","floor":20},{"not_picked":["Flex","Rupture"],"picked":"Wild Strike+1","floor":22},{"not_picked":["Bloodletting","Uppercut","Pommel Strike"],"picked":"SKIP","floor":24},{"not_picked":["Spot Weakness+1","Flex"],"picked":"Burning Pact","floor":30},{"not_picked":["Thunderclap+1","Double Tap","Pommel Strike"],"picked":"SKIP","floor":31}],"player_experience":343024,"relics_obtained":[{"floor":6,"key":"Juzu Bracelet"},{"floor":8,"key":"Pear"},{"floor":9,"key":"Bronze Scales"},{"floor":11,"key":"Regal Pillow"},{"floor":24,"key":"Ginger"},{"floor":26,"key":"Red Skull"},{"floor":31,"key":"Bottled Tornado"}],"event_choices":[{"damage_healed":0,"gold_gain":0,"player_choice":"Success","damage_taken":18,"relics_obtained":["Orichalcum"],"max_hp_gain":0,"max_hp_loss":0,"event_name":"Scrap Ooze","floor":2,"gold_loss":0},{"cards_removed":["Strike_R"],"damage_healed":0,"gold_gain":0,"player_choice":"Forget","damage_taken":0,"max_hp_gain":0,"max_hp_loss":0,"event_name":"Living Wall","floor":3,"gold_loss":0},{"damage_healed":0,"gold_gain":0,"player_choice":"Lose Max HP","damage_taken":0,"relics_obtained":["Golden Idol"],"max_hp_gain":0,"max_hp_loss":6,"event_name":"Golden Idol","floor":4,"gold_loss":0},{"cards_removed":["Strike_R"],"damage_healed":0,"gold_gain":0,"player_choice":"Purged","damage_taken":0,"max_hp_gain":0,"max_hp_loss":0,"event_name":"Purifier","floor":28,"gold_loss":0},{"damage_healed":0,"gold_gain":0,"player_choice":"Became a Ghost","damage_taken":0,"max_hp_gain":0,"max_hp_loss":42,"event_name":"Ghosts","floor":29,"gold_loss":0,"cards_obtained":["Ghostly","Ghostly","Ghostly","Ghostly","Ghostly"]}],"is_beta":false,"boss_relics":[{"not_picked":["Tiny House","Black Star"],"picked":"Sozu"}],"items_purged_floors":[21],"is_endless":false,"potions_floor_spawned":[13,16,20,22,31],"killed_by":"Automaton","ascension_level":8}