{"gold_per_floor":[115,125,144,144,62,392,392,421,421,421,421,435,435,446,446,525,525,539,552,287,287,307,307,324,343,343,56,1,1,36,53,53,130,130,150,167,0,73,47,47,72,101,101,101,117,117,117,149,149,149],"floor_reached":51,"playtime":2036,"items_purged":["Strike_B"],"score":1402,"play_id":"734a0ac7-6ec1-4677-abfa-9aff8f6b7548","local_time":"20190211184154","is_ascension_mode":true,"campfire_choices":[{"data":"Hyperbeam","floor":7.0,"key":"SMITH"},{"floor":11.0,"key":"REST"},{"data":"Self Repair","floor":15.0,"key":"SMITH"},{"floor":23.0,"key":"REST"},{"data":"Biased Cognition","floor":29.0,"key":"SMITH"},{"floor":32,"key":"REST"},{"data":"Defragment","floor":40,"key":"SMITH"},{"data":"Rainbow","floor":44,"key":"SMITH"},{"data":"Coolheaded","floor":46,"key":"SMITH"},{"data":"Skim","floor":49,"key":"SMITH"}],"neow_cost":"NONE","seed_source_timestamp":33867000140362,"circlet_count":0,"master_deck":["AscendersBane","Strike_B","Strike_B","Defend_B","Defend_B","Defend_B","Zap+1","Dualcast","Cold Snap","Coolheaded+1","Self Repair+1","Streamline","Hyperbeam+1","Genetic Algorithm","Go for the Eyes","All For One","Beam Cell","Conserve Battery","Self Repair+1","Gash","All For One","Biased Cognition+1","Capacitor","Cold Snap","Rainbow+1","Skim+1","Glacier+1","Defragment+1","Gash+1","Parasite","Gash"],"special_seed":0,"relics":["Cracked Core","Pen Nib","Old Coin","Ice Cream","Letter Opener","The Courier","Lizard Tail","ClockworkSouvenir","Emotion Chip","Runic Capacitor","DataDisk","White Beast Statue","Red Mask","Blue Candle","Bag of Marbles","Centennial Puzzle","Regal Pillow","Kunai"],"potions_floor_usage":[31,35,35,42,42,50,50],"damage_taken":[{"damage":2.0,"enemies":"Jaw Worm","floor":1.0,"turns":3.0},{"damage":4.0,"enemies":"Cultist","floor":2.0,"turns":3.0},{"damage":0.0,"enemies":"2 Louse","floor":3.0,"turns":2.0},{"damage":18.0,"enemies":"3 Sentries","floor":6.0,"turns":8.0},{"damage":26.0,"enemies":"Lagavulin","floor":8.0,"turns":7.0},{"damage":0.0,"enemies":"Lots of Slimes","floor":12.0,"turns":1.0},{"damage":14.0,"enemies":"Looter","floor":14.0,"turns":3.0},{"damage":0.0,"enemies":"Slime Boss","floor":16.0,"turns":6.0},{"damage":7.0,"enemies":"Shell Parasite","floor":18.0,"turns":4.0},{"damage":18.0,"enemies":"2 Thieves","floor":19.0,"turns":4.0},{"damage":54.0,"enemies":"3 Cultists","floor":22.0,"turns":5.0},{"damage":7.0,"enemies":"Snecko","floor":24.0,"turns":5.0},{"damage":19.0,"enemies":"Cultist and Chosen","floor":25.0,"turns":10.0},{"damage":50.0,"enemies":"Slavers","floor":30.0,"turns":4.0},{"damage":18,"enemies":"Snake Plant","floor":31,"turns":3},{"damage":39,"enemies":"Automaton","floor":33,"turns":10},{"damage":12,"enemies":"3 Darklings","floor":35,"turns":5},{"damage":22,"enemies":"3 Shapes","floor":36,"turns":5},{"damage":8,"enemies":"Reptomancer","floor":42,"turns":7},{"damage":18,"enemies":"Writhing Mass","floor":45,"turns":7},{"damage":9,"enemies":"Giant Head","floor":48,"turns":9},{"damage":17,"enemies":"Awakened One","floor":50,"turns":12}],"seed_played":"-2809140058451815726","potions_obtained":[{"floor":1.0,"key":"SkillPotion"},{"floor":3.0,"key":"FairyPotion"},{"floor":8.0,"key":"Fruit Juice"},{"floor":14.0,"key":"AttackPotion"},{"floor":16.0,"key":"Block Potion"},{"floor":31,"key":"SpeedPotion"},{"floor":33,"key":"Regen Potion"},{"floor":35,"key":"Strength Potion"},{"floor":36,"key":"Fire Potion"},{"floor":42,"key":"SkillPotion"},{"floor":45,"key":"FocusPotion"},{"floor":48,"key":"Regen Potion"}],"is_trial":false,"path_per_floor":["M","M","M","?","$","E","R","E","T","?","R","M","?","M","R","B",null,"M","M","$","?","M","R","M","M","T","$","$","R","E","M","R","B",null,"M","M","?","T","$","R","T","E","T","R","M","R","?","E","R","B",null],"character_chosen":"DEFECT","items_purchased":["Self Repair","Streamline","Block Potion","ClockworkSouvenir","Biased Cognition","Runic Capacitor","Capacitor","Defragment"],"campfire_rested":3,"item_purchase_floors":[5,5,20,20,27,27,28,39],"current_hp_per_floor":[62,58,58,47,47,36,36,22,22,22,44,44,44,37,37,47,69,72,64,64,64,20,42,55,56,56,56,56,56,6,38,60,41,67,76,74,74,74,74,74,74,76,76,76,76,76,76,76,76,76],"gold":149,"neow_bonus":"UPGRADE_CARD","is_prod":false,"is_daily":false,"chose_seed":false,"campfire_upgraded":7,"win_rate":0,"timestamp":1549878114,"path_taken":["M","M","M","?","$","E","R","E","T","?","R","?","?","M","R","BOSS","M","?","$","?","M","R","M","M","T","?","$","R","E","M","R","BOSS","M","M","?","?","?","R","?","E","T","R","M","R","?","E","R","BOSS"],"build_version":"2019-01-23","purchased_purges":1,"victory":true,"max_hp_per_floor":[71,71,71,71,71,71,71,76,76,76,76,76,76,76,76,76,76,76,76,76,76,76,76,76,76,76,76,76,76,76,76,76,76,76,76,76,76,76,76,76,76,76,76,76,76,76,76,76,76,76],"card_choices":[{"not_picked":["Heatsinks","Ball Lightning"],"picked":"Cold Snap","floor":1.0},{"not_picked":["Force Field","Turbo","Sweeping Beam"],"picked":"SKIP","floor":2.0},{"not_picked":["Barrage","Beam Cell"],"picked":"Coolheaded","floor":3.0},{"not_picked":["Stack","Self Repair"],"picked":"Hyperbeam","floor":6.0},{"not_picked":["Redo","Sweeping Beam"],"picked":"Genetic Algorithm","floor":8.0},{"not_picked":["Doom and Gloom","Barrage","Rebound"],"picked":"SKIP","floor":12.0},{"not_picked":["Streamline","Rebound"],"picked":"Go for the Eyes","floor":14.0},{"not_picked":["Multi-Cast","Reboot"],"picked":"All For One","floor":16.0},{"not_picked":["Ball Lightning","Sweeping Beam"],"picked":"Beam Cell","floor":18.0},{"not_picked":["Hello World","Redo"],"picked":"Conserve Battery","floor":19.0},{"not_picked":["White Noise","Defragment"],"picked":"Gash","floor":22.0},{"not_picked":["Turbo","Steam"],"picked":"All For One","floor":24.0},{"not_picked":["Go for the Eyes","Streamline","Redo"],"picked":"SKIP","floor":25.0},{"not_picked":["Steam+1","Ball Lightning"],"picked":"Cold Snap","floor":30.0},{"not_picked":["Steam Power","Redo","Scrape"],"picked":"SKIP","floor":31},{"not_picked":["All For One","Seek"],"picked":"Rainbow","floor":33},{"not_picked":["Steam Power","Turbo"],"picked":"Skim","floor":35},{"not_picked":["Lockon","Compile Driver"],"picked":"Glacier+1","floor":36},{"not_picked":["White Noise+1","Hologram"],"picked":"Gash+1","floor":42},{"not_picked":["Ball Lightning","Turbo+1"],"picked":"Gash","floor":45},{"not_picked":["FTL","Leap","Reprogram+1"],"picked":"SKIP","floor":48}],"player_experience":342638,"relics_obtained":[{"floor":6.0,"key":"Old Coin"},{"floor":8.0,"key":"Ice Cream"},{"floor":9.0,"key":"Letter Opener"},{"floor":10.0,"key":"The Courier"},{"floor":26.0,"key":"Emotion Chip"},{"floor":30.0,"key":"DataDisk"},{"floor":38,"key":"Blue Candle"},{"floor":41,"key":"Bag of Marbles"},{"floor":42,"key":"Centennial Puzzle"},{"floor":43,"key":"Regal Pillow"},{"floor":48,"key":"Kunai"}],"event_choices":[{"damage_healed":0.0,"max_hp_gain":0.0,"max_hp_loss":0.0,"gold_gain":0.0,"event_name":"Scrap Ooze","player_choice":"Success","floor":4.0,"gold_loss":0.0,"damage_taken":11.0,"relics_obtained":["Pen Nib"]},{"damage_healed":0.0,"max_hp_gain":0.0,"max_hp_loss":0.0,"gold_gain":0.0,"event_name":"Wheel of Change","player_choice":"Relic","floor":10.0,"gold_loss":0.0,"damage_taken":0.0},{"cards_removed":["Strike_B"],"damage_healed":0.0,"max_hp_gain":0.0,"max_hp_loss":0.0,"gold_gain":0.0,"event_name":"Bonfire Elementals","player_choice":"Offered Basic","floor":13.0,"gold_loss":0.0,"damage_taken":0.0},{"damage_healed":0.0,"max_hp_gain":0.0,"max_hp_loss":0.0,"gold_gain":0.0,"event_name":"Duplicator","player_choice":"Copied","floor":21.0,"gold_loss":0.0,"damage_taken":0.0,"cards_obtained":["Self Repair"]},{"damage_healed":0,"gold_gain":0,"player_choice":"Paid","damage_taken":0,"relics_obtained":["Red Mask"],"max_hp_gain":0,"max_hp_loss":0,"event_name":"Tomb of Lord Red Mask","floor":37,"gold_loss":167},{"cards_removed":["Defend_B"],"damage_healed":0,"gold_gain":0,"player_choice":"Removed Skill","damage_taken":0,"max_hp_gain":0,"max_hp_loss":0,"event_name":"Falling","floor":47,"gold_loss":0}],"is_beta":false,"boss_relics":[{"not_picked":["Inserter","Runic Dome"],"picked":"Lizard Tail"},{"not_picked":["Busted Crown","Astrolabe"],"picked":"White Beast Statue"}],"items_purged_floors":[20],"is_endless":false,"potions_floor_spawned":[1,3,8,14,16,22,30,31,33,35,36,42,45,48],"ascension_level":15}