{"gold_per_floor":[115,115,40,50,68,68,98,98,98,98,173,185,185,18,18,115,115,126,126,140,152,152],"floor_reached":22,"playtime":553,"items_purged":["Defend_B"],"score":285,"play_id":"04a780e3-1831-4b98-bc70-dd69d1000b8d","local_time":"20190209132813","is_ascension_mode":true,"campfire_choices":[{"data":"Lockon","floor":6,"key":"SMITH"},{"data":"Zap","floor":8,"key":"SMITH"},{"data":"Turbo","floor":10,"key":"SMITH"},{"floor":15,"key":"REST"}],"neow_cost":"NONE","seed_source_timestamp":9192797075734,"circlet_count":0,"master_deck":["AscendersBane","Strike_B","Strike_B","Strike_B","Strike_B","Defend_B","Defend_B","Defend_B","Zap+1","Dualcast","Thunder Strike+1","Leap","Turbo+1","Lockon+1","Tempest","Hologram","Apotheosis","Electrodynamics","Coolheaded+1"],"relics":["Cracked Core","Matryoshka","Vajra","Molten Egg 2","Sozu","MutagenicStrength"],"potions_floor_usage":[7,20],"damage_taken":[{"damage":2,"enemies":"2 Louse","floor":1,"turns":2},{"damage":9,"enemies":"Jaw Worm","floor":4,"turns":3},{"damage":6,"enemies":"Small Slimes","floor":5,"turns":3},{"damage":8,"enemies":"Gremlin Nob","floor":7,"turns":3},{"damage":6,"enemies":"Blue Slaver","floor":12,"turns":3},{"damage":30,"enemies":"Hexaghost","floor":16,"turns":6},{"damage":11,"enemies":"Chosen","floor":18,"turns":4},{"damage":5,"enemies":"2 Thieves","floor":20,"turns":2},{"damage":15,"enemies":"Snecko","floor":21,"turns":4},{"damage":30,"enemies":"Snake Plant","floor":22,"turns":2}],"seed_played":"-8850642170963826583","potions_obtained":[{"floor":4,"key":"FearPotion"},{"floor":12,"key":"Block Potion"}],"is_trial":false,"path_per_floor":["M","?","$","M","M","R","E","R","T","R","?","M","?","$","R","B",null,"M","?","M","M","M"],"character_chosen":"DEFECT","items_purchased":["Apotheosis"],"campfire_rested":1,"item_purchase_floors":[14],"current_hp_per_floor":[66,66,66,57,51,51,43,43,43,43,32,26,26,26,48,18,61,50,50,45,30,0],"gold":152,"neow_bonus":"ONE_RANDOM_RARE_CARD","is_prod":false,"is_daily":false,"chose_seed":false,"campfire_upgraded":3,"win_rate":0,"timestamp":1549686493,"path_taken":["M","?","$","M","M","R","E","R","T","R","?","M","?","$","R","BOSS","M","?","M","M","M"],"build_version":"2019-01-23","purchased_purges":1,"victory":false,"max_hp_per_floor":[75,75,75,75,75,75,75,75,75,75,75,75,75,75,75,75,75,75,75,75,75,75],"card_choices":[{"not_picked":["Beam Cell","Barrage"],"picked":"Leap","floor":1},{"not_picked":["Stack","Gash"],"picked":"Turbo","floor":4},{"not_picked":["Doom and Gloom","Streamline"],"picked":"Lockon","floor":5},{"not_picked":["Lockon","Auto Shields"],"picked":"Tempest","floor":7},{"not_picked":["Rebound+1","Amplify"],"picked":"Hologram","floor":12},{"not_picked":["Buffer","Meteor Strike+1"],"picked":"Electrodynamics","floor":16},{"not_picked":["Streamline+1","Cold Snap+1","Hologram"],"picked":"SKIP","floor":18},{"not_picked":["Cold Snap+1","Heatsinks+1","Compile Driver+1"],"picked":"SKIP","floor":20},{"not_picked":["Chaos","Redo+1"],"picked":"Coolheaded+1","floor":21}],"player_experience":305790,"relics_obtained":[{"floor":7,"key":"Matryoshka"},{"floor":9,"key":"Vajra"},{"floor":9,"key":"Molten Egg 2"}],"event_choices":[{"damage_healed":0,"gold_gain":0,"player_choice":"Grow","damage_taken":0,"max_hp_gain":0,"max_hp_loss":0,"event_name":"Living Wall","floor":2,"gold_loss":0,"cards_upgraded":["Thunder Strike"]},{"damage_healed":0,"gold_gain":75,"player_choice":"Gather Gold","damage_taken":11,"max_hp_gain":0,"max_hp_loss":0,"event_name":"World of Goop","floor":11,"gold_loss":0},{"damage_healed":0,"gold_gain":0,"player_choice":"Ignored","damage_taken":0,"max_hp_gain":0,"max_hp_loss":0,"event_name":"Shining Light","floor":13,"gold_loss":0},{"damage_healed":0,"gold_gain":0,"player_choice":"Inject Mutagens","damage_taken":0,"relics_obtained":["MutagenicStrength"],"max_hp_gain":0,"max_hp_loss":0,"event_name":"Drug Dealer","floor":19,"gold_loss":0}],"is_beta":false,"boss_relics":[{"not_picked":["Nuclear Battery","Busted Crown"],"picked":"Sozu"}],"items_purged_floors":[3],"is_endless":false,"potions_floor_spawned":[4,12,18,21],"killed_by":"Snake Plant","ascension_level":11}