{"gold_per_floor":[209,220,220,295,319,319,319,337,337,350,350,300,4,22,22,120,120,139,153,153,153,168,168,201,130,130,130,130,105,130,146,146,146],"floor_reached":33,"playtime":1502,"items_purged":["Strike_B"],"score":437,"play_id":"707a68b0-ff43-40e6-97f2-266dea15653b","local_time":"20190225074148","is_ascension_mode":true,"campfire_choices":[{"data":"Zap","floor":6.0,"key":"SMITH"},{"data":"Dualcast","floor":11.0,"key":"SMITH"},{"floor":15.0,"key":"REST"},{"floor":23.0,"key":"REST"},{"floor":28.0,"key":"REST"},{"floor":32,"key":"REST"}],"neow_cost":"NONE","seed_source_timestamp":0,"circlet_count":0,"master_deck":["AscendersBane","Strike_B+1","Strike_B+1","Strike_B+1","Defend_B+1","Defend_B+1","Defend_B+1","Defend_B+1","Zap+1","Dualcast+1","Coolheaded","Conserve Battery","Seek","Consume","Undo","Core Surge","Core Surge","FTL+1","Loop","Go for the Eyes"],"special_seed":0,"relics":["Cracked Core","Golden Idol","Meat on the Bone","Mercury Hourglass","Bronze Scales","Fusion Hammer","PreservedInsect","Nloth\u0027s Gift"],"potions_floor_usage":[33],"damage_taken":[{"damage":7.0,"enemies":"Jaw Worm","floor":1.0,"turns":3.0},{"damage":3.0,"enemies":"Small Slimes","floor":2.0,"turns":5.0},{"damage":0.0,"enemies":"Cultist","floor":5.0,"turns":4.0},{"damage":1.0,"enemies":"2 Fungi Beasts","floor":8.0,"turns":4.0},{"damage":5.0,"enemies":"3 Louse","floor":10.0,"turns":2.0},{"damage":8.0,"enemies":"Looter","floor":14.0,"turns":3.0},{"damage":24.0,"enemies":"Hexaghost","floor":16.0,"turns":11.0},{"damage":2.0,"enemies":"Shell Parasite","floor":18.0,"turns":7.0},{"damage":7.0,"enemies":"Chosen","floor":19.0,"turns":4.0},{"damage":0.0,"enemies":"Snecko","floor":22.0,"turns":4.0},{"damage":28.0,"enemies":"Slavers","floor":24.0,"turns":6.0},{"damage":15.0,"enemies":"3 Cultists","floor":30.0,"turns":5.0},{"damage":12.0,"enemies":"Sentry and Sphere","floor":31.0,"turns":4.0},{"damage":60,"enemies":"Champ","floor":33,"turns":13}],"seed_played":"-5654683026764096125","potions_obtained":[{"floor":2.0,"key":"EssenceOfSteel"},{"floor":14.0,"key":"Poison Potion"},{"floor":16.0,"key":"EssenceOfSteel"},{"floor":18.0,"key":"AttackPotion"},{"floor":30.0,"key":"Ancient Potion"}],"is_trial":false,"path_per_floor":["M","M","?","?","M","R","?","M","T","M","R","?","$","M","R","B",null,"M","M","?","?","M","R","E","$","T","?","R","$","M","M","R","B"],"character_chosen":"DEFECT","items_purchased":["Bronze Scales","Consume","Loop","Go for the Eyes"],"campfire_rested":4,"item_purchase_floors":[13,13,25,29],"current_hp_per_floor":[57,54,54,43,43,43,43,42,42,37,37,37,37,41,62,38,63,61,54,54,54,54,71,43,43,43,43,64,64,49,37,58,0],"gold":146,"neow_bonus":"HUNDRED_GOLD","is_prod":false,"is_daily":false,"chose_seed":false,"campfire_upgraded":2,"win_rate":0,"timestamp":1551109308,"path_taken":["M","M","?","?","M","R","?","?","T","M","R","?","$","M","R","BOSS","M","M","?","?","?","R","E","$","T","?","R","$","M","M","R","BOSS"],"build_version":"2019-01-23","purchased_purges":1,"victory":false,"max_hp_per_floor":[71,71,71,71,71,71,71,71,71,71,71,71,71,71,71,71,71,71,71,71,71,71,71,71,71,71,71,71,71,71,71,71,71],"card_choices":[{"not_picked":["Ball Lightning","Barrage"],"picked":"Coolheaded","floor":1.0},{"not_picked":["Ball Lightning","Go for the Eyes"],"picked":"Conserve Battery","floor":2.0},{"not_picked":["Storm","Redo","Turbo"],"picked":"SKIP","floor":5.0},{"not_picked":["Cold Snap","Sunder"],"picked":"Seek","floor":8.0},{"not_picked":["Leap","Beam Cell","Compile Driver"],"picked":"SKIP","floor":10.0},{"not_picked":["Rebound","Gash"],"picked":"Undo","floor":14.0},{"not_picked":["Hyperbeam","Thunder Strike"],"picked":"Core Surge","floor":16.0},{"not_picked":["Reinforced Body+1","Turbo","Consume"],"picked":"SKIP","floor":18.0},{"not_picked":["Steam","Ball Lightning","Sweeping Beam"],"picked":"SKIP","floor":19.0},{"not_picked":["Turbo","Coolheaded","Hologram"],"picked":"SKIP","floor":22.0},{"not_picked":["Compile Driver","Skim"],"picked":"FTL+1","floor":24.0},{"not_picked":["Streamline","Scrape","Rebound"],"picked":"SKIP","floor":30.0},{"not_picked":["Core Surge","Scrape","Beam Cell"],"picked":"SKIP","floor":31.0}],"player_experience":514044,"relics_obtained":[{"floor":9.0,"key":"Mercury Hourglass"},{"floor":24.0,"key":"PreservedInsect"},{"floor":26.0,"key":"Bird Faced Urn"}],"event_choices":[{"damage_healed":0.0,"max_hp_gain":0.0,"max_hp_loss":0.0,"gold_gain":0.0,"event_name":"Golden Idol","player_choice":"Take Wound","floor":3.0,"gold_loss":0.0,"damage_taken":0.0,"relics_obtained":["Golden Idol"],"cards_obtained":["Injury"]},{"damage_healed":0.0,"max_hp_gain":0.0,"max_hp_loss":0.0,"gold_gain":75.0,"event_name":"World of Goop","player_choice":"Gather Gold","floor":4.0,"gold_loss":0.0,"damage_taken":11.0},{"damage_healed":0.0,"max_hp_gain":0.0,"max_hp_loss":0.0,"gold_gain":0.0,"event_name":"WeMeetAgain","player_choice":"Gave Potion","floor":7.0,"gold_loss":0.0,"damage_taken":0.0,"relics_obtained":["Meat on the Bone"]},{"cards_removed":["Injury"],"damage_healed":0.0,"max_hp_gain":0.0,"max_hp_loss":0.0,"gold_gain":0.0,"event_name":"The Cleric","player_choice":"Card Removal","floor":12.0,"gold_loss":50.0,"damage_taken":0.0},{"damage_healed":0.0,"max_hp_gain":0.0,"max_hp_loss":0.0,"gold_gain":0.0,"event_name":"Back to Basics","player_choice":"Simplicity","floor":20.0,"gold_loss":0.0,"damage_taken":0.0,"cards_upgraded":["Strike_B","Strike_B","Strike_B","Defend_B","Defend_B","Defend_B","Defend_B"]},{"damage_healed":0.0,"max_hp_gain":0.0,"max_hp_loss":0.0,"gold_gain":0.0,"event_name":"Duplicator","player_choice":"Copied","floor":21.0,"gold_loss":0.0,"damage_taken":0.0,"cards_obtained":["Core Surge"]},{"damage_healed":0.0,"max_hp_gain":0.0,"max_hp_loss":0.0,"gold_gain":0.0,"event_name":"N\u0027loth","player_choice":"Traded Relic","floor":27.0,"relics_lost":["Bird Faced Urn"],"gold_loss":0.0,"damage_taken":0.0,"relics_obtained":["Nloth\u0027s Gift"]}],"is_beta":false,"boss_relics":[{"not_picked":["Snecko Eye","Calling Bell"],"picked":"Fusion Hammer"}],"items_purged_floors":[13],"is_endless":false,"potions_floor_spawned":[2,14,16,18,19,30],"killed_by":"Champ","ascension_level":14}