{"gold_per_floor":[117,117,42,59,134,134,145,178,178,178,148,148,165,191,191,291,291,246,7,7,7,7,7,7,7,7,7,7,7,7,7,7,7,7,7,7,7,7,7,7,7,7,7,7,7,7,7,7,7,7],"floor_reached":50,"playtime":1101,"items_purged":["Strike_R"],"score":450,"play_id":"4b3820fd-4793-4655-97ec-5faf088aa28a","local_time":"20190210182031","is_ascension_mode":false,"campfire_choices":[{"data":"Cleave","floor":6,"key":"SMITH"},{"data":"1","floor":10,"key":"LIFT"},{"data":"2","floor":12,"key":"LIFT"},{"floor":15,"key":"REST"},{"data":"3","floor":23,"key":"LIFT"},{"floor":25,"key":"REST"},{"data":"Immolate","floor":28,"key":"SMITH"},{"data":"Armaments","floor":30,"key":"SMITH"},{"floor":32,"key":"REST"},{"data":"Armaments","floor":40,"key":"SMITH"},{"floor":47,"key":"REST"},{"floor":49,"key":"REST"}],"neow_cost":"NONE","seed_source_timestamp":2051305432024442,"circlet_count":0,"master_deck":["Strike_R","Strike_R","Strike_R","Defend_R","Defend_R","Defend_R","Bash","Sword Boomerang","Body Slam","Shrug It Off","Cleave+1","Twin Strike","Headbutt","Corruption","Metallicize","Shrug It Off","Armaments+1","Exhume","Immolate+1","Sever Soul","Metallicize","Sentinel+1","Intimidate","Armaments+1","Good Instincts","Infernal Blade+1","Body Slam+1"],"relics":["Orrery","Girya","Mummified Hand","Orichalcum","Ectoplasm","Gremlin Horn","Champion Belt","Busted Crown","Thread and Needle"],"potions_floor_usage":[8,13,14,14,16,16,33,33,33,33,33,50,50,50],"damage_taken":[{"damage":8,"enemies":"Jaw Worm","floor":1,"turns":3},{"damage":2,"enemies":"2 Louse","floor":4,"turns":2},{"damage":10,"enemies":"Small Slimes","floor":7,"turns":2},{"damage":17,"enemies":"Gremlin Nob","floor":8,"turns":4},{"damage":25,"enemies":"Exordium Thugs","floor":13,"turns":4},{"damage":1,"enemies":"Lagavulin","floor":14,"turns":5},{"damage":19,"enemies":"Slime Boss","floor":16,"turns":10},{"damage":15,"enemies":"2 Thieves","floor":18,"turns":3},{"damage":2,"enemies":"Chosen","floor":20,"turns":3},{"damage":28,"enemies":"Snake Plant","floor":21,"turns":3},{"damage":20,"enemies":"Colosseum Slavers","floor":24,"turns":3},{"damage":0,"enemies":"Snecko","floor":29,"turns":3},{"damage":4,"enemies":"Centurion and Healer","floor":31,"turns":5},{"damage":42,"enemies":"Champ","floor":33,"turns":11},{"damage":3,"enemies":"Orb Walker","floor":35,"turns":3},{"damage":2,"enemies":"3 Darklings","floor":37,"turns":2},{"damage":26,"enemies":"Jaw Worm Horde","floor":38,"turns":3},{"damage":5,"enemies":"Sphere and 2 Shapes","floor":41,"turns":3},{"damage":34,"enemies":"Spire Growth","floor":42,"turns":4},{"damage":46,"enemies":"3 Darklings","floor":45,"turns":5},{"damage":79,"enemies":"Awakened One","floor":50,"turns":8}],"seed_played":"2742228988292391068","potions_obtained":[{"floor":1,"key":"EntropicBrew"},{"floor":4,"key":"PowerPotion"},{"floor":11,"key":"Strength Potion"},{"floor":11,"key":"BloodPotion"},{"floor":13,"key":"Poison Potion"},{"floor":16,"key":"SpeedPotion"},{"floor":38,"key":"FearPotion"},{"floor":41,"key":"LiquidBronze"}],"is_trial":false,"path_per_floor":["M","?","$","M","?","R","M","E","T","R","?","R","M","E","R","B",null,"M","$","M","M","?","R","?","R","T","?","R","M","R","M","R","B",null,"M","?","M","M","?","R","M","M","T","?","M","?","R","$","R","B"],"character_chosen":"IRONCLAD","items_purchased":["Gremlin Horn"],"campfire_rested":5,"item_purchase_floors":[19],"current_hp_per_floor":[72,77,77,75,64,64,54,37,37,37,37,37,20,19,44,25,85,70,70,68,40,40,40,20,45,45,45,45,45,45,41,66,24,85,82,82,80,54,54,54,49,15,15,74,28,28,50,50,72,0],"gold":7,"neow_bonus":"BOSS_RELIC","is_prod":false,"is_daily":false,"chose_seed":false,"campfire_upgraded":4,"win_rate":0,"timestamp":1549840831,"path_taken":["M","?","$","M","?","R","M","E","T","R","?","R","M","E","R","BOSS","M","$","M","M","?","R","?","R","T","?","R","M","R","M","R","BOSS","M","?","?","M","?","R","?","?","T","?","M","?","R","?","R","BOSS"],"build_version":"2019-01-23","purchased_purges":1,"victory":false,"max_hp_per_floor":[80,85,85,85,85,85,85,85,85,85,85,85,85,85,85,85,85,85,85,85,85,85,85,85,85,85,85,85,85,85,85,85,85,85,85,85,85,85,85,85,85,85,85,74,74,74,74,74,74,74],"card_choices":[{"not_picked":["Blood for Blood","Dropkick"],"picked":"Sword Boomerang","floor":0},{"not_picked":["Havoc","Warcry"],"picked":"Body Slam","floor":0},{"not_picked":["Feel No Pain","Havoc"],"picked":"Shrug It Off","floor":0},{"not_picked":["Clash","Havoc"],"picked":"Cleave","floor":0},{"not_picked":["Reckless Charge","Bloodletting"],"picked":"Twin Strike","floor":0},{"not_picked":["Hemokinesis","Heavy Blade"],"picked":"Headbutt","floor":1},{"not_picked":["Clash","Flex"],"picked":"Corruption","floor":4},{"not_picked":["Carnage","Heavy Blade"],"picked":"Metallicize","floor":7},{"not_picked":["Intimidate","Reckless Charge"],"picked":"Shrug It Off","floor":8},{"not_picked":["Perfected Strike","Sever Soul"],"picked":"Armaments","floor":13},{"not_picked":["Heavy Blade","Bloodletting"],"picked":"Exhume","floor":14},{"not_picked":["Feed","Berserk"],"picked":"Immolate","floor":16},{"not_picked":["Thunderclap","Wild Strike+1"],"picked":"Sever Soul","floor":18},{"not_picked":["Body Slam","Headbutt+1"],"picked":"Metallicize","floor":20},{"not_picked":["Bloodletting","Iron Wave","Anger+1"],"picked":"SKIP","floor":21},{"not_picked":["Bloodletting","Clash"],"picked":"Sentinel+1","floor":29},{"not_picked":["Armaments","Pommel Strike"],"picked":"Intimidate","floor":31},{"not_picked":[],"picked":"Armaments","floor":35},{"not_picked":["Reckless Charge"],"picked":"SKIP","floor":37},{"not_picked":[],"picked":"Infernal Blade+1","floor":38},{"not_picked":["Searing Blow+1"],"picked":"SKIP","floor":41},{"not_picked":[],"picked":"Body Slam+1","floor":42},{"not_picked":["Second Wind"],"picked":"SKIP","floor":45}],"player_experience":717019,"relics_obtained":[{"floor":8,"key":"Girya"},{"floor":9,"key":"Mummified Hand"},{"floor":14,"key":"Orichalcum"},{"floor":26,"key":"Champion Belt"},{"floor":43,"key":"Thread and Needle"}],"event_choices":[{"damage_healed":0,"gold_gain":0,"player_choice":"Donut","damage_taken":0,"max_hp_gain":5,"max_hp_loss":0,"event_name":"Big Fish","floor":2,"gold_loss":0},{"damage_healed":0,"gold_gain":75,"player_choice":"Gather Gold","damage_taken":11,"max_hp_gain":0,"max_hp_loss":0,"event_name":"World of Goop","floor":5,"gold_loss":0},{"damage_healed":0,"gold_gain":0,"player_choice":"Bought 2 Potions","damage_taken":0,"max_hp_gain":0,"max_hp_loss":0,"event_name":"The Woman in Blue","floor":11,"gold_loss":0},{"damage_healed":0,"gold_gain":0,"player_choice":"Ignored","damage_taken":0,"max_hp_gain":0,"max_hp_loss":0,"event_name":"The Mausoleum","floor":22,"gold_loss":0},{"damage_healed":0,"gold_gain":0,"player_choice":"Fight","damage_taken":0,"max_hp_gain":0,"max_hp_loss":0,"event_name":"Colosseum","floor":24,"gold_loss":0},{"damage_healed":0,"gold_gain":0,"player_choice":"Fled From Nobs","damage_taken":0,"max_hp_gain":0,"max_hp_loss":0,"event_name":"Colosseum","floor":24,"gold_loss":0},{"cards_removed":["Strike_R"],"damage_healed":0,"gold_gain":0,"player_choice":"Card Removal","damage_taken":0,"max_hp_gain":0,"max_hp_loss":0,"event_name":"Wheel of Change","floor":27,"gold_loss":0},{"damage_healed":0,"gold_gain":0,"player_choice":"1 cards matched","damage_taken":0,"max_hp_gain":0,"max_hp_loss":0,"event_name":"Match and Keep!","floor":36,"gold_loss":0,"cards_obtained":["Good Instincts"]},{"damage_healed":0,"gold_gain":100,"player_choice":"Pray","damage_taken":0,"max_hp_gain":0,"max_hp_loss":0,"event_name":"Golden Shrine","floor":39,"gold_loss":0},{"damage_healed":74,"gold_gain":0,"player_choice":"Heal","damage_taken":0,"max_hp_gain":0,"max_hp_loss":11,"event_name":"The Moai Head","floor":44,"gold_loss":0},{"cards_removed":["Defend_R"],"damage_healed":0,"gold_gain":0,"player_choice":"Removed Skill","damage_taken":0,"max_hp_gain":0,"max_hp_loss":0,"event_name":"Falling","floor":46,"gold_loss":0}],"is_beta":false,"boss_relics":[{"not_picked":["Astrolabe","Mark of Pain"],"picked":"Ectoplasm"},{"not_picked":["Snecko Eye","White Beast Statue"],"picked":"Busted Crown"}],"items_purged_floors":[3],"is_endless":false,"potions_floor_spawned":[1,4,13,16,20,21,24,33,38,41,42],"killed_by":"Awakened One","ascension_level":0}