{"gold_per_floor":[117,132,9,84,102,102,137,137,137,87,122,45,67,67,67,197,197,192,192,215,215,10,10,10,26,26,38,38,38,68,80,80,184,184,202,202,251,270,284,312,332,332,332,342,239,254,265,27,27,27],"floor_reached":51,"playtime":2928,"items_purged":["Strike_G","Writhe","Strike_G"],"score":861,"play_id":"1c4e8cc3-efd1-40f8-8fcf-340f0ba19df3","local_time":"20181220145511","is_ascension_mode":true,"campfire_choices":[{"floor":6,"key":"REST"},{"floor":8,"key":"REST"},{"floor":15,"key":"REST"},{"floor":23,"key":"REST"},{"floor":29,"key":"REST"},{"floor":32,"key":"REST"},{"floor":42,"key":"REST"},{"floor":49,"key":"REST"}],"neow_cost":"NONE","seed_source_timestamp":174602015235322,"circlet_count":0,"master_deck":["Defend_G","Defend_G","Defend_G","Defend_G","Defend_G","Survivor","Neutralize","Caltrops","Dodge and Roll","Dash","Footwork","Dodge and Roll","After Image","Dodge and Roll+1","Slice+1","RitualDagger","RitualDagger","Backflip","Dodge and Roll+1","After Image","Dodge and Roll+1","After Image","A Thousand Cuts+1","Footwork+1","Escape Plan","Backflip","Panache+1","Escape Plan"],"relics":["Fusion Hammer","Mercury Hourglass","Dream Catcher","Letter Opener","Odd Mushroom","Bloody Idol","Empty Cage","Strawberry","DollysMirror","Kunai","Smiling Mask","Pantograph","Sozu","Bag of Preparation","Frozen Egg 2","Ornamental Fan"],"potions_floor_usage":[13,16,33,40,50],"damage_taken":[{"damage":1,"enemies":"2 Louse","floor":1,"turns":3},{"damage":0,"enemies":"Cultist","floor":2,"turns":4},{"damage":0,"enemies":"Jaw Worm","floor":5,"turns":5},{"damage":54,"enemies":"Gremlin Nob","floor":7,"turns":6},{"damage":31,"enemies":"Lagavulin","floor":11,"turns":11},{"damage":6,"enemies":"The Mushroom Lair","floor":13,"turns":4},{"damage":0,"enemies":"Slime Boss","floor":16,"turns":10},{"damage":2,"enemies":"2 Thieves","floor":18,"turns":5},{"damage":27,"enemies":"Chosen","floor":20,"turns":10},{"damage":7,"enemies":"Snecko","floor":25,"turns":7},{"damage":0,"enemies":"Shelled Parasite and Fungi","floor":27,"turns":10},{"damage":38,"enemies":"Gremlin Leader","floor":30,"turns":11},{"damage":9,"enemies":"Sentry and Sphere","floor":31,"turns":8},{"damage":8,"enemies":"Collector","floor":33,"turns":20},{"damage":17,"enemies":"3 Darklings","floor":35,"turns":7},{"damage":13,"enemies":"3 Shapes","floor":38,"turns":4},{"damage":14,"enemies":"3 Darklings","floor":39,"turns":5},{"damage":22,"enemies":"Reptomancer","floor":40,"turns":14},{"damage":0,"enemies":"Spire Growth","floor":41,"turns":9},{"damage":25,"enemies":"4 Shapes","floor":44,"turns":3},{"damage":0,"enemies":"Maw","floor":46,"turns":11},{"damage":9,"enemies":"Writhing Mass","floor":47,"turns":7},{"damage":1,"enemies":"Donu and Deca","floor":50,"turns":12}],"seed_played":"-2689581315688315990","potions_obtained":[{"floor":11,"key":"Regen Potion"},{"floor":13,"key":"PowerPotion"},{"floor":20,"key":"Strength Potion"},{"floor":25,"key":"SmokeBomb"},{"floor":30,"key":"Regen Potion"},{"floor":31,"key":"Block Potion"},{"floor":33,"key":"Dexterity Potion"}],"is_trial":false,"path_per_floor":["M","M","$","?","M","R","E","R","T","?","E","$","?","?","R","B",null,"M","?","M","?","$","R","?","M","T","M","?","R","E","M","R","B",null,"M","?","T","M","M","E","M","R","T","M","$","M","M","$","R","B",null],"character_chosen":"THE_SILENT","items_purchased":["Dodge and Roll","Footwork","DollysMirror","Backflip","Panache+1"],"campfire_rested":8,"item_purchase_floors":[3,12,22,45,48],"current_hp_per_floor":[69,69,69,62,62,70,16,37,37,37,6,6,12,12,31,31,65,63,70,43,37,37,58,58,56,56,61,61,72,39,35,56,69,72,60,60,65,57,48,46,51,72,72,52,52,57,53,53,72,71],"gold":27,"neow_bonus":"BOSS_RELIC","is_prod":false,"is_daily":false,"chose_seed":false,"campfire_upgraded":0,"win_rate":0,"timestamp":1545335711,"path_taken":["M","M","$","?","?","R","E","R","T","?","E","$","?","?","R","BOSS","M","?","M","?","$","R","?","M","T","M","?","R","E","?","R","BOSS","M","?","?","M","M","E","M","R","T","M","$","M","M","$","R","BOSS"],"build_version":"2018-12-13","purchased_purges":3,"victory":true,"max_hp_per_floor":[70,70,70,70,70,70,70,70,70,70,70,70,70,65,65,65,65,65,72,72,72,72,72,72,72,72,72,72,72,72,72,72,72,72,72,72,72,72,72,72,72,72,72,72,72,72,72,72,72,72],"card_choices":[{"not_picked":["Bane","Predator"],"picked":"Caltrops","floor":1},{"not_picked":["Prepared","Bane","Deadly Poison"],"picked":"SKIP","floor":2},{"not_picked":["Finisher","Bane"],"picked":"Doppelganger","floor":5},{"not_picked":["Riddle With Holes","Underhanded Strike","Endless Agony"],"picked":"SKIP","floor":7},{"not_picked":["Poisoned Stab","Prepared"],"picked":"Dash","floor":11},{"not_picked":["Prepared","Cloak And Dagger"],"picked":"Dodge and Roll","floor":15},{"not_picked":["Die Die Die","Glass Knife"],"picked":"After Image","floor":16},{"not_picked":["Backflip+1","PiercingWail"],"picked":"Dodge and Roll+1","floor":18},{"not_picked":["Terror","PiercingWail"],"picked":"Slice+1","floor":20},{"not_picked":["Deadly Poison","Riddle With Holes","Eviscerate"],"picked":"SKIP","floor":25},{"not_picked":["Bane","Cloak And Dagger+1"],"picked":"All Out Attack","floor":27},{"not_picked":["Blade Dance","Deadly Poison"],"picked":"Backflip","floor":29},{"not_picked":["Reflex","Riddle With Holes","Deadly Poison+1"],"picked":"SKIP","floor":30},{"not_picked":["Concentrate","Dagger Spray","Blade Dance+1"],"picked":"SKIP","floor":31},{"not_picked":["Catalyst","Doppelganger"],"picked":"Dodge and Roll+1","floor":32},{"not_picked":["Bullet Time","Wraith Form v2"],"picked":"After Image","floor":33},{"not_picked":["Riddle With Holes","Slice"],"picked":"Dodge and Roll+1","floor":35},{"not_picked":["Setup","Bane","Poisoned Stab"],"picked":"SKIP","floor":38},{"not_picked":["Deflect","Skewer"],"picked":"After Image","floor":39},{"not_picked":["Riddle With Holes","Prepared+1"],"picked":"A Thousand Cuts","floor":40},{"not_picked":["Poisoned Stab+1","Dagger Throw+1"],"picked":"Footwork+1","floor":41},{"not_picked":["Eviscerate+1","Poisoned Stab"],"picked":"Escape Plan","floor":44},{"not_picked":["Acrobatics","Outmaneuver","Catalyst"],"picked":"SKIP","floor":46},{"not_picked":["Envenom+1","Dagger Spray+1","Cloak And Dagger"],"picked":"SKIP","floor":47},{"not_picked":["PiercingWail+1","Riddle With Holes"],"picked":"Escape Plan","floor":49}],"player_experience":291421,"relics_obtained":[{"floor":7,"key":"Mercury Hourglass"},{"floor":9,"key":"Dream Catcher"},{"floor":11,"key":"Letter Opener"},{"floor":13,"key":"Odd Mushroom"},{"floor":26,"key":"Kunai"},{"floor":30,"key":"Pantograph"},{"floor":37,"key":"Bag of Preparation"},{"floor":40,"key":"Frozen Egg 2"},{"floor":43,"key":"Ornamental Fan"}],"event_choices":[{"damage_healed":0,"gold_gain":75,"player_choice":"Touch","damage_taken":7,"max_hp_gain":0,"max_hp_loss":0,"event_name":"FaceTrader","floor":4,"gold_loss":0},{"cards_removed":["Strike_G"],"damage_healed":0,"gold_gain":0,"player_choice":"Card Removal","damage_taken":0,"max_hp_gain":0,"max_hp_loss":0,"event_name":"The Cleric","floor":10,"gold_loss":50},{"damage_healed":0,"gold_gain":0,"player_choice":"Fought Mushrooms","damage_taken":0,"max_hp_gain":0,"max_hp_loss":0,"event_name":"Mushrooms","floor":13,"gold_loss":0},{"damage_healed":0,"gold_gain":0,"player_choice":"Lose Max HP","damage_taken":0,"relics_obtained":["Golden Idol"],"max_hp_gain":0,"max_hp_loss":5,"event_name":"Golden Idol","floor":14,"gold_loss":0},{"damage_healed":0,"gold_gain":0,"player_choice":"Opened","damage_taken":0,"relics_obtained":["Strawberry"],"max_hp_gain":0,"max_hp_loss":0,"event_name":"The Mausoleum","floor":19,"gold_loss":0,"cards_obtained":["Writhe"]},{"damage_healed":0,"gold_gain":0,"player_choice":"Joined the Cult","damage_taken":6,"max_hp_gain":0,"max_hp_loss":0,"event_name":"Nest","floor":21,"gold_loss":0,"cards_obtained":["RitualDagger"]},{"damage_healed":0,"gold_gain":0,"player_choice":"Gave Idol","damage_taken":0,"relics_obtained":["Bloody Idol"],"max_hp_gain":0,"max_hp_loss":0,"event_name":"Forgotten Altar","floor":24,"relics_lost":["Golden Idol"],"gold_loss":0},{"cards_removed":["All Out Attack"],"damage_healed":0,"gold_gain":0,"player_choice":"Gave Card","damage_taken":0,"relics_obtained":["Smiling Mask"],"max_hp_gain":0,"max_hp_loss":0,"event_name":"WeMeetAgain","floor":28,"gold_loss":0},{"cards_removed":["Doppelganger"],"damage_healed":0,"gold_gain":0,"player_choice":"Removed Skill","damage_taken":0,"max_hp_gain":0,"max_hp_loss":0,"event_name":"Falling","floor":36,"gold_loss":0}],"is_beta":false,"boss_relics":[{"not_picked":["Orrery","White Beast Statue"],"picked":"Empty Cage"},{"not_picked":["Runic Dome","Tiny House"],"picked":"Sozu"}],"items_purged_floors":[3,45,48],"is_endless":false,"potions_floor_spawned":[11,13,20,25,30,31,33,35,44,47],"ascension_level":3}