{"gold_per_floor":[113,124,124,124,15,43,43,59,59,84,84,113,113,123,123,123],"floor_reached":16,"playtime":431,"items_purged":["Defend_B"],"score":229,"play_id":"81fb4a9f-3703-464b-ad26-4b1ecba04c6b","local_time":"20190209191101","is_ascension_mode":true,"campfire_choices":[{"data":"White Noise","floor":7.0,"key":"SMITH"},{"floor":11,"key":"REST"},{"floor":15,"key":"REST"}],"neow_cost":"NONE","seed_source_timestamp":29846269408771,"circlet_count":0,"master_deck":["AscendersBane","Strike_B","Strike_B","Defend_B","Defend_B","Defend_B+1","Zap","Dualcast+1","Coolheaded","Double Energy","White Noise+1","Meteor Strike","Rebound","Doom and Gloom","Leap","Turbo"],"special_seed":0,"relics":["Cracked Core","NeowsBlessing","Singing Bowl","War Paint","Art of War","Blue Candle"],"potions_floor_usage":[14],"damage_taken":[{"damage":0.0,"enemies":"Jaw Worm","floor":1.0,"turns":1.0},{"damage":0.0,"enemies":"2 Louse","floor":2.0,"turns":1.0},{"damage":0.0,"enemies":"Lagavulin","floor":6.0,"turns":1.0},{"damage":0.0,"enemies":"Cultist","floor":8.0,"turns":4.0},{"damage":32,"enemies":"3 Sentries","floor":10,"turns":7},{"damage":46,"enemies":"Gremlin Nob","floor":12,"turns":5},{"damage":3,"enemies":"Exordium Thugs","floor":14,"turns":4},{"damage":34,"enemies":"The Guardian","floor":16,"turns":2}],"seed_played":"4010192607881351271","potions_obtained":[{"floor":1.0,"key":"LiquidBronze"},{"floor":2.0,"key":"SpeedPotion"},{"floor":14,"key":"Dexterity Potion"}],"is_trial":false,"path_per_floor":["M","M","?","?","$","E","R","M","T","E","R","E","?","M","R","B"],"character_chosen":"DEFECT","items_purchased":["White Noise"],"campfire_rested":2,"item_purchase_floors":[5],"current_hp_per_floor":[68,68,61,61,61,61,61,61,61,29,51,5,5,2,24,0],"gold":123,"neow_bonus":"THREE_ENEMY_KILL","is_prod":false,"is_daily":false,"chose_seed":false,"campfire_upgraded":1,"win_rate":0,"timestamp":1549707061,"path_taken":["M","M","?","?","$","E","R","M","T","E","R","E","?","?","R","BOSS"],"build_version":"2019-01-23","purchased_purges":1,"victory":false,"max_hp_per_floor":[75,75,75,75,75,75,75,75,75,75,75,75,75,75,75,75],"card_choices":[{"not_picked":["Sweeping Beam","Steam Power"],"picked":"Coolheaded","floor":1.0},{"not_picked":["Compile Driver","Blizzard"],"picked":"Double Energy","floor":2.0},{"not_picked":["Barrage","Redo"],"picked":"Meteor Strike","floor":6.0},{"not_picked":["Lockon","FTL"],"picked":"Rebound","floor":8.0},{"not_picked":["Beam Cell","Aggregate"],"picked":"Doom and Gloom","floor":10},{"not_picked":["Reinforced Body","Ball Lightning"],"picked":"Leap","floor":12},{"not_picked":["Steam","Beam Cell"],"picked":"Turbo","floor":14}],"player_experience":311819,"relics_obtained":[{"floor":6.0,"key":"Singing Bowl"},{"floor":9.0,"key":"War Paint"},{"floor":10,"key":"Art of War"},{"floor":12,"key":"Blue Candle"}],"event_choices":[{"cards_removed":["Strike_B"],"damage_healed":0.0,"max_hp_gain":0.0,"max_hp_loss":0.0,"gold_gain":0.0,"event_name":"Golden Wing","player_choice":"Card Removal","floor":3.0,"gold_loss":0.0,"damage_taken":7.0},{"damage_healed":0.0,"max_hp_gain":0.0,"max_hp_loss":0.0,"gold_gain":0.0,"event_name":"Shining Light","player_choice":"Ignored","floor":4.0,"gold_loss":0.0,"damage_taken":0.0},{"cards_removed":["Strike_B"],"damage_healed":0,"gold_gain":0,"player_choice":"Offered Basic","damage_taken":0,"max_hp_gain":0,"max_hp_loss":0,"event_name":"Bonfire Elementals","floor":13,"gold_loss":0}],"is_beta":false,"boss_relics":[],"items_purged_floors":[5],"is_endless":false,"potions_floor_spawned":[1,2,12,14],"killed_by":"The Guardian","ascension_level":12}