{"gold_per_floor":[115,115,115,40,51,80,80,80,80,93,93,434,148,169,169,288,288,309,329,254,269,23,23,39,39,92,113,131,131,147,171,171,296,296,310,325,84,84,84,127,77,77,77,90,18,18,18,41,41,41],"floor_reached":51,"playtime":1674,"items_purged":["Strike_B","Strike_B","Defend_B","Defend_B","Dualcast"],"score":844,"play_id":"d31f0fe1-4a3a-4f13-8c03-f25c8804f280","local_time":"20190107181251","is_ascension_mode":true,"campfire_choices":[{"data":"Loop","floor":8,"key":"SMITH"},{"data":"Zap","floor":11,"key":"SMITH"},{"floor":15,"key":"REST"},{"floor":23,"key":"REST"},{"data":"Echo Form","floor":25,"key":"SMITH"},{"floor":29,"key":"REST"},{"floor":32,"key":"REST"},{"floor":42,"key":"REST"},{"floor":46,"key":"REST"},{"data":"Buffer","floor":47,"key":"SMITH"},{"floor":49,"key":"REST"}],"neow_cost":"NONE","seed_source_timestamp":1524654078040935,"circlet_count":0,"master_deck":["Defend_B+1","Defend_B+1","Zap+1","BootSequence","Loop+1","Ball Lightning","Redo","Thunder Strike","Echo Form+1","Electrodynamics","Consume","Leap","Leap","Buffer+1","Redo+1","Static Discharge+1","BootSequence","Thunder Strike"],"relics":["Cracked Core","NeowsBlessing","Pocketwatch","Golden Idol","Smiling Mask","Old Coin","Regal Pillow","Lizard Tail","Membership Card","Potion Belt","Velvet Choker","Bronze Scales","Anchor","WingedGreaves","Prayer Wheel"],"potions_floor_usage":[21,31,33,48,50,50,50,50],"damage_taken":[{"damage":0,"enemies":"Jaw Worm","floor":1,"turns":1},{"damage":0,"enemies":"Small Slimes","floor":5,"turns":1},{"damage":0,"enemies":"3 Sentries","floor":6,"turns":2},{"damage":0,"enemies":"Cultist","floor":10,"turns":4},{"damage":6,"enemies":"Gremlin Nob","floor":12,"turns":3},{"damage":14,"enemies":"Exordium Wildlife","floor":14,"turns":4},{"damage":22,"enemies":"Slime Boss","floor":16,"turns":7},{"damage":15,"enemies":"Chosen","floor":18,"turns":5},{"damage":2,"enemies":"3 Byrds","floor":19,"turns":2},{"damage":38,"enemies":"Snake Plant","floor":21,"turns":3},{"damage":10,"enemies":"Snecko","floor":24,"turns":4},{"damage":30,"enemies":"Shelled Parasite and Fungi","floor":27,"turns":5},{"damage":18,"enemies":"Centurion and Healer","floor":28,"turns":4},{"damage":29,"enemies":"Cultist and Chosen","floor":30,"turns":5},{"damage":36,"enemies":"Snecko","floor":31,"turns":5},{"damage":22,"enemies":"Automaton","floor":33,"turns":6},{"damage":39,"enemies":"3 Darklings","floor":35,"turns":3},{"damage":13,"enemies":"3 Shapes","floor":36,"turns":4},{"damage":64,"enemies":"Reptomancer","floor":40,"turns":4},{"damage":30,"enemies":"Writhing Mass","floor":44,"turns":4},{"damage":26,"enemies":"Spire Growth","floor":48,"turns":4},{"damage":36,"enemies":"Time Eater","floor":50,"turns":7}],"seed_played":"-5932128642841664424","potions_obtained":[{"floor":5,"key":"GamblersBrew"},{"floor":14,"key":"Strength Potion"},{"floor":19,"key":"Regen Potion"},{"floor":28,"key":"Weak Potion"},{"floor":33,"key":"Strength Potion"},{"floor":36,"key":"FocusPotion"}],"is_trial":false,"path_per_floor":["M","?","?","$","M","E","?","R","T","M","R","E","$","M","R","B",null,"M","M","?","M","$","R","M","R","T","M","M","R","M","M","R","B",null,"M","M","$","?","?","E","$","R","T","M","$","R","R","M","R","B",null],"character_chosen":"DEFECT","items_purchased":["Thunder Strike","Regal Pillow","Membership Card","Bronze Scales","Anchor","LiquidBronze","BootSequence","LiquidBronze"],"campfire_rested":7,"item_purchase_floors":[13,13,22,37,37,37,45,45],"current_hp_per_floor":[75,75,60,60,60,60,42,42,42,42,42,36,36,22,59,37,75,60,58,58,29,29,66,56,56,56,26,8,45,16,19,56,34,75,36,23,23,23,66,2,2,36,36,6,6,40,40,14,48,12],"gold":41,"neow_bonus":"THREE_ENEMY_KILL","is_prod":false,"is_daily":false,"chose_seed":false,"campfire_upgraded":4,"win_rate":0,"timestamp":1546902771,"path_taken":["M","?","?","$","M","E","?","R","T","M","R","E","?","M","R","BOSS","M","M","?","M","$","R","M","R","T","M","M","R","M","M","R","BOSS","M","M","$","?","?","E","$","R","T","M","?","R","R","M","R","BOSS"],"build_version":"2019-01-03v4","purchased_purges":5,"victory":true,"max_hp_per_floor":[75,75,75,75,75,75,75,75,75,75,75,75,75,75,75,75,75,75,75,75,75,75,75,75,75,75,75,75,75,75,75,75,75,75,75,75,75,75,66,66,66,66,66,66,66,66,66,66,66,66],"card_choices":[{"not_picked":["Rebound","Hologram"],"picked":"BootSequence","floor":1},{"not_picked":["Sweeping Beam","Sunder"],"picked":"Loop","floor":5},{"not_picked":["Turbo","Rebound","Go for the Eyes"],"picked":"SKIP","floor":6},{"not_picked":["Force Field","Reinforced Body"],"picked":"Ball Lightning","floor":10},{"not_picked":["Gash","Cold Snap"],"picked":"Redo","floor":12},{"not_picked":["Beam Cell","Storm"],"picked":"Echo Form","floor":14},{"not_picked":["Multi-Cast","Seek"],"picked":"Electrodynamics","floor":16},{"not_picked":["Gash","Ball Lightning","Stack"],"picked":"SKIP","floor":18},{"not_picked":["Barrage","Stack"],"picked":"Consume","floor":19},{"not_picked":["Blizzard","Gash+1","Chaos"],"picked":"SKIP","floor":21},{"not_picked":["Beam Cell","Compile Driver","Sweeping Beam"],"picked":"SKIP","floor":24},{"not_picked":["Rip and Tear","Steam","Sweeping Beam"],"picked":"SKIP","floor":27},{"not_picked":["Coolheaded","Consume"],"picked":"Leap","floor":28},{"not_picked":["Turbo+1","Streamline","Barrage+1"],"picked":"SKIP","floor":30},{"not_picked":["Beam Cell+1","Fission"],"picked":"Leap","floor":31},{"not_picked":["Echo Form","Hyperbeam"],"picked":"Buffer","floor":33},{"not_picked":["Coolheaded+1","Barrage","Compile Driver+1"],"picked":"SKIP","floor":35},{"not_picked":["Gash+1","Barrage+1"],"picked":"Redo+1","floor":36},{"not_picked":["Darkness+1","Leap+1"],"picked":"Static Discharge+1","floor":40},{"not_picked":["Gash+1","Sunder","Streamline+1"],"picked":"SKIP","floor":44},{"not_picked":["Turbo","Cold Snap+1","Scrape"],"picked":"SKIP","floor":44},{"not_picked":["FTL","Rebound"],"picked":"Thunder Strike","floor":48},{"not_picked":["Turbo+1","Barrage+1","Gash"],"picked":"SKIP","floor":48}],"player_experience":335886,"relics_obtained":[{"floor":6,"key":"Pocketwatch"},{"floor":9,"key":"Smiling Mask"},{"floor":12,"key":"Old Coin"},{"floor":26,"key":"Potion Belt"},{"floor":40,"key":"WingedGreaves"},{"floor":43,"key":"Prayer Wheel"}],"event_choices":[{"cards_removed":["Strike_B"],"damage_healed":0,"gold_gain":0,"player_choice":"Forget","damage_taken":0,"max_hp_gain":0,"max_hp_loss":0,"event_name":"Living Wall","floor":2,"gold_loss":0},{"damage_healed":0,"gold_gain":0,"player_choice":"Entered Light","damage_taken":15,"max_hp_gain":0,"max_hp_loss":0,"event_name":"Shining Light","floor":3,"gold_loss":0,"cards_upgraded":["Defend_B","Defend_B"]},{"damage_healed":0,"gold_gain":0,"player_choice":"Take Damage","damage_taken":18,"relics_obtained":["Golden Idol"],"max_hp_gain":0,"max_hp_loss":0,"event_name":"Golden Idol","floor":7,"gold_loss":0},{"cards_removed":["Strike_B"],"damage_healed":0,"gold_gain":0,"player_choice":"Gave Gold","damage_taken":0,"max_hp_gain":0,"max_hp_loss":0,"event_name":"Beggar","floor":20,"gold_loss":75},{"damage_healed":0,"gold_gain":0,"player_choice":"Ignored","damage_taken":0,"max_hp_gain":0,"max_hp_loss":0,"event_name":"Mysterious Sphere","floor":38,"gold_loss":0},{"damage_healed":66,"gold_gain":0,"player_choice":"Heal","damage_taken":0,"max_hp_gain":0,"max_hp_loss":9,"event_name":"The Moai Head","floor":39,"gold_loss":0}],"is_beta":false,"boss_relics":[{"not_picked":["Pandora\u0027s Box","Calling Bell"],"picked":"Lizard Tail"},{"not_picked":["White Beast Statue","Philosopher\u0027s Stone"],"picked":"Velvet Choker"}],"items_purged_floors":[4,13,22,37,41],"is_endless":false,"potions_floor_spawned":[5,14,19,28,33,36],"ascension_level":4}