{"gold_per_floor":[118,129,404,61,92,92,152,152,200,255,319,319,379,479,479,479],"floor_reached":16,"playtime":877,"items_purged":["Regret"],"score":224,"play_id":"6509ecf8-8d9f-4b2c-aa2d-b31be64fac41","local_time":"20190208185153","is_ascension_mode":true,"campfire_choices":[{"data":"HandOfGreed","floor":6,"key":"SMITH"},{"data":"Clothesline","floor":8,"key":"SMITH"},{"data":"Armaments","floor":15,"key":"SMITH"}],"neow_cost":"NONE","seed_source_timestamp":1880606514825348,"circlet_count":0,"master_deck":["AscendersBane","Strike_R","Strike_R","Strike_R","Defend_R","Defend_R","Defend_R","Defend_R","Bash","Shrug It Off","Body Slam","HandOfGreed+1","Reaper","Corruption","Clothesline+1","Headbutt","Armaments+1","Whirlwind","Battle Trance"],"relics":["Burning Blood","Lantern","Juzu Bracelet","Kunai"],"potions_floor_usage":[],"damage_taken":[{"damage":18,"enemies":"Cultist","floor":1,"turns":5},{"damage":7,"enemies":"Small Slimes","floor":2,"turns":4},{"damage":2,"enemies":"Jaw Worm","floor":5,"turns":3},{"damage":1,"enemies":"2 Fungi Beasts","floor":7,"turns":4},{"damage":17,"enemies":"Lagavulin","floor":10,"turns":6},{"damage":19,"enemies":"Exordium Thugs","floor":11,"turns":5},{"damage":14,"enemies":"3 Louse","floor":13,"turns":6},{"damage":37,"enemies":"3 Sentries","floor":14,"turns":11},{"damage":31,"enemies":"Hexaghost","floor":16,"turns":9}],"seed_played":"4018897804604095811","potions_obtained":[{"floor":1,"key":"Explosive Potion"},{"floor":7,"key":"FearPotion"},{"floor":13,"key":"Ancient Potion"}],"is_trial":false,"path_per_floor":["M","M","?","$","M","R","M","R","T","E","M","?","M","E","R","B"],"character_chosen":"IRONCLAD","items_purchased":["HandOfGreed","Reaper"],"campfire_rested":0,"item_purchase_floors":[4,4],"current_hp_per_floor":[56,55,55,55,59,59,64,64,64,57,52,52,44,25,25,0],"gold":479,"neow_bonus":"REMOVE_CARD","is_prod":false,"is_daily":false,"chose_seed":false,"campfire_upgraded":3,"win_rate":0,"timestamp":1549669913,"path_taken":["M","M","?","$","M","R","?","R","T","E","M","?","M","E","R","BOSS"],"build_version":"2019-01-23","purchased_purges":1,"victory":false,"max_hp_per_floor":[75,75,75,75,75,75,75,75,75,75,75,75,75,75,75,75],"card_choices":[{"not_picked":["Battle Trance","Clash"],"picked":"Shrug It Off","floor":1},{"not_picked":["True Grit","Pommel Strike"],"picked":"Body Slam","floor":2},{"not_picked":["Spot Weakness","Flex"],"picked":"Corruption","floor":5},{"not_picked":["Hemokinesis","Iron Wave"],"picked":"Clothesline","floor":7},{"not_picked":["Rampage","Sword Boomerang"],"picked":"Headbutt","floor":10},{"not_picked":["Reckless Charge","Flex"],"picked":"Armaments","floor":11},{"not_picked":["Combust","Fiend Fire"],"picked":"Whirlwind","floor":13},{"not_picked":["Armaments","Combust"],"picked":"Battle Trance","floor":14}],"player_experience":708135,"relics_obtained":[{"floor":9,"key":"Lantern"},{"floor":10,"key":"Juzu Bracelet"},{"floor":14,"key":"Kunai"}],"event_choices":[{"damage_healed":0,"gold_gain":275,"player_choice":"Desecrate","damage_taken":0,"max_hp_gain":0,"max_hp_loss":0,"event_name":"Golden Shrine","floor":3,"gold_loss":0,"cards_obtained":["Regret"]},{"cards_removed":["Strike_R"],"damage_healed":0,"gold_gain":0,"player_choice":"Purged","damage_taken":0,"max_hp_gain":0,"max_hp_loss":0,"event_name":"Purifier","floor":12,"gold_loss":0}],"is_beta":false,"boss_relics":[],"items_purged_floors":[4],"is_endless":false,"potions_floor_spawned":[1,7,11,13],"killed_by":"Hexaghost","ascension_level":20}