{"gold_per_floor":[113,44,55,230,230,260,260,293,293,320,320,17,27,62,62,62],"floor_reached":16,"playtime":499,"items_purged":["Pain"],"score":242,"play_id":"1871fb06-d685-4d4f-8d30-8883ab8be4f4","local_time":"20190221082859","is_ascension_mode":true,"campfire_choices":[{"data":"Zap","floor":7.0,"key":"SMITH"},{"floor":11,"key":"REST"},{"data":"Defragment","floor":15,"key":"SMITH"}],"neow_cost":"NONE","seed_source_timestamp":0,"circlet_count":0,"master_deck":["AscendersBane","Strike_B","Strike_B","Strike_B","Strike_B","Defend_B","Defend_B","Defend_B","Defend_B","Zap+1","Dualcast","Loop","Doubt","Chill","Reinforced Body","Defragment+1"],"special_seed":0,"relics":["Cracked Core","NeowsBlessing","WarpedTongs","Singing Bowl","Centennial Puzzle","PreservedInsect","Art of War","DataDisk","Ornamental Fan"],"potions_floor_usage":[14,16],"damage_taken":[{"damage":0.0,"enemies":"Cultist","floor":1.0,"turns":1.0},{"damage":0.0,"enemies":"2 Louse","floor":3.0,"turns":1.0},{"damage":0.0,"enemies":"Lagavulin","floor":6.0,"turns":1.0},{"damage":35.0,"enemies":"3 Sentries","floor":8.0,"turns":7.0},{"damage":34,"enemies":"Lagavulin","floor":10,"turns":5},{"damage":4,"enemies":"Jaw Worm","floor":13,"turns":2},{"damage":1,"enemies":"3 Sentries","floor":14,"turns":5},{"damage":36,"enemies":"The Guardian","floor":16,"turns":2}],"seed_played":"3426596246445885290","potions_obtained":[{"floor":6.0,"key":"LiquidBronze"},{"floor":10,"key":"Fire Potion"}],"is_trial":false,"path_per_floor":["M","$","M","?","?","E","R","E","T","E","R","$","M","E","R","B"],"character_chosen":"DEFECT","items_purchased":["Loop","DataDisk","Chill"],"campfire_rested":1,"item_purchase_floors":[2,12,12],"current_hp_per_floor":[68,68,68,68,68,70,70,37,37,5,29,29,25,24,24,0],"gold":62,"neow_bonus":"THREE_ENEMY_KILL","is_prod":false,"is_daily":false,"chose_seed":false,"campfire_upgraded":2,"win_rate":0,"timestamp":1550766539,"path_taken":["M","$","M","?","?","E","R","E","T","E","R","$","M","E","R","BOSS"],"build_version":"2019-01-23","purchased_purges":1,"victory":false,"max_hp_per_floor":[75,75,75,75,75,77,77,79,79,81,81,81,81,81,81,81],"card_choices":[{"not_picked":["Compile Driver","Stack","Blizzard"],"picked":"SKIP","floor":1.0},{"not_picked":["Gash","Sweeping Beam","Leap"],"picked":"SKIP","floor":3.0},{"not_picked":["Blizzard","Amplify","Ball Lightning"],"picked":"Singing Bowl","floor":6.0},{"not_picked":["Ball Lightning","Barrage","Doom and Gloom"],"picked":"Singing Bowl","floor":8.0},{"not_picked":["Force Field","Sunder","Hyperbeam"],"picked":"Singing Bowl","floor":10},{"not_picked":["Chaos","Genetic Algorithm"],"picked":"Reinforced Body","floor":13},{"not_picked":["Leap","Beam Cell"],"picked":"Defragment","floor":14}],"player_experience":453030,"relics_obtained":[{"floor":6.0,"key":"Singing Bowl"},{"floor":8.0,"key":"Centennial Puzzle"},{"floor":9,"key":"PreservedInsect"},{"floor":10,"key":"Art of War"},{"floor":14,"key":"Ornamental Fan"}],"event_choices":[{"damage_healed":0.0,"max_hp_gain":0.0,"max_hp_loss":0.0,"gold_gain":175.0,"event_name":"Liars Game","player_choice":"AGREE","floor":4.0,"gold_loss":0.0,"damage_taken":0.0,"cards_obtained":["Doubt"]},{"damage_healed":0.0,"max_hp_gain":0.0,"max_hp_loss":0.0,"gold_gain":0.0,"event_name":"Accursed Blacksmith","player_choice":"Rummage","floor":5.0,"gold_loss":0.0,"damage_taken":0.0,"relics_obtained":["WarpedTongs"],"cards_obtained":["Pain"]}],"is_beta":false,"boss_relics":[],"items_purged_floors":[12],"is_endless":false,"potions_floor_spawned":[6,10],"killed_by":"The Guardian","ascension_level":12}