{"gold_per_floor":[361,361,21,34,45,45,63,88,115,115,115,134,147,180,180,283,283,293,293,208,222,238,238],"floor_reached":23,"playtime":1413,"items_purged":["Strike_B"],"score":305,"play_id":"fada564a-ad26-45d3-843f-30b9e03c9e06","local_time":"20190126220833","is_ascension_mode":true,"campfire_choices":[{"data":"Defragment","floor":6,"key":"SMITH"},{"floor":11,"key":"REST"},{"floor":15,"key":"REST"}],"neow_cost":"PERCENT_DAMAGE","seed_source_timestamp":768576478081196,"circlet_count":0,"master_deck":["AscendersBane","Strike_B","Strike_B","Defend_B","Defend_B","Defend_B","Defend_B","Zap","Dualcast","Sweeping Beam","Panacea","Sweeping Beam","Defragment+1","Coolheaded","Conserve Battery","Buffer","Flash of Steel","Consume","Turbo","Chill","Biased Cognition","Auto Shields+1","Steam+1","Auto Shields+1"],"relics":["Cracked Core","PreservedInsect","Bronze Scales","Oddly Smooth Stone","Orichalcum","Velvet Choker","Du-Vu Doll"],"potions_floor_usage":[8,13,14],"damage_taken":[{"damage":2,"enemies":"Jaw Worm","floor":1,"turns":4},{"damage":1,"enemies":"Cultist","floor":4,"turns":4},{"damage":7,"enemies":"Small Slimes","floor":5,"turns":3},{"damage":9,"enemies":"Red Slaver","floor":7,"turns":4},{"damage":12,"enemies":"Gremlin Nob","floor":8,"turns":4},{"damage":2,"enemies":"Looter","floor":12,"turns":3},{"damage":10,"enemies":"3 Louse","floor":13,"turns":2},{"damage":14,"enemies":"3 Sentries","floor":14,"turns":6},{"damage":1,"enemies":"The Guardian","floor":16,"turns":14},{"damage":1,"enemies":"Chosen","floor":18,"turns":6},{"damage":0,"enemies":"Spheric Guardian","floor":21,"turns":4},{"damage":4,"enemies":"Chosen and Byrds","floor":22,"turns":6},{"damage":66,"enemies":"Gremlin Leader","floor":23,"turns":7}],"seed_played":"819805900000126654","potions_obtained":[{"floor":1,"key":"PowerPotion"},{"floor":4,"key":"LiquidBronze"},{"floor":8,"key":"Regen Potion"},{"floor":12,"key":"Ancient Potion"},{"floor":21,"key":"FearPotion"}],"is_trial":false,"path_per_floor":["M","?","$","M","M","R","M","E","T","?","R","M","M","E","R","B",null,"M","?","?","M","M","E"],"character_chosen":"DEFECT","items_purchased":["PreservedInsect","Panacea","Sweeping Beam"],"campfire_rested":2,"item_purchase_floors":[3,3,3],"current_hp_per_floor":[48,48,48,47,40,40,31,19,19,19,41,39,38,24,46,45,68,67,67,67,67,63,0],"gold":238,"neow_bonus":"TWO_FIFTY_GOLD","is_prod":false,"is_daily":false,"chose_seed":false,"campfire_upgraded":1,"win_rate":0,"timestamp":1548558513,"path_taken":["M","?","$","M","M","R","?","E","T","?","R","?","M","E","R","BOSS","M","?","?","M","M","E"],"build_version":"2019-01-23","purchased_purges":1,"victory":false,"max_hp_per_floor":[75,75,75,75,75,75,75,75,75,75,75,75,75,75,75,75,75,75,75,75,75,75,75],"card_choices":[{"not_picked":["Fusion","Glacier"],"picked":"Sweeping Beam","floor":1},{"not_picked":["Hologram","Stack"],"picked":"Defragment","floor":4},{"not_picked":["Steam Power","Beam Cell"],"picked":"Coolheaded","floor":5},{"not_picked":["Scrape","Gash"],"picked":"Conserve Battery","floor":7},{"not_picked":["Streamline","Recycle"],"picked":"Buffer","floor":8},{"not_picked":["Beam Cell","Conserve Battery"],"picked":"Consume","floor":12},{"not_picked":["Streamline","Beam Cell"],"picked":"Turbo","floor":13},{"not_picked":["Sweeping Beam","Hologram"],"picked":"Chill","floor":14},{"not_picked":["Hyperbeam","Reboot"],"picked":"Biased Cognition","floor":16},{"not_picked":["Double Energy","Rip and Tear"],"picked":"Auto Shields+1","floor":18},{"not_picked":["Rebound+1","Hologram"],"picked":"Steam+1","floor":21},{"not_picked":["Reprogram","Chill"],"picked":"Auto Shields+1","floor":22}],"player_experience":491464,"relics_obtained":[{"floor":8,"key":"Bronze Scales"},{"floor":9,"key":"Oddly Smooth Stone"},{"floor":14,"key":"Orichalcum"}],"event_choices":[{"cards_removed":["Strike_B"],"damage_healed":0,"gold_gain":0,"player_choice":"Offered Basic","damage_taken":0,"max_hp_gain":0,"max_hp_loss":0,"event_name":"Bonfire Elementals","floor":2,"gold_loss":0},{"damage_healed":0,"gold_gain":0,"player_choice":"1 cards matched","damage_taken":0,"max_hp_gain":0,"max_hp_loss":0,"event_name":"Match and Keep!","floor":10,"gold_loss":0,"cards_obtained":["Flash of Steel"]},{"damage_healed":0,"gold_gain":0,"player_choice":"Ignored","damage_taken":0,"max_hp_gain":0,"max_hp_loss":0,"event_name":"Vampires","floor":19,"gold_loss":0},{"damage_healed":0,"gold_gain":0,"player_choice":"Obtained Relic","damage_taken":0,"relics_obtained":["Du-Vu Doll"],"max_hp_gain":0,"max_hp_loss":0,"event_name":"Addict","floor":20,"gold_loss":85}],"is_beta":false,"boss_relics":[{"not_picked":["Runic Dome","Busted Crown"],"picked":"Velvet Choker"}],"items_purged_floors":[3],"is_endless":false,"potions_floor_spawned":[1,4,8,12,21],"killed_by":"Gremlin Leader","ascension_level":10}