{"gold_per_floor":[110,110,125,144,69,69,85,119,170,186,186,203,223,252,252,349,349,365,376,376,476,486,486,497,508,532,532,551,563,467,478,478,478],"floor_reached":33,"playtime":1472,"items_purged":["Strike_B","Strike_B"],"score":371,"play_id":"bd5f5645-5ec8-4897-8207-9d89ce6e221a","local_time":"20190206104249","is_ascension_mode":true,"campfire_choices":[{"data":"Beam Cell","floor":6.0,"key":"SMITH"},{"floor":11,"key":"REST"},{"floor":15,"key":"REST"},{"floor":23,"key":"REST"},{"floor":27,"key":"REST"},{"floor":32,"key":"REST"}],"neow_cost":"NONE","seed_source_timestamp":1612507826015,"circlet_count":0,"master_deck":["Strike_B","Defend_B","Defend_B","Defend_B","Defend_B","Zap","Dualcast","All For One","Beam Cell+1","Go for the Eyes","Self Repair","Hologram","Melter","Leap","Steam","Leap","Buffer","Streamline+1","Skim","BootSequence","Steam","Leap"],"special_seed":0,"relics":["Cracked Core","Mercury Hourglass","Smiling Mask","DataDisk","Boot"],"potions_floor_usage":[14,28,29],"damage_taken":[{"damage":8.0,"enemies":"Small Slimes","floor":1.0,"turns":3.0},{"damage":2.0,"enemies":"Jaw Worm","floor":3.0,"turns":3.0},{"damage":0.0,"enemies":"Cultist","floor":4.0,"turns":2.0},{"damage":1.0,"enemies":"2 Fungi Beasts","floor":7.0,"turns":3.0},{"damage":32,"enemies":"Gremlin Nob","floor":8,"turns":5},{"damage":11,"enemies":"3 Louse","floor":10,"turns":3},{"damage":20,"enemies":"Exordium Thugs","floor":12,"turns":3},{"damage":12,"enemies":"Large Slime","floor":13,"turns":3},{"damage":21,"enemies":"Lagavulin","floor":14,"turns":5},{"damage":36,"enemies":"The Guardian","floor":16,"turns":16},{"damage":0,"enemies":"Spheric Guardian","floor":18,"turns":2},{"damage":24,"enemies":"3 Byrds","floor":19,"turns":5},{"damage":41,"enemies":"Snake Plant","floor":22,"turns":4},{"damage":26,"enemies":"Cultist and Chosen","floor":24,"turns":7},{"damage":0,"enemies":"Centurion and Healer","floor":25,"turns":7},{"damage":32,"enemies":"Snake Plant","floor":28,"turns":4},{"damage":2,"enemies":"Snecko","floor":29,"turns":4},{"damage":9,"enemies":"Centurion and Healer","floor":31,"turns":7},{"damage":86,"enemies":"Automaton","floor":33,"turns":6}],"seed_played":"6572911362186510766","potions_obtained":[{"floor":3.0,"key":"Energy Potion"},{"floor":8,"key":"Dexterity Potion"},{"floor":12,"key":"SkillPotion"},{"floor":14,"key":"Ancient Potion"},{"floor":28,"key":"Strength Potion"},{"floor":31,"key":"GamblersBrew"}],"is_trial":false,"path_per_floor":["M","?","M","M","$","R","M","E","T","M","R","M","M","E","R","B",null,"M","M","?","?","M","R","M","M","T","R","M","M","$","M","R","B"],"character_chosen":"DEFECT","items_purchased":["Leap"],"campfire_rested":5,"item_purchase_floors":[30],"current_hp_per_floor":[60,60,58,58,58,58,57,32,32,28,50,37,32,18,40,11,59,66,49,49,49,15,37,18,25,25,47,22,20,20,11,33,0],"gold":478,"neow_bonus":"ONE_RANDOM_RARE_CARD","is_prod":false,"is_daily":false,"chose_seed":false,"campfire_upgraded":1,"win_rate":0,"timestamp":1549417369,"path_taken":["M","?","M","M","$","R","M","E","T","M","R","M","M","E","R","BOSS","M","M","?","?","M","R","M","?","T","R","M","M","$","M","R","BOSS"],"build_version":"2019-01-23","purchased_purges":2,"victory":false,"max_hp_per_floor":[75,75,75,75,75,75,75,75,75,75,75,75,75,75,75,75,75,75,75,75,75,75,75,75,75,75,75,75,75,75,75,75,75],"card_choices":[{"not_picked":["Turbo","Rebound"],"picked":"Beam Cell","floor":1.0},{"not_picked":["Steam","Coolheaded"],"picked":"Go for the Eyes","floor":3.0},{"not_picked":["Compile Driver","Doom and Gloom","Loop"],"picked":"SKIP","floor":4.0},{"not_picked":["Conserve Battery","Compile Driver"],"picked":"Self Repair","floor":7.0},{"not_picked":["Blizzard","Conserve Battery"],"picked":"Hologram","floor":8},{"not_picked":["Conserve Battery","Chill"],"picked":"Melter","floor":10},{"not_picked":["Darkness","Lockon"],"picked":"Leap","floor":12},{"not_picked":["Machine Learning","BootSequence"],"picked":"Steam","floor":13},{"not_picked":["Ball Lightning","Recycle"],"picked":"Leap","floor":14},{"not_picked":["Seek","Multi-Cast"],"picked":"Buffer","floor":16},{"not_picked":["Redo+1","Capacitor","Cold Snap"],"picked":"SKIP","floor":18},{"not_picked":["Steam","Barrage"],"picked":"Streamline+1","floor":19},{"not_picked":["Turbo","Force Field"],"picked":"Skim","floor":22},{"not_picked":["Cold Snap+1","Lockon"],"picked":"BootSequence","floor":24},{"not_picked":["Conserve Battery","Cold Snap","Skim"],"picked":"SKIP","floor":25},{"not_picked":["Compile Driver","Streamline","Blizzard"],"picked":"SKIP","floor":28},{"not_picked":["Lockon","Amplify"],"picked":"Steam","floor":29},{"not_picked":["Consume","Stack","Compile Driver"],"picked":"SKIP","floor":31}],"player_experience":273318,"relics_obtained":[{"floor":8,"key":"Mercury Hourglass"},{"floor":9,"key":"Smiling Mask"},{"floor":14,"key":"DataDisk"},{"floor":26,"key":"Boot"}],"event_choices":[{"cards_removed":["Strike_B"],"damage_healed":0.0,"max_hp_gain":0.0,"max_hp_loss":0.0,"gold_gain":0.0,"event_name":"Living Wall","player_choice":"Forget","floor":2.0,"gold_loss":0.0,"damage_taken":0.0},{"damage_healed":0,"gold_gain":0,"player_choice":"Ignored","damage_taken":0,"max_hp_gain":0,"max_hp_loss":0,"event_name":"Vampires","floor":20,"gold_loss":0},{"damage_healed":0,"gold_gain":100,"player_choice":"Pray","damage_taken":0,"max_hp_gain":0,"max_hp_loss":0,"event_name":"Golden Shrine","floor":21,"gold_loss":0}],"is_beta":false,"boss_relics":[{"not_picked":["Velvet Choker","Runic Dome","Ectoplasm"]}],"items_purged_floors":[5,30],"is_endless":false,"potions_floor_spawned":[3,8,12,14,16,19,28,31],"killed_by":"Automaton","ascension_level":8}