{"gold_per_floor":[118,118,118,130,55,90,90,116,141,153,118,118],"floor_reached":12,"playtime":356,"items_purged":["Defend_B"],"score":129,"play_id":"c9d2bddf-ad2a-44b7-a016-e77a161e2453","local_time":"20190209113750","is_ascension_mode":true,"campfire_choices":[{"floor":7,"key":"REST"}],"neow_cost":"NONE","seed_source_timestamp":2768341858566,"circlet_count":0,"master_deck":["AscendersBane","Strike_B","Strike_B","Strike_B","Strike_B","Defend_B","Defend_B","Defend_B","Zap","Dualcast","Leap","Gash","Leap","White Noise"],"relics":["Cracked Core","Anchor","Juzu Bracelet","Ice Cream","Bag of Marbles"],"potions_floor_usage":[8],"damage_taken":[{"damage":3,"enemies":"2 Louse","floor":1,"turns":2},{"damage":4,"enemies":"Jaw Worm","floor":4,"turns":3},{"damage":40,"enemies":"Gremlin Nob","floor":6,"turns":5},{"damage":42,"enemies":"3 Sentries","floor":8,"turns":11},{"damage":0,"enemies":"Small Slimes","floor":10,"turns":4},{"damage":33,"enemies":"Exordium Wildlife","floor":12,"turns":4}],"seed_played":"-4626842851403333805","potions_obtained":[{"floor":6,"key":"SpeedPotion"}],"is_trial":false,"path_per_floor":["M","?","?","M","$","E","R","E","T","M","?","M"],"character_chosen":"DEFECT","items_purchased":[],"campfire_rested":1,"item_purchase_floors":[],"current_hp_per_floor":[72,65,65,61,61,21,45,3,3,3,23,0],"gold":118,"neow_bonus":"TEN_PERCENT_HP_BONUS","is_prod":false,"is_daily":false,"chose_seed":false,"campfire_upgraded":0,"win_rate":0,"timestamp":1549679870,"path_taken":["M","?","?","M","$","E","R","E","T","M","?","M"],"build_version":"2019-01-23","purchased_purges":1,"victory":false,"max_hp_per_floor":[82,82,82,82,82,82,82,82,82,82,82,82],"card_choices":[{"not_picked":["Coolheaded","Hologram","Steam Power"],"picked":"SKIP","floor":1},{"not_picked":["Stack","Beam Cell"],"picked":"Leap","floor":4},{"not_picked":["Beam Cell","Turbo"],"picked":"Gash","floor":6},{"not_picked":["Redo","Compile Driver"],"picked":"Leap","floor":8},{"not_picked":["Consume","Hello World"],"picked":"White Noise","floor":10}],"player_experience":302379,"relics_obtained":[{"floor":6,"key":"Juzu Bracelet"},{"floor":8,"key":"Ice Cream"},{"floor":9,"key":"Bag of Marbles"}],"event_choices":[{"damage_healed":0,"gold_gain":0,"player_choice":"Success","damage_taken":7,"relics_obtained":["Anchor"],"max_hp_gain":0,"max_hp_loss":0,"event_name":"Scrap Ooze","floor":2,"gold_loss":0},{"damage_healed":0,"gold_gain":0,"player_choice":"Ignored","damage_taken":0,"max_hp_gain":0,"max_hp_loss":0,"event_name":"Liars Game","floor":3,"gold_loss":0},{"damage_healed":20,"gold_gain":0,"player_choice":"Healed","damage_taken":0,"max_hp_gain":0,"max_hp_loss":0,"event_name":"The Cleric","floor":11,"gold_loss":35}],"is_beta":false,"boss_relics":[],"items_purged_floors":[5],"is_endless":false,"potions_floor_spawned":[6],"killed_by":"Exordium Wildlife","ascension_level":10}