{"gold_per_floor":[112,122,133,148,159,159,187,204,204,222,187,198,198,52,52,156,156,156,156,175,194,206,238,238,238,264,93,93,93,124,141,141,239,239,257,268,268,279,112,138,138,138,138,138],"floor_reached":44,"playtime":2000,"items_purged":["Strike_B","Streamline"],"score":482,"play_id":"34f29179-8951-433e-801b-3c39cd4af717","local_time":"20190104110350","is_ascension_mode":false,"campfire_choices":[{"data":"Double Energy","floor":6,"key":"SMITH"},{"data":"Defragment","floor":13,"key":"SMITH"},{"data":"Redo","floor":15,"key":"SMITH"},{"floor":24,"key":"REST"},{"floor":28,"key":"REST"},{"floor":32,"key":"REST"},{"floor":41,"key":"REST"}],"neow_cost":"NONE","seed_source_timestamp":4709678017043,"circlet_count":0,"master_deck":["Strike_B","Strike_B","Defend_B","Defend_B","Defend_B","Defend_B","Zap+1","Dualcast","Cold Snap","Double Energy+1","Stack","Gash","Electrodynamics","Steam","Defragment+1","Gash","Steam","Redo+1","Reboot","Streamline+1","Steam","Go for the Eyes+1","Conserve Battery","Defragment","Reboot","Capacitor","Seek","Ball Lightning+1","Defragment","Conserve Battery","Storm","Stack","Streamline+1","Apotheosis"],"relics":["Cracked Core","Letter Opener","Vajra","Black Star","Bottled Tornado","Bag of Marbles","Anchor","Singing Bowl","Juzu Bracelet","Lizard Tail","Art of War","Blood Vial","The Courier"],"potions_floor_usage":[7,16,16,18,30,33,38,40,44],"damage_taken":[{"damage":1,"enemies":"Jaw Worm","floor":1,"turns":3},{"damage":5,"enemies":"Small Slimes","floor":2,"turns":2},{"damage":4,"enemies":"Cultist","floor":3,"turns":3},{"damage":10,"enemies":"Exordium Wildlife","floor":4,"turns":3},{"damage":0,"enemies":"2 Fungi Beasts","floor":5,"turns":3},{"damage":33,"enemies":"Lagavulin","floor":7,"turns":7},{"damage":16,"enemies":"Large Slime","floor":8,"turns":3},{"damage":5,"enemies":"Looter","floor":10,"turns":3},{"damage":1,"enemies":"2 Fungi Beasts","floor":12,"turns":2},{"damage":17,"enemies":"Hexaghost","floor":16,"turns":9},{"damage":0,"enemies":"2 Thieves","floor":18,"turns":1},{"damage":12,"enemies":"Shell Parasite","floor":20,"turns":5},{"damage":5,"enemies":"3 Cultists","floor":21,"turns":3},{"damage":20,"enemies":"Chosen and Byrds","floor":22,"turns":5},{"damage":24,"enemies":"Book of Stabbing","floor":23,"turns":6},{"damage":15,"enemies":"Colosseum Slavers","floor":25,"turns":4},{"damage":7,"enemies":"Slavers","floor":30,"turns":3},{"damage":16,"enemies":"Sentry and Sphere","floor":31,"turns":4},{"damage":10,"enemies":"Champ","floor":33,"turns":14},{"damage":17,"enemies":"Orb Walker","floor":35,"turns":4},{"damage":30,"enemies":"3 Darklings","floor":36,"turns":3},{"damage":25,"enemies":"Maw","floor":38,"turns":10},{"damage":84,"enemies":"Giant Head","floor":40,"turns":11},{"damage":46,"enemies":"Transient","floor":44,"turns":5}],"seed_played":"-6170709437664596634","potions_obtained":[{"floor":1,"key":"Weak Potion"},{"floor":2,"key":"Regen Potion"},{"floor":4,"key":"SmokeBomb"},{"floor":10,"key":"FearPotion"},{"floor":16,"key":"EssenceOfSteel"},{"floor":21,"key":"Swift Potion"},{"floor":31,"key":"FearPotion"},{"floor":33,"key":"Regen Potion"},{"floor":35,"key":"Poison Potion"},{"floor":40,"key":"Regen Potion"}],"is_trial":false,"path_per_floor":["M","M","M","M","M","R","E","M","T","M","?","M","R","$","R","B",null,"M","?","M","M","M","E","R","?","T","$","R","?","E","M","R","B",null,"M","M","?","M","$","E","R","?","T","M"],"character_chosen":"DEFECT","items_purchased":["Steam","Redo","Defragment","Conserve Battery","Storm","Stack"],"campfire_rested":4,"item_purchase_floors":[14,14,27,39,39,39],"current_hp_per_floor":[74,69,65,55,55,55,34,18,18,13,31,30,30,30,30,13,75,75,75,63,58,38,14,36,21,21,21,43,29,22,6,30,20,80,65,35,35,25,25,4,27,27,27,0],"gold":138,"neow_bonus":"UPGRADE_CARD","is_prod":false,"is_daily":false,"chose_seed":false,"campfire_upgraded":3,"win_rate":0.0,"timestamp":1546567430,"path_taken":["M","M","M","M","M","R","E","M","T","M","?","M","R","$","R","BOSS","M","?","M","M","?","E","R","?","T","$","R","?","E","M","R","BOSS","M","M","?","M","$","E","R","?","T","M"],"build_version":"2018-12-20","purchased_purges":2,"victory":false,"max_hp_per_floor":[75,75,75,75,75,75,75,75,75,75,75,75,75,75,75,75,75,75,75,75,75,75,75,75,75,75,75,75,80,80,80,80,80,80,82,82,78,78,78,78,78,78,78,78],"card_choices":[{"not_picked":["White Noise","Stack"],"picked":"Streamline","floor":1},{"not_picked":["Scrape","Static Discharge"],"picked":"Cold Snap","floor":2},{"not_picked":["Reinforced Body","Skim"],"picked":"Double Energy","floor":3},{"not_picked":["Tempest","Compile Driver"],"picked":"Stack","floor":4},{"not_picked":["Barrage","Streamline"],"picked":"Gash","floor":5},{"not_picked":["Conserve Battery","Ball Lightning"],"picked":"Electrodynamics","floor":7},{"not_picked":["Redo","Glacier"],"picked":"Steam","floor":8},{"not_picked":["White Noise","Reinforced Body"],"picked":"Defragment","floor":10},{"not_picked":["Barrage","BootSequence"],"picked":"Gash","floor":12},{"not_picked":["Creative AI","Electrodynamics"],"picked":"Reboot","floor":16},{"not_picked":["White Noise","Barrage"],"picked":"Streamline+1","floor":20},{"not_picked":["Ball Lightning","Streamline"],"picked":"Steam","floor":21},{"not_picked":["Darkness","Doom and Gloom+1"],"picked":"Go for the Eyes+1","floor":22},{"not_picked":["Consume","Streamline"],"picked":"Conserve Battery","floor":23},{"not_picked":["Streamline","Blizzard"],"picked":"Reboot","floor":30},{"not_picked":["BootSequence+1","Defragment"],"picked":"Capacitor","floor":31},{"not_picked":["All For One","Echo Form"],"picked":"Seek","floor":33},{"not_picked":["Sweeping Beam+1","Aggregate+1","Stack+1"],"picked":"Singing Bowl","floor":35},{"not_picked":["Melter","Barrage+1"],"picked":"Ball Lightning+1","floor":36},{"not_picked":["Chaos+1","Leap+1"],"picked":"Defragment","floor":38},{"not_picked":["Go for the Eyes+1","Stack"],"picked":"Streamline+1","floor":40},{"not_picked":["The Bomb","Metamorphosis"],"picked":"Apotheosis","floor":42}],"player_experience":88551,"relics_obtained":[{"floor":7,"key":"Letter Opener"},{"floor":9,"key":"Vajra"},{"floor":23,"key":"Bottled Tornado"},{"floor":23,"key":"Bag of Marbles"},{"floor":26,"key":"Anchor"},{"floor":30,"key":"Singing Bowl"},{"floor":30,"key":"Juzu Bracelet"},{"floor":40,"key":"Art of War"},{"floor":40,"key":"Blood Vial"},{"floor":43,"key":"The Courier"}],"event_choices":[{"damage_healed":18,"gold_gain":0,"player_choice":"Healed","damage_taken":0,"max_hp_gain":0,"max_hp_loss":0,"event_name":"The Cleric","floor":11,"gold_loss":35},{"cards_removed":["Strike_B"],"damage_healed":0,"gold_gain":0,"player_choice":"Offered Basic","damage_taken":0,"max_hp_gain":0,"max_hp_loss":0,"event_name":"Bonfire Elementals","floor":19,"gold_loss":0},{"damage_healed":0,"gold_gain":0,"player_choice":"Fight","damage_taken":0,"max_hp_gain":0,"max_hp_loss":0,"event_name":"Colosseum","floor":25,"gold_loss":0},{"damage_healed":0,"gold_gain":0,"player_choice":"Fled From Nobs","damage_taken":0,"max_hp_gain":0,"max_hp_loss":0,"event_name":"Colosseum","floor":25,"gold_loss":0},{"damage_healed":0,"gold_gain":0,"player_choice":"Shed Blood","damage_taken":19,"max_hp_gain":5,"max_hp_loss":0,"event_name":"Forgotten Altar","floor":29,"gold_loss":0},{"damage_healed":0,"gold_gain":0,"player_choice":"Max HP","damage_taken":0,"max_hp_gain":0,"max_hp_loss":4,"event_name":"Winding Halls","floor":37,"gold_loss":0},{"damage_healed":0,"gold_gain":0,"player_choice":"Memory 1","damage_taken":0,"max_hp_gain":0,"max_hp_loss":0,"event_name":"SensoryStone","floor":42,"gold_loss":0}],"is_beta":false,"boss_relics":[{"not_picked":["Eternal Feather","Sozu"],"picked":"Black Star"},{"not_picked":["Orrery","Tiny House"],"picked":"Lizard Tail"}],"items_purged_floors":[14,27],"is_endless":false,"potions_floor_spawned":[1,2,4,5,10,16,21,31,33,35,40],"killed_by":"Transient","ascension_level":0}