{"gold_per_floor":[113,123,142,142,317,317,349,349,349,364,393,406,92,92,92,194,194,206,216,25,38,55,90,90,116,116,116,31,111,131,31,31,132,132,142,154,171,171,185,185],"floor_reached":40,"playtime":3774,"items_purged":["Doubt","Defend_B"],"score":781,"play_id":"6ef2a94e-1929-45b9-b7c8-2fe44aa8d8e4","local_time":"20190130191030","is_ascension_mode":true,"campfire_choices":[{"data":"Barrage","floor":6,"key":"SMITH"},{"floor":8,"key":"REST"},{"data":"Redo","floor":15,"key":"SMITH"},{"floor":24,"key":"REST"},{"floor":32,"key":"REST"}],"neow_cost":"NONE","seed_source_timestamp":1101155770046892,"circlet_count":0,"master_deck":["AscendersBane","Strike_B","Defend_B","Defend_B","Defend_B","Zap","Dualcast","Glacier+1","Meteor Strike+1","Chaos+1","Rebound","Barrage+1","Redo+1","Chill+1","Streamline","Secret Technique+1","Coolheaded+1","Multi-Cast+1","Streamline+1","BootSequence+1","Double Energy+1","Heatsinks","Reboot+1","Self Repair","Biased Cognition","Steam+1","Reprogram+1","Steam+1"],"relics":["Astrolabe","Bird Faced Urn","Singing Bowl","Toxic Egg 2","Thread and Needle","Runic Pyramid","OrangePellets","Bag of Marbles","Bottled Tornado","Mercury Hourglass","Torii","Question Card","Cursed Key"],"potions_floor_usage":[7,23,33,33],"damage_taken":[{"damage":0,"enemies":"Cultist","floor":1,"turns":4},{"damage":0,"enemies":"2 Louse","floor":2,"turns":4},{"damage":4,"enemies":"Small Slimes","floor":3,"turns":4},{"damage":44,"enemies":"Gremlin Nob","floor":7,"turns":6},{"damage":0,"enemies":"2 Fungi Beasts","floor":10,"turns":4},{"damage":8,"enemies":"3 Sentries","floor":11,"turns":8},{"damage":0,"enemies":"Gremlin Gang","floor":12,"turns":4},{"damage":23,"enemies":"Slime Boss","floor":16,"turns":13},{"damage":0,"enemies":"Spheric Guardian","floor":18,"turns":6},{"damage":0,"enemies":"Shell Parasite","floor":19,"turns":6},{"damage":15,"enemies":"Centurion and Healer","floor":21,"turns":8},{"damage":0,"enemies":"Shelled Parasite and Fungi","floor":22,"turns":10},{"damage":17,"enemies":"Book of Stabbing","floor":23,"turns":5},{"damage":26,"enemies":"Gremlin Leader","floor":25,"turns":8},{"damage":0,"enemies":"Colosseum Slavers","floor":27,"turns":4},{"damage":0,"enemies":"Snake Plant","floor":30,"turns":2},{"damage":0,"enemies":"Champ","floor":33,"turns":11},{"damage":0,"enemies":"3 Darklings","floor":35,"turns":5},{"damage":1,"enemies":"3 Shapes","floor":36,"turns":4},{"damage":0,"enemies":"Writhing Mass","floor":37,"turns":6},{"damage":7,"enemies":"Maw","floor":39,"turns":8},{"damage":92,"enemies":"Giant Head","floor":40,"turns":9}],"seed_played":"-248001656233946801","potions_obtained":[{"floor":1,"key":"FocusPotion"},{"floor":12,"key":"Swift Potion"},{"floor":22,"key":"Fire Potion"},{"floor":25,"key":"Dexterity Potion"},{"floor":35,"key":"Regen Potion"}],"is_trial":false,"path_per_floor":["M","M","M","?","?","R","E","R","T","M","E","M","$","?","R","B",null,"M","M","$","M","M","E","R","E","T","?","?","T","M","$","R","B",null,"M","M","M","?","M","E"],"character_chosen":"DEFECT","items_purchased":["Secret Technique+1","Coolheaded+1","OrangePellets"],"campfire_rested":3,"item_purchase_floors":[13,13,20],"current_hp_per_floor":[68,68,64,57,57,57,15,38,38,38,30,32,32,32,32,9,62,64,64,64,49,49,32,56,30,30,30,30,30,30,30,54,65,77,81,81,81,81,83,0],"gold":185,"neow_bonus":"BOSS_RELIC","is_prod":false,"is_daily":false,"chose_seed":false,"campfire_upgraded":2,"win_rate":0,"timestamp":1548893430,"path_taken":["M","M","?","?","?","R","E","R","T","M","E","M","$","?","R","BOSS","M","M","$","M","?","E","R","E","T","?","?","?","M","$","R","BOSS","M","M","M","?","?","E"],"build_version":"2019-01-23","purchased_purges":2,"victory":false,"max_hp_per_floor":[75,75,75,75,75,75,77,77,77,77,77,79,79,79,79,79,79,81,81,81,81,81,81,81,81,81,81,81,81,81,81,81,81,81,81,81,81,81,83,83],"card_choices":[{"not_picked":["Lockon","Beam Cell"],"picked":"Rebound","floor":1},{"not_picked":["Go for the Eyes","Compile Driver"],"picked":"Barrage","floor":2},{"not_picked":["Stack","Beam Cell"],"picked":"Redo","floor":3},{"not_picked":["Stack","Lockon","Steam"],"picked":"Singing Bowl","floor":7},{"not_picked":["Turbo+1","Amplify+1"],"picked":"Chill+1","floor":10},{"not_picked":["Gash","Turbo+1"],"picked":"Streamline","floor":11},{"not_picked":["Rebound","Gash","Turbo+1"],"picked":"Singing Bowl","floor":12},{"not_picked":["Thunder Strike","Meteor Strike"],"picked":"Multi-Cast+1","floor":16},{"not_picked":["Steam+1","Gash","Cold Snap"],"picked":"Singing Bowl","floor":18},{"not_picked":["Stack+1","Scrape"],"picked":"Streamline+1","floor":19},{"not_picked":["Rebound","Hologram+1"],"picked":"BootSequence+1","floor":21},{"not_picked":["Hologram+1","Hello World"],"picked":"Double Energy+1","floor":22},{"not_picked":["Conserve Battery+1","Coolheaded+1"],"picked":"Heatsinks","floor":23},{"not_picked":["Darkness+1","Streamline"],"picked":"Reboot+1","floor":25},{"not_picked":["Melter","Compile Driver","Tempest+1"],"picked":"Self Repair","floor":30},{"not_picked":["Hyperbeam","Core Surge","Meteor Strike"],"picked":"Biased Cognition","floor":33},{"not_picked":["Sweeping Beam","Cold Snap+1","Storm"],"picked":"Steam+1","floor":35},{"not_picked":["Gash+1","Coolheaded+1","Lockon"],"picked":"Reprogram+1","floor":36},{"not_picked":["Beam Cell","Gash","Go for the Eyes"],"picked":"Steam+1","floor":37},{"not_picked":["Coolheaded+1","Lockon+1","Ball Lightning+1","Sweeping Beam"],"picked":"Singing Bowl","floor":39}],"player_experience":583547,"relics_obtained":[{"floor":7,"key":"Singing Bowl"},{"floor":9,"key":"Toxic Egg 2"},{"floor":11,"key":"Thread and Needle"},{"floor":23,"key":"Bag of Marbles"},{"floor":25,"key":"Bottled Tornado"},{"floor":26,"key":"Mercury Hourglass"},{"floor":29,"key":"Question Card"}],"event_choices":[{"damage_healed":0,"gold_gain":0,"player_choice":"Success","damage_taken":7,"relics_obtained":["Bird Faced Urn"],"max_hp_gain":0,"max_hp_loss":0,"event_name":"Scrap Ooze","floor":4,"gold_loss":0},{"damage_healed":0,"gold_gain":175,"player_choice":"AGREE","damage_taken":0,"max_hp_gain":0,"max_hp_loss":0,"event_name":"Liars Game","floor":5,"gold_loss":0,"cards_obtained":["Doubt"]},{"damage_healed":0,"gold_gain":0,"player_choice":"Leave","damage_taken":0,"max_hp_gain":0,"max_hp_loss":0,"event_name":"FaceTrader","floor":14,"gold_loss":0},{"damage_healed":0,"gold_gain":0,"player_choice":"Fight","damage_taken":0,"max_hp_gain":0,"max_hp_loss":0,"event_name":"Colosseum","floor":27,"gold_loss":0},{"damage_healed":0,"gold_gain":0,"player_choice":"Fled From Nobs","damage_taken":0,"max_hp_gain":0,"max_hp_loss":0,"event_name":"Colosseum","floor":27,"gold_loss":0},{"damage_healed":0,"gold_gain":0,"player_choice":"Obtained Relic","damage_taken":0,"relics_obtained":["Torii"],"max_hp_gain":0,"max_hp_loss":0,"event_name":"Addict","floor":28,"gold_loss":85},{"damage_healed":0,"gold_gain":0,"player_choice":"Ignored","damage_taken":0,"max_hp_gain":0,"max_hp_loss":0,"event_name":"SecretPortal","floor":38,"gold_loss":0}],"is_beta":false,"boss_relics":[{"not_picked":["Snecko Eye","Orrery"],"picked":"Runic Pyramid"},{"not_picked":["Velvet Choker","Eternal Feather"],"picked":"Cursed Key"}],"items_purged_floors":[13,31],"is_endless":false,"potions_floor_spawned":[1,12,22,25,27,35],"killed_by":"Giant Head","ascension_level":12}