{"path_per_floor":["M","M","?","$","?","R","?","E","T","E","M","E","?","M","R","B",null,"M","$","M","?","?","E","R","E","T","?","E"],"character_chosen":"DEFECT","items_purchased":["Melter","Self Repair","Cables","Barrage"],"gold_per_floor":[114,132,132,20,20,20,20,63,88,122,136,174,174,193,193,286,286,306,19,42,42,42,112,112,151,151,151,185,185],"floor_reached":29,"campfire_rested":1,"playtime":1719,"item_purchase_floors":[],"current_hp_per_floor":[64,64,61,61,61,61,44,33,33,27,29,31,76,76,76,50,70,67,67,70,70,70,26,48,23,23,23,4,0],"items_purged":[],"gold":185,"score":505,"play_id":"b5ac4a5e-3a4a-4646-8e48-8dba7811412b","local_time":"20180612031339","is_prod":false,"is_daily":false,"chose_seed":false,"is_ascension_mode":true,"campfire_upgraded":2,"win_rate":0,"timestamp":1528766019,"campfire_choices":[{"data":"Coolheaded","floor":6.0,"key":"SMITH"},{"data":"Zap","floor":15.0,"key":"SMITH"},{"floor":24,"key":"REST"}],"path_taken":["M","?","?","$","?","R","?","E","T","E","M","E","?","M","R","BOSS","M","$","M","?","?","E","R","E","T","?","E","M"],"build_version":"2018-06-07v3","seed_source_timestamp":304252821294400,"purchased_purges":0,"victory":false,"master_deck":["Strike_B+1","Strike_B+1","Strike_B+1","Defend_B+1","Defend_B+1","Defend_B+1","Defend_B+1","Zap+1","Dualcast","AscendersBane","Cold Snap","Coolheaded+1","Melter","Self Repair","Sunder","Gash","Conserve Battery","Compile Driver","Thunder Strike","Leap","Barrage","Gash","Stack+1","White Noise","Strike_B","RitualDagger","Glacier+1"],"max_hp_per_floor":[71,71,71,71,71,71,71,76,76,76,76,76,76,76,76,76,76,76,76,76,76,76,76,76,76,76,76,76,76],"relics":["Runic Dome","Gambling Chip","Golden Idol","Toolbox","Blood Vial","Mercury Hourglass","Whetstone","Inserter","Cables","Tiny Chest","Pen Nib","Vajra","War Paint"],"card_choices":[{"not_picked":["Auto Shields","Skim"],"picked":"Cold Snap","floor":1.0},{"not_picked":["Ball Lightning","BootSequence"],"picked":"Coolheaded","floor":2.0},{"not_picked":["Capacitor","Ball Lightning"],"picked":"Sunder","floor":8.0},{"not_picked":["Hologram","Conserve Battery"],"picked":"Consume","floor":10.0},{"not_picked":["Beam Cell","FTL"],"picked":"Gash","floor":11.0},{"not_picked":["Multi-Cast","Blizzard"],"picked":"Conserve Battery","floor":12.0},{"not_picked":["Steam Power","Turbo"],"picked":"Compile Driver","floor":14.0},{"not_picked":["Hyperbeam","Multi-Cast"],"picked":"Thunder Strike","floor":16.0},{"not_picked":["Reinforced Body","Compile Driver"],"picked":"Leap","floor":18},{"not_picked":["Chill","Rebound+1"],"picked":"Gash","floor":20},{"not_picked":["Rebound","Lockon"],"picked":"Stack","floor":23},{"not_picked":["Ball Lightning","Barrage"],"picked":"White Noise","floor":25},{"not_picked":["Barrage","Double Energy"],"picked":"Glacier","floor":28}],"player_experience":521319,"potions_floor_usage":[23,25,28],"damage_taken":[{"damage":0.0,"enemies":"Cultist","floor":1.0,"turns":3.0},{"damage":0.0,"enemies":"2 Louse","floor":2.0,"turns":3.0},{"damage":23.0,"enemies":"Lagavulin","floor":8.0,"turns":10.0},{"damage":15.0,"enemies":"3 Sentries","floor":10.0,"turns":5.0},{"damage":0.0,"enemies":"Small Slimes","floor":11.0,"turns":1.0},{"damage":7.0,"enemies":"Lagavulin","floor":12.0,"turns":7.0},{"damage":4.0,"enemies":"Blue Slaver","floor":14.0,"turns":3.0},{"damage":33.0,"enemies":"The Guardian","floor":16.0,"turns":10.0},{"damage":12,"enemies":"Spheric Guardian","floor":18,"turns":4},{"damage":6,"enemies":"Shell Parasite","floor":20,"turns":4},{"damage":53,"enemies":"Slavers","floor":23,"turns":8},{"damage":27,"enemies":"Book of Stabbing","floor":25,"turns":6},{"damage":21,"enemies":"Slavers","floor":28,"turns":6},{"damage":7,"enemies":"Snake Plant","floor":29,"turns":2}],"relics_obtained":[{"floor":8.0,"key":"Toolbox"},{"floor":9.0,"key":"Blood Vial"},{"floor":10.0,"key":"Mercury Hourglass"},{"floor":12.0,"key":"Whetstone"},{"floor":23,"key":"Tiny Chest"},{"floor":25,"key":"Pen Nib"},{"floor":26,"key":"Vajra"},{"floor":28,"key":"War Paint"}],"event_choices":[{"event_name":"Scrap Ooze","player_choice":"success","floor":3.0,"damage_taken":3.0},{"event_name":"The Cleric","player_choice":"Leave","floor":5.0,"damage_taken":0.0},{"event_name":"Golden Idol","player_choice":"Take Damage","floor":7.0,"damage_taken":0.0},{"event_name":"Bonfire Elementals","player_choice":"UNCOMMON","floor":13.0,"damage_taken":0.0},{"event_name":"Drug Dealer","player_choice":"Ignored","floor":21,"damage_taken":0},{"event_name":"Back to Basics","player_choice":"Simplicity","floor":22,"damage_taken":0},{"event_name":"Nest","player_choice":"Joined the Cult","floor":27,"damage_taken":0}],"boss_relics":[{"not_picked":["Eternal Feather","Astrolabe"],"picked":"Inserter"}],"items_purged_floors":[],"potions_floor_spawned":[1,8,11,12,14,23,25,28],"seed_played":"-7898801250148661328","killed_by":"Snake Plant","ascension_level":14,"potions_obtained":[{"floor":1.0,"key":"Fruit Juice"},{"floor":8.0,"key":"Swift Potion"},{"floor":11.0,"key":"Fire Potion"},{"floor":23,"key":"SkillPotion"},{"floor":25,"key":"Fire Potion"},{"floor":28,"key":"PowerPotion"}],"is_trial":false}