{"gold_per_floor":[118,68,83,102,102,133,58,58,58,69,86,86,118,138,138,243,243,253,271,288,303,303,303,332,332,356,356],"floor_reached":27,"playtime":1618,"items_purged":["Defend_R"],"score":297,"play_id":"80c0e729-18b6-4df8-9124-de6d1cd11cf9","local_time":"20190107185355","is_ascension_mode":true,"campfire_choices":[{"data":"Metallicize","floor":8,"key":"SMITH"},{"data":"Bloodletting","floor":12,"key":"SMITH"},{"data":"Heavy Blade","floor":15,"key":"SMITH"},{"floor":23,"key":"REST"}],"neow_cost":"NONE","seed_source_timestamp":30001547148180,"circlet_count":0,"master_deck":["Strike_R","Strike_R","Defend_R","Defend_R","Defend_R","Bash","Shockwave","Headbutt","Metallicize+1","Heavy Blade+1","Dual Wield","Pommel Strike","Spot Weakness","Spot Weakness","Bloodletting+1","Heavy Blade","Spot Weakness","Barricade","Armaments","Seeing Red+1","Shrug It Off+1","Heavy Blade+1","Entrench+1","Battle Trance","Armaments","Decay"],"relics":["Burning Blood","Prayer Wheel","Anchor","Black Star","Gambling Chip","Gremlin Horn","Blood Vial"],"potions_floor_usage":[13,16,16,21,24],"damage_taken":[{"damage":6,"enemies":"Jaw Worm","floor":1,"turns":4},{"damage":1,"enemies":"2 Louse","floor":3,"turns":5},{"damage":2,"enemies":"Cultist","floor":4,"turns":5},{"damage":31,"enemies":"3 Sentries","floor":6,"turns":14},{"damage":4,"enemies":"Blue Slaver","floor":10,"turns":5},{"damage":27,"enemies":"Lots of Slimes","floor":11,"turns":6},{"damage":8,"enemies":"Lagavulin","floor":13,"turns":6},{"damage":14,"enemies":"Exordium Wildlife","floor":14,"turns":4},{"damage":22,"enemies":"The Guardian","floor":16,"turns":7},{"damage":21,"enemies":"2 Thieves","floor":18,"turns":4},{"damage":9,"enemies":"Shell Parasite","floor":19,"turns":4},{"damage":17,"enemies":"Chosen and Byrds","floor":20,"turns":5},{"damage":25,"enemies":"Sentry and Sphere","floor":21,"turns":6},{"damage":50,"enemies":"Slavers","floor":24,"turns":6},{"damage":16,"enemies":"Centurion and Healer","floor":27,"turns":2}],"seed_played":"-7415231600810890802","potions_obtained":[{"floor":3,"key":"BloodPotion"},{"floor":10,"key":"Block Potion"},{"floor":11,"key":"Block Potion"},{"floor":16,"key":"Fire Potion"},{"floor":20,"key":"Block Potion"}],"is_trial":false,"path_per_floor":["M","?","M","M","?","E","$","R","T","M","M","R","E","M","R","B",null,"M","M","M","M","?","R","E","?","T","M"],"character_chosen":"IRONCLAD","items_purchased":[],"campfire_rested":1,"item_purchase_floors":[],"current_hp_per_floor":[80,80,80,80,73,48,48,48,48,50,29,29,35,27,27,11,80,65,62,51,32,32,56,12,12,12,0],"gold":356,"neow_bonus":"TRANSFORM_CARD","is_prod":false,"is_daily":false,"chose_seed":false,"campfire_upgraded":3,"win_rate":0,"timestamp":1546854835,"path_taken":["M","?","M","M","?","E","$","R","T","M","M","R","E","M","R","BOSS","M","M","M","M","?","R","E","?","T","M"],"build_version":"2019-01-03v4","purchased_purges":1,"victory":false,"max_hp_per_floor":[80,80,80,80,80,80,80,80,80,80,80,80,80,80,80,80,80,80,80,80,80,80,80,80,80,80,80],"card_choices":[{"not_picked":["Warcry","Pommel Strike"],"picked":"Headbutt","floor":1},{"not_picked":["Rage","Flame Barrier"],"picked":"Metallicize","floor":3},{"not_picked":["Burning Pact","Feel No Pain"],"picked":"Heavy Blade","floor":4},{"not_picked":["Shrug It Off","Pommel Strike"],"picked":"Dual Wield","floor":6},{"not_picked":["Anger","Twin Strike"],"picked":"Pommel Strike","floor":10},{"not_picked":["Pommel Strike","Iron Wave"],"picked":"Spot Weakness","floor":10},{"not_picked":["Pommel Strike","Fiend Fire"],"picked":"Spot Weakness","floor":11},{"not_picked":["Heavy Blade","Warcry"],"picked":"Bloodletting","floor":11},{"not_picked":["Cleave","Clothesline","Second Wind"],"picked":"SKIP","floor":13},{"not_picked":["Ghostly Armor","Anger"],"picked":"Heavy Blade","floor":14},{"not_picked":["Shrug It Off","Battle Trance"],"picked":"Spot Weakness","floor":14},{"not_picked":["Double Tap","Juggernaut"],"picked":"Barricade","floor":16},{"not_picked":["Warcry","Thunderclap"],"picked":"Armaments","floor":18},{"not_picked":["Warcry+1","Sword Boomerang","Anger+1"],"picked":"SKIP","floor":18},{"not_picked":["Flex","Pummel"],"picked":"Seeing Red+1","floor":19},{"not_picked":["True Grit","Heavy Blade"],"picked":"Shrug It Off+1","floor":19},{"not_picked":["Reckless Charge+1","Cleave+1"],"picked":"Heavy Blade+1","floor":20},{"not_picked":["Headbutt","Bludgeon"],"picked":"Entrench+1","floor":20},{"not_picked":["Cleave+1","Combust"],"picked":"Battle Trance","floor":21},{"not_picked":["Flex","Headbutt","Seeing Red"],"picked":"SKIP","floor":21},{"not_picked":["Offering","Cleave"],"picked":"Armaments","floor":24}],"player_experience":151169,"relics_obtained":[{"floor":6,"key":"Prayer Wheel"},{"floor":13,"key":"Anchor"},{"floor":24,"key":"Gambling Chip"},{"floor":24,"key":"Gremlin Horn"},{"floor":26,"key":"Blood Vial"}],"event_choices":[{"cards_removed":["Strike_R"],"damage_healed":0,"gold_gain":0,"player_choice":"Card Removal","damage_taken":0,"max_hp_gain":0,"max_hp_loss":0,"event_name":"The Cleric","floor":2,"gold_loss":50},{"cards_removed":["Strike_R"],"damage_healed":0,"gold_gain":0,"player_choice":"Card Removal","damage_taken":7,"max_hp_gain":0,"max_hp_loss":0,"event_name":"Golden Wing","floor":5,"gold_loss":0},{"damage_healed":0,"gold_gain":0,"player_choice":"Ignored","damage_taken":0,"max_hp_gain":0,"max_hp_loss":0,"event_name":"Vampires","floor":22,"gold_loss":0},{"damage_healed":0,"gold_gain":0,"player_choice":"Smashed Altar","damage_taken":0,"max_hp_gain":0,"max_hp_loss":0,"event_name":"Forgotten Altar","floor":25,"gold_loss":0,"cards_obtained":["Decay"]}],"is_beta":false,"boss_relics":[{"not_picked":["Pandora\u0027s Box","Tiny House"],"picked":"Black Star"}],"items_purged_floors":[7],"is_endless":false,"potions_floor_spawned":[3,10,11,16,20],"killed_by":"Centurion and Healer","ascension_level":2}