{"gold_per_floor":[118,132,152,163,181,181,214,214,214,242,256,287,287,242,242,321,321,336,37,35,47,47,47,47,47,73,73,73,86,86,103,103,103],"floor_reached":33,"playtime":1401,"items_purged":["Strike_B"],"score":467,"play_id":"7c5d2d45-599d-4e1e-872c-7f5189f04875","local_time":"20190211170034","is_ascension_mode":true,"campfire_choices":[{"data":"Zap","floor":6.0,"key":"SMITH"},{"data":"Go for the Eyes","floor":8.0,"key":"SMITH"},{"floor":15.0,"key":"DIG"},{"floor":23.0,"key":"REST"},{"floor":25.0,"key":"REST"},{"floor":27.0,"key":"REST"},{"data":"Redo","floor":30.0,"key":"SMITH"},{"floor":32.0,"key":"REST"}],"neow_cost":"NONE","seed_source_timestamp":28558095830763,"circlet_count":0,"master_deck":["AscendersBane","Strike_B","Strike_B","Strike_B","Defend_B","Defend_B","Defend_B","Defend_B","Zap+1","Dualcast","Glacier","Gash","Doom and Gloom","Gash","Hyperbeam","Go for the Eyes+1","Steam","Cold Snap","Machine Learning","Cold Snap","Redo+1","Gash","Redo+1"],"special_seed":0,"relics":["Cracked Core","Orichalcum","Art of War","Pantograph","Shovel","The Courier","Bronze Scales","Black Star","Runic Capacitor","Omamori"],"potions_floor_usage":[33,33],"damage_taken":[{"damage":0.0,"enemies":"2 Louse","floor":1.0,"turns":3.0},{"damage":6.0,"enemies":"Jaw Worm","floor":2.0,"turns":3.0},{"damage":0.0,"enemies":"Small Slimes","floor":3.0,"turns":3.0},{"damage":0.0,"enemies":"Looter","floor":4.0,"turns":3.0},{"damage":0.0,"enemies":"Blue Slaver","floor":5.0,"turns":3.0},{"damage":9.0,"enemies":"Lagavulin","floor":7.0,"turns":4.0},{"damage":12.0,"enemies":"Gremlin Nob","floor":10.0,"turns":4.0},{"damage":0.0,"enemies":"2 Fungi Beasts","floor":11.0,"turns":2.0},{"damage":5.0,"enemies":"3 Sentries","floor":12.0,"turns":5.0},{"damage":21.0,"enemies":"Hexaghost","floor":16.0,"turns":9.0},{"damage":0.0,"enemies":"3 Byrds","floor":18.0,"turns":3.0},{"damage":21.0,"enemies":"2 Thieves","floor":20.0,"turns":4.0},{"damage":33.0,"enemies":"3 Cultists","floor":21.0,"turns":5.0},{"damage":21.0,"enemies":"Centurion and Healer","floor":29.0,"turns":10.0},{"damage":17.0,"enemies":"Snake Plant","floor":31.0,"turns":6.0},{"damage":62,"enemies":"Collector","floor":33,"turns":11}],"seed_played":"8438378737311763098","potions_obtained":[{"floor":1.0,"key":"Ancient Potion"},{"floor":3.0,"key":"SneckoOil"},{"floor":5.0,"key":"Fire Potion"},{"floor":10.0,"key":"Fire Potion"},{"floor":12.0,"key":"Block Potion"}],"is_trial":false,"path_per_floor":["M","M","M","M","M","R","E","R","T","E","M","E","?","?","R","B",null,"M","$","M","M","?","R","?","R","T","R","?","M","R","M","R","B"],"character_chosen":"DEFECT","items_purchased":["Runic Capacitor","Ancient Potion","Redo"],"campfire_rested":4,"item_purchase_floors":[19,19,19],"current_hp_per_floor":[64,58,58,58,58,58,49,49,49,37,37,32,32,32,32,36,62,62,62,41,8,8,29,9,31,31,53,53,32,32,15,37,0],"gold":103,"neow_bonus":"RANDOM_COMMON_RELIC","is_prod":false,"is_daily":false,"chose_seed":false,"campfire_upgraded":3,"win_rate":0,"timestamp":1549872034,"path_taken":["M","M","M","M","M","R","E","R","T","E","M","E","?","?","R","BOSS","M","$","M","M","?","R","?","R","T","R","?","M","R","?","R","BOSS"],"build_version":"2019-01-23","purchased_purges":1,"victory":false,"max_hp_per_floor":[71,71,71,71,71,71,71,71,71,71,71,71,71,71,71,71,71,71,71,71,71,71,71,76,76,76,76,76,76,76,76,76,76],"card_choices":[{"not_picked":["Hologram","Steam"],"picked":"Glacier","floor":1.0},{"not_picked":["Chill","Steam"],"picked":"Gash","floor":2.0},{"not_picked":["Double Energy","Chaos"],"picked":"Doom and Gloom","floor":3.0},{"not_picked":["Stack","Rebound"],"picked":"Gash","floor":4.0},{"not_picked":["Ball Lightning","Aggregate"],"picked":"Hyperbeam","floor":5.0},{"not_picked":["Barrage","Beam Cell"],"picked":"Go for the Eyes","floor":7.0},{"not_picked":["Blizzard","Chaos","Static Discharge"],"picked":"SKIP","floor":10.0},{"not_picked":["Recycle","FTL"],"picked":"Steam","floor":11.0},{"not_picked":["Reprogram","Conserve Battery"],"picked":"Cold Snap","floor":12.0},{"not_picked":["Multi-Cast","Amplify"],"picked":"Machine Learning","floor":16.0},{"not_picked":["Rebound","Steam"],"picked":"Cold Snap","floor":18.0},{"not_picked":["Ball Lightning","Sweeping Beam","Chaos"],"picked":"SKIP","floor":20.0},{"not_picked":["Cold Snap","Loop+1"],"picked":"Gash","floor":21.0},{"not_picked":["Barrage","Cold Snap"],"picked":"Redo+1","floor":29.0},{"not_picked":["Steam","Compile Driver","Multi-Cast"],"picked":"SKIP","floor":31.0}],"player_experience":338251,"relics_obtained":[{"floor":7.0,"key":"Art of War"},{"floor":9.0,"key":"Pantograph"},{"floor":10.0,"key":"Shovel"},{"floor":12.0,"key":"The Courier"},{"floor":15.0,"key":"Bronze Scales"},{"floor":26.0,"key":"Omamori"}],"event_choices":[{"damage_healed":0.0,"max_hp_gain":0.0,"max_hp_loss":0.0,"gold_gain":0.0,"event_name":"Shining Light","player_choice":"Ignored","floor":13.0,"gold_loss":0.0,"damage_taken":0.0},{"damage_healed":0.0,"max_hp_gain":0.0,"max_hp_loss":0.0,"gold_gain":0.0,"event_name":"World of Goop","player_choice":"Left Gold","floor":14.0,"gold_loss":45.0,"damage_taken":0.0},{"damage_healed":0.0,"max_hp_gain":0.0,"max_hp_loss":0.0,"gold_gain":0.0,"event_name":"Beggar","player_choice":"Ignored","floor":22.0,"gold_loss":0.0,"damage_taken":0.0},{"damage_healed":0.0,"max_hp_gain":5.0,"max_hp_loss":0.0,"gold_gain":0.0,"event_name":"Forgotten Altar","player_choice":"Shed Blood","floor":24.0,"gold_loss":0.0,"damage_taken":25.0},{"damage_healed":0.0,"max_hp_gain":0.0,"max_hp_loss":0.0,"gold_gain":0.0,"event_name":"The Mausoleum","player_choice":"Ignored","floor":28.0,"gold_loss":0.0,"damage_taken":0.0}],"is_beta":false,"boss_relics":[{"not_picked":["Coffee Dripper","Astrolabe"],"picked":"Black Star"}],"items_purged_floors":[19],"is_endless":false,"potions_floor_spawned":[1,3,5,10,12,21],"killed_by":"Collector","ascension_level":15}