{"path_per_floor":["M","?","?","M","M","E","R","E","T","M","R","M","M","E","R","B",null,"M","?","?","?","?","R","M","R","T","E","M","E","M","M","R","B",null,"M","M","?","?","$","E","M","E","T","E","$","M","T","$","R","B"],"character_chosen":"DEFECT","items_purchased":["Magnetism"],"gold_per_floor":[15,15,15,25,35,64,64,93,93,109,109,121,135,170,170,271,271,271,271,271,271,271,271,196,196,196,196,196,196,196,196,196,196,196,196,196,196,196,21,21,21,21,21,21,21,21,21,21,21,21],"floor_reached":51,"campfire_rested":3,"playtime":7089,"item_purchase_floors":[39],"current_hp_per_floor":[74,74,59,59,59,16,53,42,42,36,36,33,40,47,47,36,75,75,43,43,43,43,75,75,75,75,75,75,74,75,58,58,48,75,75,73,73,73,73,55,55,40,40,23,23,21,21,21,58,35],"items_purged":[],"gold":21,"score":911,"play_id":"2ed8878a-19d7-46e2-be11-b1946cb20635","local_time":"20180601175433","is_prod":false,"is_daily":false,"chose_seed":false,"is_ascension_mode":true,"campfire_upgraded":4,"win_rate":0,"timestamp":1527868473,"campfire_choices":[{"floor":7,"key":"REST"},{"data":"Machine Learning","floor":11,"key":"SMITH"},{"data":"Defragment","floor":15,"key":"SMITH"},{"floor":23,"key":"REST"},{"data":"Rainbow","floor":25,"key":"SMITH"},{"data":"Beam Cell","floor":32,"key":"SMITH"},{"floor":49,"key":"REST"}],"path_taken":["M","?","?","?","?","E","R","E","T","M","R","M","M","E","R","BOSS","M","?","?","?","?","R","M","R","T","E","M","E","?","M","R","BOSS","M","M","?","?","$","E","?","E","T","E","$","M","?","?","R","BOSS"],"build_version":"2018-05-31","seed_source_timestamp":1383318807790850,"purchased_purges":0,"victory":true,"master_deck":["Strike_B+1","Strike_B+1","Defend_B+1","Defend_B+1","Defend_B+1","Defend_B+1","Zap+1","Dualcast","BootSequence","Capacitor","Chill","Machine Learning+1","Defragment+1","Beam Cell+1","Self Repair","FTL","Auto Shields","Rainbow+1","Rebound+1","Swift Strike","Good Instincts","Madness","Go for the Eyes+1","Core Surge","Turbo+1","Hologram","Coolheaded+1","Streamline+1","Buffer","Melter","Go for the Eyes+1","Auto Shields","Sweeping Beam+1","Ball Lightning+1","Compile Driver+1","White Noise+1","Magnetism","Tempest+1","Conserve Battery+1","Skim","Capacitor+1","Beam Cell+1"],"max_hp_per_floor":[75,75,75,75,75,75,75,75,75,75,75,75,75,75,75,75,75,75,75,75,75,75,75,75,75,75,75,75,75,75,75,75,75,75,75,75,75,75,75,75,75,75,75,75,75,75,75,75,75,75],"relics":["Cracked Core","Thread and Needle","Regal Pillow","Du-Vu Doll","Kunai","Centennial Puzzle","Ectoplasm","Tiny Chest","Potion Belt","Pen Nib","Omamori","Orrery","Art of War","Frozen Egg 2","Bronze Scales","Dodecahedron","Juzu Bracelet"],"card_choices":[{"not_picked":["Redo","Heatsinks"],"picked":"BootSequence","floor":1},{"not_picked":["Self Repair","Stack"],"picked":"Capacitor","floor":4},{"not_picked":["Hologram","Beam Cell"],"picked":"Chill","floor":5},{"not_picked":["Reinforced Body","Loop"],"picked":"Machine Learning","floor":6},{"not_picked":["FTL","Force Field"],"picked":"Defragment","floor":8},{"not_picked":["Scrape","Doom and Gloom"],"picked":"Beam Cell","floor":10},{"not_picked":["Genetic Algorithm","Undo"],"picked":"Self Repair","floor":12},{"not_picked":["Ball Lightning","Cold Snap"],"picked":"FTL","floor":13},{"not_picked":["Darkness","Doom and Gloom"],"picked":"Auto Shields","floor":14},{"not_picked":["Amplify","All For One"],"picked":"Rainbow","floor":16},{"not_picked":["Doom and Gloom","Leap"],"picked":"Rebound+1","floor":18},{"not_picked":["Beam Cell","Auto Shields"],"picked":"Go for the Eyes+1","floor":24},{"not_picked":["Hello World","Barrage"],"picked":"Core Surge","floor":27},{"not_picked":["Go for the Eyes","Aggregate"],"picked":"Turbo+1","floor":28},{"not_picked":["Multi-Cast","Thunder Strike"],"picked":"Hologram","floor":29},{"not_picked":["Gash+1","Reinforced Body+1"],"picked":"Coolheaded+1","floor":30},{"not_picked":["Scrape","Aggregate"],"picked":"Streamline+1","floor":31},{"not_picked":["Biased Cognition","Multi-Cast"],"picked":"Buffer","floor":33},{"not_picked":["Ball Lightning","Redo"],"picked":"Melter","floor":34},{"not_picked":["Stack","Beam Cell"],"picked":"Go for the Eyes+1","floor":34},{"not_picked":["Go for the Eyes","Beam Cell"],"picked":"Auto Shields","floor":34},{"not_picked":["Steam","Go for the Eyes+1"],"picked":"Sweeping Beam+1","floor":34},{"not_picked":["Steam","Scrape+1"],"picked":"Ball Lightning+1","floor":34},{"not_picked":["Sweeping Beam","Core Surge"],"picked":"Compile Driver+1","floor":35},{"not_picked":["Chill","Gash"],"picked":"White Noise+1","floor":36},{"not_picked":["Gash+1","Biased Cognition"],"picked":"Tempest+1","floor":40},{"not_picked":["Compile Driver+1","Steam"],"picked":"Conserve Battery+1","floor":41},{"not_picked":["Streamline","Hyperbeam"],"picked":"Skim","floor":42},{"not_picked":["Biased Cognition+1","Leap+1"],"picked":"Capacitor+1","floor":44},{"not_picked":["Steam+1","Redo"],"picked":"Beam Cell+1","floor":46}],"player_experience":434723,"potions_floor_usage":[6,6,16,27,27,30,30,33,44,50,50],"damage_taken":[{"damage":1,"enemies":"Jaw Worm","floor":1,"turns":4},{"damage":0,"enemies":"Cultist","floor":4,"turns":4},{"damage":0,"enemies":"2 Louse","floor":5,"turns":3},{"damage":43,"enemies":"Gremlin Nob","floor":6,"turns":7},{"damage":11,"enemies":"3 Sentries","floor":8,"turns":9},{"damage":6,"enemies":"Large Slime","floor":10,"turns":7},{"damage":3,"enemies":"Gremlin Gang","floor":12,"turns":6},{"damage":0,"enemies":"2 Fungi Beasts","floor":13,"turns":4},{"damage":0,"enemies":"Lagavulin","floor":14,"turns":6},{"damage":18,"enemies":"Slime Boss","floor":16,"turns":9},{"damage":5,"enemies":"Spheric Guardian","floor":18,"turns":5},{"damage":5,"enemies":"2 Thieves","floor":24,"turns":5},{"damage":7,"enemies":"Slavers","floor":27,"turns":6},{"damage":3,"enemies":"Snake Plant","floor":28,"turns":4},{"damage":8,"enemies":"Book of Stabbing","floor":29,"turns":6},{"damage":0,"enemies":"Slaver and Parasite","floor":30,"turns":5},{"damage":17,"enemies":"Cultist and Chosen","floor":31,"turns":7},{"damage":17,"enemies":"Collector","floor":33,"turns":9},{"damage":0,"enemies":"Orb Walker","floor":35,"turns":4},{"damage":2,"enemies":"3 Shapes","floor":36,"turns":4},{"damage":25,"enemies":"Nemesis","floor":40,"turns":7},{"damage":0,"enemies":"Sphere and 2 Shapes","floor":41,"turns":3},{"damage":22,"enemies":"Giant Head","floor":42,"turns":10},{"damage":17,"enemies":"2 Orb Walkers","floor":44,"turns":3},{"damage":9,"enemies":"3 Darklings","floor":46,"turns":4},{"damage":23,"enemies":"Awakened One","floor":50,"turns":15}],"relics_obtained":[{"floor":6,"key":"Regal Pillow"},{"floor":8,"key":"Du-Vu Doll"},{"floor":9,"key":"Kunai"},{"floor":14,"key":"Centennial Puzzle"},{"floor":26,"key":"Potion Belt"},{"floor":27,"key":"Pen Nib"},{"floor":29,"key":"Omamori"},{"floor":40,"key":"Art of War"},{"floor":42,"key":"Frozen Egg 2"},{"floor":43,"key":"Bronze Scales"},{"floor":44,"key":"Dodecahedron"},{"floor":47,"key":"Juzu Bracelet"}],"event_choices":[{"event_name":"Upgrade Shrine","player_choice":"Upgraded","floor":2,"damage_taken":0},{"event_name":"Shining Light","player_choice":"Entered Light","floor":3,"damage_taken":0},{"event_name":"Knowing Skull","player_choice":"CARD CARD CARD ","floor":19,"damage_taken":0},{"event_name":"Purifier","player_choice":"One Purge","floor":20,"damage_taken":0},{"event_name":"Back to Basics","player_choice":"Simplicity","floor":21,"damage_taken":0},{"event_name":"Wheel of Change","player_choice":"Relic","floor":22,"damage_taken":0},{"event_name":"Tomb of Lord Red Mask","player_choice":"Ignored","floor":38,"damage_taken":0}],"boss_relics":[{"not_picked":["Lizard Tail","Runic Pyramid"],"picked":"Ectoplasm"},{"not_picked":["White Beast Statue","Nuclear Battery"],"picked":"Orrery"}],"items_purged_floors":[],"potions_floor_spawned":[1,4,6,12,16,24,27,29,30,36,40,44,46],"seed_played":"5008562921776374605","ascension_level":3,"potions_obtained":[{"floor":1,"key":"SkillPotion"},{"floor":4,"key":"Weak Potion"},{"floor":6,"key":"Fire Potion"},{"floor":12,"key":"PowerPotion"},{"floor":16,"key":"SteroidPotion"},{"floor":24,"key":"Block Potion"},{"floor":27,"key":"Fire Potion"},{"floor":29,"key":"PowerPotion"},{"floor":30,"key":"Strength Potion"},{"floor":36,"key":"Fire Potion"},{"floor":40,"key":"SmokeBomb"},{"floor":44,"key":"Dexterity Potion"},{"floor":46,"key":"Weak Potion"}],"is_trial":false}