{"gold_per_floor":[14,14,33,33,49,81,81,95,95,95,112,112,127,141,141,243,243,255,64,81,81],"floor_reached":21,"playtime":922,"items_purged":["Strike_B"],"score":316,"play_id":"502c44f6-051c-4d78-9cb1-03bcda5cf356","local_time":"20190108185754","is_ascension_mode":true,"campfire_choices":[{"data":"Loop","floor":7,"key":"SMITH"},{"data":"Turbo","floor":10,"key":"SMITH"},{"data":"Thunder Strike","floor":15,"key":"SMITH"}],"neow_cost":"NO_GOLD","seed_source_timestamp":1614532722578247,"circlet_count":0,"master_deck":["Defend_B","Defend_B","Defend_B","Defend_B","Zap","Dualcast","Compile Driver","Loop+1","Cold Snap","Cold Snap","Turbo+1","Turbo+1","Thunder Strike+1","Conserve Battery","Creative AI","Conserve Battery","Conserve Battery","Storm","Conserve Battery"],"relics":["Cracked Core","Ice Cream","Bottled Flame","Eternal Feather"],"potions_floor_usage":[16,16,21,21],"damage_taken":[{"damage":2,"enemies":"Jaw Worm","floor":1,"turns":3},{"damage":0,"enemies":"2 Louse","floor":3,"turns":3},{"damage":4,"enemies":"Cultist","floor":5,"turns":3},{"damage":14,"enemies":"Lagavulin","floor":6,"turns":8},{"damage":16,"enemies":"Exordium Wildlife","floor":8,"turns":5},{"damage":15,"enemies":"Lots of Slimes","floor":11,"turns":3},{"damage":11,"enemies":"Gremlin Gang","floor":13,"turns":4},{"damage":5,"enemies":"3 Louse","floor":14,"turns":2},{"damage":0,"enemies":"Hexaghost","floor":16,"turns":9},{"damage":13,"enemies":"Shell Parasite","floor":18,"turns":7},{"damage":3,"enemies":"Chosen","floor":20,"turns":3},{"damage":58,"enemies":"3 Cultists","floor":21,"turns":5}],"seed_played":"1890801512383778787","potions_obtained":[{"floor":6,"key":"GamblersBrew"},{"floor":8,"key":"SneckoOil"},{"floor":13,"key":"Fire Potion"},{"floor":18,"key":"AttackPotion"},{"floor":20,"key":"SneckoOil"}],"is_trial":false,"path_per_floor":["M","?","M","?","M","E","R","M","T","R","M","?","M","M","R","B",null,"M","$","M","M"],"character_chosen":"DEFECT","items_purchased":["Conserve Battery","Storm"],"campfire_rested":0,"item_purchase_floors":[19,19],"current_hp_per_floor":[73,78,78,78,74,60,60,44,44,44,29,29,18,13,13,13,63,50,50,47,0],"gold":81,"neow_bonus":"TRANSFORM_TWO_CARDS","is_prod":false,"is_daily":false,"chose_seed":false,"campfire_upgraded":3,"win_rate":0,"timestamp":1546991874,"path_taken":["M","?","M","?","?","E","R","M","T","R","M","?","M","?","R","BOSS","M","$","M","M"],"build_version":"2019-01-03v4","purchased_purges":1,"victory":false,"max_hp_per_floor":[75,80,80,80,80,80,80,80,80,80,80,80,80,80,80,80,80,80,80,80,80],"card_choices":[{"not_picked":["Barrage","Leap"],"picked":"Cold Snap","floor":1},{"not_picked":["Barrage","Skim","Turbo"],"picked":"SKIP","floor":3},{"not_picked":["Melter","Turbo"],"picked":"Cold Snap","floor":5},{"not_picked":["Streamline","Barrage","Cold Snap"],"picked":"SKIP","floor":6},{"not_picked":["Gash","Undo"],"picked":"Turbo","floor":8},{"not_picked":["Beam Cell","Sweeping Beam"],"picked":"Turbo","floor":11},{"not_picked":["Heatsinks","Turbo"],"picked":"Thunder Strike","floor":13},{"not_picked":["Sweeping Beam","Steam"],"picked":"Conserve Battery","floor":14},{"not_picked":["Amplify","Hyperbeam"],"picked":"Creative AI","floor":16},{"not_picked":["Compile Driver","Recycle"],"picked":"Conserve Battery","floor":18},{"not_picked":["Rip and Tear","Barrage+1"],"picked":"Conserve Battery","floor":20}],"player_experience":356862,"relics_obtained":[{"floor":6,"key":"Ice Cream"},{"floor":9,"key":"Bottled Flame"}],"event_choices":[{"damage_healed":0,"gold_gain":0,"player_choice":"Donut","damage_taken":0,"max_hp_gain":5,"max_hp_loss":0,"event_name":"Big Fish","floor":2,"gold_loss":0},{"cards_removed":["Strike_B"],"damage_healed":0,"gold_gain":0,"player_choice":"Offered Basic","damage_taken":0,"max_hp_gain":0,"max_hp_loss":0,"event_name":"Bonfire Elementals","floor":4,"gold_loss":0},{"damage_healed":0,"gold_gain":0,"player_choice":"Forge","damage_taken":0,"max_hp_gain":0,"max_hp_loss":0,"event_name":"Accursed Blacksmith","floor":12,"gold_loss":0,"cards_upgraded":["Turbo"]}],"is_beta":false,"boss_relics":[{"not_picked":["White Beast Statue","Astrolabe"],"picked":"Eternal Feather"}],"items_purged_floors":[19],"is_endless":false,"potions_floor_spawned":[6,8,13,18,20],"killed_by":"3 Cultists","ascension_level":5}