{"gold_per_floor":[116,135,152,170,183,183,211,64,64,79,79,89,99,74,74,175,175,194,205,220,237,254,254,283,67,144,144,144,159,159,172,172,272,272,286,296,312,328,328],"floor_reached":39,"playtime":3939,"items_purged":[],"score":438,"play_id":"73002e22-5268-4789-a801-b01799ab7186","local_time":"20190101204825","is_ascension_mode":false,"campfire_choices":[{"data":"Rage","floor":6.0,"key":"SMITH"},{"data":"Infernal Blade","floor":11,"key":"SMITH"},{"data":"Iron Wave","floor":15,"key":"SMITH"},{"data":"Juggernaut","floor":23,"key":"SMITH"},{"floor":28,"key":"REST"},{"data":"Anger","floor":30,"key":"SMITH"},{"floor":32,"key":"REST"}],"neow_cost":"NONE","seed_source_timestamp":0,"circlet_count":0,"master_deck":["Strike_R","Strike_R","Strike_R","Strike_R","Strike_R","Defend_R","Defend_R","Defend_R","Defend_R","Bash","Blind","Iron Wave","Cleave","Rage+1","Iron Wave+1","Sword Boomerang","Intimidate","Rage","Infernal Blade+1","Flex","Metallicize","Twin Strike","Twin Strike","Juggernaut+1","Flame Barrier+1","Rage+1","Flame Barrier","Rampage+1","Twin Strike","Uppercut+1","Sword Boomerang","Anger+1","Iron Wave","Anger","Carnage","Uppercut","Headbutt+1"],"special_seed":0,"relics":["Burning Blood","Self Forming Clay","Mummified Hand","Sozu","Gambling Chip","Membership Card","Sundial","Philosopher\u0027s Stone"],"potions_floor_usage":[16,33],"damage_taken":[{"damage":8.0,"enemies":"Jaw Worm","floor":1.0,"turns":5.0},{"damage":1.0,"enemies":"Cultist","floor":2.0,"turns":5.0},{"damage":0.0,"enemies":"2 Louse","floor":3.0,"turns":2.0},{"damage":24.0,"enemies":"Large Slime","floor":4.0,"turns":7.0},{"damage":9.0,"enemies":"Lots of Slimes","floor":5.0,"turns":3.0},{"damage":33.0,"enemies":"3 Sentries","floor":7.0,"turns":9.0},{"damage":4,"enemies":"Red Slaver","floor":10,"turns":4},{"damage":5,"enemies":"Large Slime","floor":12,"turns":6},{"damage":4,"enemies":"Blue Slaver","floor":13,"turns":3},{"damage":7,"enemies":"Slime Boss","floor":16,"turns":7},{"damage":11,"enemies":"2 Thieves","floor":18,"turns":5},{"damage":1,"enemies":"Chosen","floor":19,"turns":6},{"damage":8,"enemies":"Snecko","floor":20,"turns":6},{"damage":26,"enemies":"Shelled Parasite and Fungi","floor":21,"turns":7},{"damage":0,"enemies":"Centurion and Healer","floor":22,"turns":8},{"damage":18,"enemies":"Book of Stabbing","floor":24,"turns":5},{"damage":10,"enemies":"Snecko","floor":29,"turns":4},{"damage":11,"enemies":"Snake Plant","floor":31,"turns":5},{"damage":85,"enemies":"Automaton","floor":33,"turns":11},{"damage":42,"enemies":"3 Shapes","floor":35,"turns":5},{"damage":11,"enemies":"Orb Walker","floor":36,"turns":4},{"damage":15,"enemies":"3 Darklings","floor":37,"turns":8},{"damage":33,"enemies":"Sphere and 2 Shapes","floor":38,"turns":4},{"damage":16,"enemies":"Jaw Worm Horde","floor":39,"turns":2}],"seed_played":"-4316568532423838998","potions_obtained":[{"floor":5.0,"key":"Regen Potion"},{"floor":7.0,"key":"SpeedPotion"},{"floor":10,"key":"Regen Potion"},{"floor":12,"key":"SpeedPotion"},{"floor":13,"key":"Strength Potion"}],"is_trial":false,"path_per_floor":["M","M","M","M","M","R","E","$","T","M","R","M","M","$","R","B",null,"M","M","M","M","M","R","E","$","T","?","R","M","R","M","R","B",null,"M","M","M","M","M"],"character_chosen":"IRONCLAD","items_purchased":["Rage","Infernal Blade","Twin Strike","Membership Card","Sword Boomerang"],"campfire_rested":2,"item_purchase_floors":[8,8,14,25,25],"current_hp_per_floor":[78,80,80,62,59,59,47,47,47,49,49,50,52,52,52,51,80,75,80,78,58,64,64,52,52,52,37,62,58,58,53,78,14,85,49,44,35,8,0],"gold":328,"neow_bonus":"RANDOM_COLORLESS","is_prod":false,"is_daily":false,"chose_seed":false,"campfire_upgraded":5,"win_rate":0.0,"timestamp":1546343305,"path_taken":["M","M","M","M","M","R","E","$","T","M","R","M","M","$","R","BOSS","M","M","M","M","M","R","E","$","T","?","R","M","R","M","R","BOSS","M","M","M","M","M"],"build_version":"2018-12-20","purchased_purges":0,"victory":false,"max_hp_per_floor":[80,80,80,80,80,80,80,80,80,80,80,80,80,80,80,80,80,80,80,80,80,80,80,80,80,80,85,85,85,85,85,85,85,85,85,85,85,85,85],"card_choices":[{"not_picked":["Cleave","Twin Strike"],"picked":"Iron Wave","floor":1.0},{"not_picked":["Bludgeon","Twin Strike"],"picked":"Cleave","floor":2.0},{"not_picked":["Searing Blow","Seeing Red"],"picked":"Rage","floor":3.0},{"not_picked":["Pommel Strike","Armaments"],"picked":"Iron Wave","floor":4.0},{"not_picked":["Headbutt","Blood for Blood"],"picked":"Sword Boomerang","floor":5.0},{"not_picked":["Spot Weakness","True Grit"],"picked":"Intimidate","floor":7.0},{"not_picked":["Perfected Strike","Burning Pact"],"picked":"Flex","floor":10},{"not_picked":["Pommel Strike","Battle Trance"],"picked":"Metallicize","floor":12},{"not_picked":["Corruption","Power Through"],"picked":"Twin Strike","floor":13},{"not_picked":["Offering","Brutality"],"picked":"Juggernaut","floor":16},{"not_picked":["Thunderclap+1","Perfected Strike"],"picked":"Flame Barrier+1","floor":18},{"not_picked":["True Grit","Feel No Pain"],"picked":"Rage+1","floor":19},{"not_picked":["Shrug It Off+1","Shockwave"],"picked":"Flame Barrier","floor":20},{"not_picked":["Battle Trance+1","Burning Pact"],"picked":"Rampage+1","floor":21},{"not_picked":["Warcry+1","Pommel Strike"],"picked":"Twin Strike","floor":22},{"not_picked":["Juggernaut","Spot Weakness+1"],"picked":"Uppercut+1","floor":24},{"not_picked":["Perfected Strike","Twin Strike"],"picked":"Anger","floor":29},{"not_picked":["Armaments","Feel No Pain"],"picked":"Iron Wave","floor":31},{"not_picked":["Bloodletting","Rage+1"],"picked":"Anger","floor":35},{"not_picked":["Seeing Red+1","Intimidate+1"],"picked":"Carnage","floor":36},{"not_picked":["Sword Boomerang+1","Headbutt+1"],"picked":"Uppercut","floor":37},{"not_picked":["Dual Wield+1","Searing Blow"],"picked":"Headbutt+1","floor":38}],"player_experience":9030,"relics_obtained":[{"floor":7.0,"key":"Self Forming Clay"},{"floor":9,"key":"Mummified Hand"},{"floor":24,"key":"Gambling Chip"},{"floor":26,"key":"Sundial"}],"event_choices":[{"damage_healed":0,"gold_gain":0,"player_choice":"Shed Blood","damage_taken":20,"max_hp_gain":5,"max_hp_loss":0,"event_name":"Forgotten Altar","floor":27,"gold_loss":0}],"is_beta":false,"boss_relics":[{"not_picked":["Orrery","Astrolabe"],"picked":"Sozu"},{"not_picked":["Black Star","Coffee Dripper"],"picked":"Philosopher\u0027s Stone"}],"items_purged_floors":[],"is_endless":false,"potions_floor_spawned":[5,7,10,12,13,18,21,24,29,33,37],"killed_by":"Jaw Worm Horde","ascension_level":0}