{"path_per_floor":["M","M","?","?","$","R","$","E","T","M","E","R","M","?","R","B",null,"M","M","M","?","?","E","R","M","T","M","M","R","?","M","R","B",null,"M","M","$","T","M","R","M","E","T","?","R","M","M","$","R"],"character_chosen":"DEFECT","items_purchased":["Chaos","Beam Cell","Coolheaded","Thunder Strike","Bottled Tornado","Steam","Bottled Lightning","Anchor"],"gold_per_floor":[114,134,209,174,20,20,20,48,48,64,93,93,110,173,173,270,270,282,301,320,235,235,260,260,277,357,373,383,383,306,320,320,419,419,434,446,8,8,25,25,38,371,371,371,371,391,409,12,12,12],"floor_reached":50,"campfire_rested":4,"playtime":7122,"item_purchase_floors":[],"current_hp_per_floor":[68,68,57,75,75,75,75,64,64,59,45,45,38,37,37,33,75,70,75,70,84,67,52,52,23,23,16,22,50,50,38,66,25,94,76,49,49,49,55,55,38,27,27,15,43,26,19,19,47,0],"items_purged":[],"gold":12,"score":755,"play_id":"11205ac4-43ab-49ed-8b47-87b5e5dd3490","local_time":"20180602084943","is_prod":false,"is_daily":false,"chose_seed":false,"is_ascension_mode":true,"campfire_upgraded":5,"win_rate":0,"timestamp":1527922183,"campfire_choices":[{"data":"Chaos","floor":6.0,"key":"SMITH"},{"data":"Machine Learning","floor":12.0,"key":"SMITH"},{"data":"Dualcast","floor":15.0,"key":"SMITH"},{"data":"Capacitor","floor":24.0,"key":"SMITH"},{"floor":29.0,"key":"REST"},{"floor":32.0,"key":"REST"},{"data":"Defragment","floor":40.0,"key":"SMITH"},{"floor":45.0,"key":"REST"},{"floor":49.0,"key":"REST"}],"path_taken":["M","M","?","?","?","R","$","E","T","M","E","R","M","?","R","BOSS","M","M","M","?","?","E","R","M","T","M","M","R","?","M","R","BOSS","M","M","?","?","M","R","M","E","T","?","R","?","M","?","R","BOSS"],"build_version":"2018-05-31","seed_source_timestamp":0,"purchased_purges":0,"victory":false,"master_deck":["Strike_B","Strike_B","Strike_B+1","Strike_B","Defend_B","Defend_B","Defend_B","Defend_B","Zap+1","Dualcast+1","Hello World","Turbo","Chaos+1","Beam Cell","Coolheaded","Go for the Eyes+1","Go for the Eyes","Machine Learning+1","Hologram","Scrape","Self Repair","Beam Cell","Meteor Strike","Sweeping Beam","Reinforced Body","Ball Lightning","Gash","BootSequence","Gash","Fission","Conserve Battery+1","Defragment+1","Turbo+1","Glacier","Capacitor+1","White Noise","Gash+1","Rebound","Tempest","Hello World+1","Go for the Eyes","J.A.X.","Go for the Eyes","Rip and Tear+1","Rainbow","Force Field+1","Hologram+1","Consume","Stack+1","Thunder Strike","Steam","FTL","Loop","Melter","Self Repair+1","FTL+1","Madness","Madness","Redo+1","Conserve Battery","Cold Snap","Gash+1"],"max_hp_per_floor":[75,75,75,75,75,75,75,75,75,75,75,75,75,75,75,75,75,75,75,75,89,94,94,94,94,94,94,94,94,94,94,94,94,94,94,94,94,94,94,94,94,94,94,94,94,94,94,94,94,94],"relics":["Cracked Core","Prayer Wheel","Blood Vial","Omamori","Meat on the Bone","Orrery","Mango","Bag of Marbles","Tiny Chest","Cursed Key","Bottled Tornado","Whetstone","Old Coin","Ornamental Fan","Bottled Lightning","Anchor"],"card_choices":[{"not_picked":["Streamline","Steam"],"picked":"Hello World","floor":1.0},{"not_picked":["Double Energy","Conserve Battery"],"picked":"Turbo","floor":2.0},{"not_picked":["Steam","Turbo"],"picked":"Go for the Eyes","floor":8.0},{"not_picked":["Rebound","Tempest"],"picked":"Go for the Eyes","floor":10.0},{"not_picked":["Coolheaded","Recycle"],"picked":"Machine Learning","floor":10.0},{"not_picked":["Coolheaded","Consume"],"picked":"Hologram","floor":11.0},{"not_picked":["Stack","Recycle"],"picked":"Scrape","floor":13.0},{"not_picked":["Leap","Chaos"],"picked":"Self Repair","floor":13.0},{"not_picked":["Barrage","Stack"],"picked":"Beam Cell","floor":14.0},{"not_picked":["Creative AI","Hyperbeam"],"picked":"Meteor Strike","floor":16.0},{"not_picked":["Ball Lightning","Redo"],"picked":"Sweeping Beam","floor":17.0},{"not_picked":["Stack","Glacier"],"picked":"Reinforced Body","floor":17.0},{"not_picked":["Chaos","Undo"],"picked":"Ball Lightning","floor":17.0},{"not_picked":["Sweeping Beam","Chaos"],"picked":"Gash","floor":17.0},{"not_picked":["Rebound","Leap"],"picked":"BootSequence","floor":17.0},{"not_picked":["Capacitor+1","Turbo"],"picked":"Gash","floor":18.0},{"not_picked":["Cold Snap","Reprogram"],"picked":"Fission","floor":18.0},{"not_picked":["Stack","Sunder"],"picked":"Conserve Battery+1","floor":19.0},{"not_picked":["Conserve Battery","FTL+1"],"picked":"Defragment","floor":19.0},{"not_picked":["Compile Driver","Redo"],"picked":"Turbo+1","floor":20.0},{"not_picked":["Turbo","Stack"],"picked":"Glacier","floor":20.0},{"not_picked":["Recycle+1","Compile Driver+1"],"picked":"Capacitor","floor":23.0},{"not_picked":["Compile Driver","Beam Cell"],"picked":"White Noise","floor":25.0},{"not_picked":["Conserve Battery+1","Beam Cell+1"],"picked":"Gash+1","floor":25.0},{"not_picked":["Conserve Battery","Amplify"],"picked":"Rebound","floor":27.0},{"not_picked":["Recycle","Hologram"],"picked":"Tempest","floor":27.0},{"not_picked":["Redo","Leap+1"],"picked":"Hello World+1","floor":28.0},{"not_picked":["Turbo","Glacier"],"picked":"Go for the Eyes","floor":28.0},{"not_picked":["Sweeping Beam","Beam Cell"],"picked":"Go for the Eyes","floor":31.0},{"not_picked":["Sweeping Beam+1","White Noise+1"],"picked":"Rip and Tear+1","floor":31.0},{"not_picked":["Biased Cognition","Amplify"],"picked":"Rainbow","floor":33.0},{"not_picked":["Go for the Eyes+1","Conserve Battery+1"],"picked":"Force Field+1","floor":35.0},{"not_picked":["Reinforced Body","Steam+1"],"picked":"Hologram+1","floor":35.0},{"not_picked":["Rebound+1","Turbo"],"picked":"Consume","floor":36.0},{"not_picked":["Streamline","Compile Driver+1"],"picked":"Stack+1","floor":36.0},{"not_picked":["Go for the Eyes+1","Sweeping Beam"],"picked":"FTL","floor":39.0},{"not_picked":["Self Repair","Conserve Battery+1"],"picked":"Loop","floor":39.0},{"not_picked":["Rebound+1","Coolheaded"],"picked":"Melter","floor":41.0},{"not_picked":["Barrage","Hologram+1","Self Repair+1"],"picked":"SKIP","floor":41.0},{"not_picked":["Barrage","Hologram+1"],"picked":"Self Repair+1","floor":41.0},{"not_picked":["Sunder+1","Steam+1"],"picked":"FTL+1","floor":42.0},{"not_picked":["Compile Driver+1","Self Repair+1"],"picked":"Redo+1","floor":46.0},{"not_picked":["Streamline","Turbo"],"picked":"Conserve Battery","floor":46.0},{"not_picked":["Sweeping Beam+1","Buffer"],"picked":"Cold Snap","floor":47.0},{"not_picked":["Capacitor","Gash+1","Coolheaded+1"],"picked":"SKIP","floor":47.0},{"not_picked":["Capacitor","Coolheaded+1"],"picked":"Gash+1","floor":47.0}],"player_experience":441812,"potions_floor_usage":[50,50],"damage_taken":[{"damage":7.0,"enemies":"Jaw Worm","floor":1.0,"turns":3.0},{"damage":0.0,"enemies":"2 Louse","floor":2.0,"turns":2.0},{"damage":11.0,"enemies":"Lagavulin","floor":8.0,"turns":6.0},{"damage":7.0,"enemies":"Small Slimes","floor":10.0,"turns":3.0},{"damage":16.0,"enemies":"3 Sentries","floor":11.0,"turns":7.0},{"damage":9.0,"enemies":"Exordium Wildlife","floor":13.0,"turns":5.0},{"damage":22.0,"enemies":"Gremlin Nob","floor":14.0,"turns":4.0},{"damage":25.0,"enemies":"Slime Boss","floor":16.0,"turns":11.0},{"damage":12.0,"enemies":"Chosen","floor":18.0,"turns":4.0},{"damage":3.0,"enemies":"3 Byrds","floor":19.0,"turns":5.0},{"damage":12.0,"enemies":"Snake Plant","floor":20.0,"turns":4.0},{"damage":29.0,"enemies":"Slavers","floor":23.0,"turns":5.0},{"damage":43.0,"enemies":"Sentry and Sphere","floor":25.0,"turns":6.0},{"damage":21.0,"enemies":"Centurion and Healer","floor":27.0,"turns":5.0},{"damage":15.0,"enemies":"Snake Plant","floor":28.0,"turns":6.0},{"damage":33.0,"enemies":"Slaver and Parasite","floor":31.0,"turns":6.0},{"damage":55.0,"enemies":"Collector","floor":33.0,"turns":10.0},{"damage":18.0,"enemies":"3 Shapes","floor":35.0,"turns":5.0},{"damage":29.0,"enemies":"3 Darklings","floor":36.0,"turns":6.0},{"damage":3.0,"enemies":"Maw","floor":39.0,"turns":8.0},{"damage":45.0,"enemies":"Sphere and 2 Shapes","floor":41.0,"turns":7.0},{"damage":49.0,"enemies":"2 Orb Walkers","floor":42.0,"turns":7.0},{"damage":38.0,"enemies":"4 Shapes","floor":46.0,"turns":6.0},{"damage":21.0,"enemies":"Maw","floor":47.0,"turns":7.0},{"damage":51,"enemies":"Awakened One","floor":50,"turns":3}],"relics_obtained":[{"floor":8.0,"key":"Prayer Wheel"},{"floor":9.0,"key":"Blood Vial"},{"floor":11.0,"key":"Omamori"},{"floor":23.0,"key":"Bag of Marbles"},{"floor":26.0,"key":"Tiny Chest"},{"floor":38.0,"key":"Whetstone"},{"floor":42.0,"key":"Old Coin"},{"floor":43.0,"key":"Ornamental Fan"}],"event_choices":[{"event_name":"World of Goop","player_choice":"Gather Gold","floor":3.0,"damage_taken":0.0},{"event_name":"The Cleric","player_choice":"Healed","floor":4.0,"damage_taken":0.0},{"event_name":"Dead Adventurer","player_choice":"Searched \u00273\u0027 times","floor":14.0,"damage_taken":0.0},{"event_name":"Addict","player_choice":"Obtained Relic","floor":21.0,"damage_taken":0.0},{"event_name":"Forgotten Altar","player_choice":"Shed Blood","floor":22.0,"damage_taken":0.0},{"event_name":"Drug Dealer","player_choice":"Got JAXXED","floor":30.0,"damage_taken":0.0},{"event_name":"Winding Halls","player_choice":"Embrace Madness","floor":44.0,"damage_taken":0.0}],"boss_relics":[],"items_purged_floors":[],"potions_floor_spawned":[2,10,16,19,23,28,33,36,39,46],"seed_played":"-3528234136664651943","killed_by":"Awakened One","ascension_level":4,"potions_obtained":[{"floor":2.0,"key":"Swift Potion"},{"floor":10.0,"key":"EntropicBrew"},{"floor":16.0,"key":"Strength Potion"},{"floor":19.0,"key":"PowerPotion"},{"floor":23.0,"key":"EntropicBrew"},{"floor":28.0,"key":"Explosive Potion"},{"floor":33.0,"key":"Strength Potion"},{"floor":36.0,"key":"FairyPotion"},{"floor":46.0,"key":"Fire Potion"}],"is_trial":false}