{"gold_per_floor":[369,42,53,72,92,121,121,133,133,133,133,133,133,208,208,282,282,300,300],"floor_reached":19,"playtime":1091,"items_purged":[],"score":301,"play_id":"ed049ffc-fcec-4eec-be9d-5ce2f2a0b84a","local_time":"20190304203117","is_ascension_mode":true,"campfire_choices":[{"floor":7.0,"key":"REST"},{"data":"Zap","floor":12,"key":"SMITH"},{"data":"Streamline","floor":15,"key":"SMITH"}],"neow_cost":"PERCENT_DAMAGE","seed_source_timestamp":0,"circlet_count":0,"master_deck":["AscendersBane","Strike_B","Strike_B","Strike_B","Strike_B","Defend_B","Defend_B","Defend_B","Defend_B","Zap+1","Dualcast","Self Repair","Melter","Streamline+1","Auto Shields","Coolheaded","Compile Driver","Cold Snap","Biased Cognition","Redo+1"],"special_seed":0,"relics":["Cracked Core","Runic Capacitor","Pen Nib","Kunai","Eternal Feather"],"potions_floor_usage":[18],"damage_taken":[{"damage":7.0,"enemies":"Small Slimes","floor":1.0,"turns":3.0},{"damage":7.0,"enemies":"2 Louse","floor":3.0,"turns":4.0},{"damage":7.0,"enemies":"Jaw Worm","floor":4.0,"turns":3.0},{"damage":12.0,"enemies":"2 Fungi Beasts","floor":5.0,"turns":4.0},{"damage":15.0,"enemies":"Lagavulin","floor":6.0,"turns":7.0},{"damage":4.0,"enemies":"Blue Slaver","floor":8.0,"turns":4.0},{"damage":47,"enemies":"Slime Boss","floor":16,"turns":10},{"damage":28,"enemies":"3 Byrds","floor":18,"turns":6},{"damage":31,"enemies":"Colosseum Slavers","floor":19,"turns":4}],"seed_played":"-7621328113177747857","potions_obtained":[{"floor":4.0,"key":"PowerPotion"},{"floor":8.0,"key":"Poison Potion"},{"floor":16,"key":"Ancient Potion"}],"is_trial":false,"path_per_floor":["M","$","M","M","M","E","R","M","T","?","?","R","$","?","R","B",null,"M","?"],"character_chosen":"DEFECT","items_purchased":["Melter","Runic Capacitor","Dexterity Potion"],"campfire_rested":1,"item_purchase_floors":[2,2,2],"current_hp_per_floor":[39,39,39,39,34,26,47,50,50,50,71,71,71,60,60,13,57,29,0],"gold":300,"neow_bonus":"TWO_FIFTY_GOLD","is_prod":false,"is_daily":false,"chose_seed":false,"campfire_upgraded":2,"win_rate":0,"timestamp":1551749477,"path_taken":["M","$","M","M","M","E","R","M","T","?","?","R","$","?","R","BOSS","M","?"],"build_version":"2019-01-23","purchased_purges":0,"victory":false,"max_hp_per_floor":[71,71,71,71,71,71,71,71,71,71,71,71,71,71,71,71,71,71,71],"card_choices":[{"not_picked":["Redo","Gash"],"picked":"Self Repair","floor":1.0},{"not_picked":["Barrage","Stack"],"picked":"Streamline","floor":3.0},{"not_picked":["Beam Cell","Doom and Gloom"],"picked":"Auto Shields","floor":4.0},{"not_picked":["Double Energy","Force Field"],"picked":"Coolheaded","floor":5.0},{"not_picked":["Sweeping Beam","Sunder"],"picked":"Compile Driver","floor":6.0},{"not_picked":["Barrage","Lockon"],"picked":"Cold Snap","floor":8.0},{"not_picked":["Multi-Cast","All For One"],"picked":"Biased Cognition","floor":16},{"not_picked":["Leap","Stack+1"],"picked":"Redo+1","floor":18}],"player_experience":480124,"relics_obtained":[{"floor":6.0,"key":"Pen Nib"},{"floor":9.0,"key":"Kunai"}],"event_choices":[{"damage_healed":0,"gold_gain":0,"player_choice":"Fled","damage_taken":0,"max_hp_gain":0,"max_hp_loss":0,"event_name":"Scrap Ooze","floor":10,"gold_loss":0},{"damage_healed":23,"gold_gain":0,"player_choice":"Banana","damage_taken":0,"max_hp_gain":0,"max_hp_loss":0,"event_name":"Big Fish","floor":11,"gold_loss":0},{"damage_healed":0,"gold_gain":75,"player_choice":"Gather Gold","damage_taken":11,"max_hp_gain":0,"max_hp_loss":0,"event_name":"World of Goop","floor":14,"gold_loss":0},{"damage_healed":0,"gold_gain":0,"player_choice":"Fight","damage_taken":0,"max_hp_gain":0,"max_hp_loss":0,"event_name":"Colosseum","floor":19,"gold_loss":0}],"is_beta":false,"boss_relics":[{"not_picked":["Calling Bell","Astrolabe"],"picked":"Eternal Feather"}],"items_purged_floors":[],"is_endless":false,"potions_floor_spawned":[4,8,16],"killed_by":"Colosseum Slavers","ascension_level":16}