{"gold_per_floor":[109,124,138,25,36,36,36,70,149,161,161,178,190,206,206,309,309,326,43,43,53,53,53,70,85,85,100,132,144,160,176,176,176],"floor_reached":33,"playtime":3114,"items_purged":[],"score":304,"play_id":"8995dd38-0fac-47c0-8314-31d25d97e886","local_time":"20190101181013","is_ascension_mode":false,"campfire_choices":[{"data":"Uppercut","floor":6,"key":"SMITH"},{"data":"Whirlwind","floor":11,"key":"SMITH"},{"data":"Searing Blow","floor":15,"key":"SMITH"},{"data":"Anger","floor":23,"key":"SMITH"},{"floor":32,"key":"REST"}],"neow_cost":"NONE","seed_source_timestamp":23471276931932,"circlet_count":0,"master_deck":["Strike_R","Strike_R","Strike_R","Strike_R","Defend_R","Defend_R+1","Defend_R","Defend_R+1","Whirlwind+1","Searing Blow+1","Uppercut+1","Clothesline","Power Through","Anger+1","Reaper","Iron Wave","Carnage","Bludgeon","Reckless Charge+1","Disarm+1","Double Tap+1","Rampage","Metallicize","Rampage","Rampage","Combust+1","Flex","Cleave+1","Clash","Bloodletting","Rampage"],"relics":["Burning Blood","Thread and Needle","Mercury Hourglass","Astrolabe","DollysMirror","Letter Opener","War Paint"],"potions_floor_usage":[16,21,27,28,31,33,33],"damage_taken":[{"damage":7,"enemies":"Small Slimes","floor":1,"turns":5},{"damage":2,"enemies":"2 Louse","floor":2,"turns":2},{"damage":6,"enemies":"Cultist","floor":3,"turns":4},{"damage":15,"enemies":"Blue Slaver","floor":5,"turns":5},{"damage":18,"enemies":"Gremlin Nob","floor":8,"turns":5},{"damage":0,"enemies":"3 Louse","floor":10,"turns":3},{"damage":2,"enemies":"Large Slime","floor":12,"turns":4},{"damage":0,"enemies":"Looter","floor":13,"turns":2},{"damage":3,"enemies":"Gremlin Gang","floor":14,"turns":3},{"damage":21,"enemies":"Slime Boss","floor":16,"turns":10},{"damage":16,"enemies":"2 Thieves","floor":18,"turns":2},{"damage":13,"enemies":"Spheric Guardian","floor":20,"turns":4},{"damage":9,"enemies":"Centurion and Healer","floor":21,"turns":8},{"damage":10,"enemies":"Cultist and Chosen","floor":24,"turns":6},{"damage":20,"enemies":"3 Cultists","floor":25,"turns":5},{"damage":23,"enemies":"Snake Plant","floor":27,"turns":3},{"damage":20,"enemies":"Gremlin Leader","floor":28,"turns":6},{"damage":41,"enemies":"Cultist and Chosen","floor":29,"turns":6},{"damage":12,"enemies":"3 Cultists","floor":30,"turns":5},{"damage":8,"enemies":"Snake Plant","floor":31,"turns":3},{"damage":86,"enemies":"Champ","floor":33,"turns":13}],"seed_played":"1187301489161315218","potions_obtained":[{"floor":1,"key":"Fire Potion"},{"floor":5,"key":"SkillPotion"},{"floor":13,"key":"EssenceOfSteel"},{"floor":16,"key":"SteroidPotion"},{"floor":18,"key":"Fruit Juice"},{"floor":21,"key":"Regen Potion"},{"floor":27,"key":"GamblersBrew"},{"floor":28,"key":"EssenceOfSteel"},{"floor":29,"key":"FearPotion"}],"is_trial":false,"path_per_floor":["M","M","M","$","M","R","$","E","T","M","R","M","M","M","R","B",null,"M","$","M","M","$","R","M","M","T","M","E","M","M","M","R","B"],"character_chosen":"IRONCLAD","items_purchased":["Uppercut","Regen Potion","Metallicize","DollysMirror","Block Potion"],"campfire_rested":1,"item_purchase_floors":[4,4,19,19,19],"current_hp_per_floor":[87,88,88,88,79,79,79,67,67,73,73,77,83,86,86,71,88,78,78,71,73,73,73,69,67,67,50,63,34,38,36,63,0],"gold":176,"neow_bonus":"TEN_PERCENT_HP_BONUS","is_prod":false,"is_daily":false,"chose_seed":false,"campfire_upgraded":4,"win_rate":0.0,"timestamp":1546333813,"path_taken":["M","M","M","$","M","R","$","E","T","M","R","M","M","M","R","BOSS","M","$","M","M","$","R","M","M","T","M","E","M","M","M","R","BOSS"],"build_version":"2018-12-20","purchased_purges":0,"victory":false,"max_hp_per_floor":[88,88,88,88,88,88,88,88,88,88,88,88,88,88,88,88,88,88,88,88,93,93,93,93,93,93,93,93,93,93,93,93,93],"card_choices":[{"not_picked":["Body Slam","Sword Boomerang"],"picked":"Whirlwind","floor":1},{"not_picked":["Thunderclap","Sever Soul"],"picked":"Searing Blow","floor":2},{"not_picked":["Body Slam","Cleave"],"picked":"Hemokinesis","floor":3},{"not_picked":["Headbutt","Perfected Strike"],"picked":"Clothesline","floor":5},{"not_picked":["Warcry","True Grit"],"picked":"Power Through","floor":8},{"not_picked":["Dropkick","Entrench","Anger"],"picked":"SKIP","floor":10},{"not_picked":["Dropkick","Entrench"],"picked":"Anger","floor":10},{"not_picked":["Rupture","Carnage"],"picked":"Reaper","floor":12},{"not_picked":["Twin Strike","Armaments"],"picked":"Iron Wave","floor":13},{"not_picked":["Clothesline","Body Slam"],"picked":"Carnage","floor":14},{"not_picked":["Berserk","Demon Form"],"picked":"Bludgeon","floor":16},{"not_picked":["Iron Wave","Carnage"],"picked":"Rampage","floor":18},{"not_picked":["Headbutt","True Grit","Clothesline"],"picked":"SKIP","floor":20},{"not_picked":["Whirlwind","Perfected Strike"],"picked":"Rampage","floor":21},{"not_picked":["Twin Strike+1","Searing Blow+1"],"picked":"Combust+1","floor":24},{"not_picked":["Corruption+1","Battle Trance+1"],"picked":"Flex","floor":25},{"not_picked":["Burning Pact","Thunderclap","Warcry"],"picked":"SKIP","floor":27},{"not_picked":["Sword Boomerang+1","True Grit"],"picked":"Cleave+1","floor":28},{"not_picked":["Iron Wave","Feel No Pain"],"picked":"Clash","floor":29},{"not_picked":["Whirlwind","Brutality"],"picked":"Bloodletting","floor":30},{"not_picked":["Heavy Blade+1","Pommel Strike"],"picked":"Rampage","floor":31}],"player_experience":4719,"relics_obtained":[{"floor":8,"key":"Thread and Needle"},{"floor":9,"key":"Mercury Hourglass"},{"floor":26,"key":"Letter Opener"},{"floor":28,"key":"War Paint"}],"event_choices":[],"is_beta":false,"boss_relics":[{"not_picked":["White Beast Statue","Runic Dome"],"picked":"Astrolabe"}],"items_purged_floors":[],"is_endless":false,"potions_floor_spawned":[1,5,13,16,18,21,27,28,29],"killed_by":"Champ","ascension_level":0}