{"gold_per_floor":[117,117,21,38,49,49,81,81,81,81,41,116,116,126,126,224,224,243,243,261,69,69,69,80,80,130,130,145,145,165,184,184,282,282,293,293,307,324,324,324,324,341,341,354,354,365,61,86,86,86],"floor_reached":51,"playtime":3684,"items_purged":["Strike_B"],"score":647,"play_id":"cdeb01b2-2355-40d6-9f97-591230a3023e","local_time":"20190304225103","is_ascension_mode":false,"campfire_choices":[{"data":"Zap","floor":6.0,"key":"SMITH"},{"data":"Chaos","floor":8.0,"key":"SMITH"},{"data":"Zap","floor":10.0,"key":"SMITH"},{"data":"Dualcast","floor":13.0,"key":"SMITH"},{"data":"Coolheaded","floor":15.0,"key":"SMITH"},{"data":"Discovery","floor":23.0,"key":"SMITH"},{"floor":25.0,"key":"REST"},{"data":"Machine Learning","floor":27.0,"key":"SMITH"},{"floor":32.0,"key":"REST"},{"data":"Seek","floor":40.0,"key":"SMITH"},{"data":"Reinforced Body","floor":45.0,"key":"SMITH"},{"floor":49.0,"key":"REST"}],"neow_cost":"NONE","seed_source_timestamp":0,"circlet_count":0,"master_deck":["Strike_B+1","Strike_B+1","Strike_B+1","Defend_B+1","Defend_B+1","Defend_B+1","Zap+1","Dualcast+1","Coolheaded+1","All For One","Dramatic Entrance","Static Discharge","Go for the Eyes","Zap+1","Beam Cell","Turbo","Chaos+1","Reinforced Body+1","Gash","Reinforced Body","Go for the Eyes","Machine Learning+1","Steam","Swift Strike","Jack Of All Trades","Steam Power+1","Discovery+1","Melter","Scrape","White Noise","White Noise+1","Coolheaded","Seek+1","Hologram","Tempest+1","Rebound+1","Secret Weapon","Glacier","Compile Driver+1","Reprogram+1","Apotheosis","Go for the Eyes","Madness"],"special_seed":0,"relics":["Sozu"],"potions_floor_usage":[],"damage_taken":[{"damage":0.0,"enemies":"2 Louse","floor":1.0,"turns":2.0},{"damage":0.0,"enemies":"Cultist","floor":4.0,"turns":3.0},{"damage":2.0,"enemies":"Small Slimes","floor":5.0,"turns":2.0},{"damage":42.0,"enemies":"Gremlin Nob","floor":7.0,"turns":6.0},{"damage":2.0,"enemies":"3 Louse","floor":14.0,"turns":3.0},{"damage":20.0,"enemies":"Slime Boss","floor":16.0,"turns":5.0},{"damage":1.0,"enemies":"Chosen","floor":18.0,"turns":5.0},{"damage":23.0,"enemies":"2 Thieves","floor":20.0,"turns":4.0},{"damage":8.0,"enemies":"Cultist and Chosen","floor":24.0,"turns":3.0},{"damage":5.0,"enemies":"3 Cultists","floor":28.0,"turns":4.0},{"damage":9.0,"enemies":"Snake Plant","floor":30.0,"turns":3.0},{"damage":5.0,"enemies":"Shelled Parasite and Fungi","floor":31.0,"turns":6.0},{"damage":13.0,"enemies":"Champ","floor":33.0,"turns":6.0},{"damage":9.0,"enemies":"3 Darklings","floor":35.0,"turns":3.0},{"damage":1.0,"enemies":"Orb Walker","floor":37.0,"turns":4.0},{"damage":13.0,"enemies":"4 Shapes","floor":38.0,"turns":3.0},{"damage":10.0,"enemies":"Transient","floor":42.0,"turns":5.0},{"damage":9.0,"enemies":"Spire Growth","floor":44.0,"turns":5.0},{"damage":8.0,"enemies":"4 Shapes","floor":46.0,"turns":5.0},{"damage":39,"enemies":"Awakened One","floor":50,"turns":14}],"seed_played":"-5400868499306032275","potions_obtained":[],"is_trial":false,"path_per_floor":["M","?","$","M","M","R","E","R","T","R","$","?","R","M","R","B",null,"M","?","M","$","?","R","M","R","T","R","M","?","M","M","R","B",null,"M","?","M","M","?","R","?","M","T","M","R","M","$","T","R","B",null],"character_chosen":"DEFECT","items_purchased":["Beam Cell","Turbo","Reinforced Body","Discovery","Melter","Apotheosis","Go for the Eyes","Madness"],"campfire_rested":3,"item_purchase_floors":[3,3,11,21,21,47,47,47],"current_hp_per_floor":[75,75,75,75,73,73,31,31,31,31,31,24,24,22,22,2,75,74,53,30,30,30,30,22,44,44,44,39,39,30,25,47,34,75,66,66,65,52,52,52,52,42,42,33,33,25,25,25,47,8],"gold":86,"neow_bonus":"BOSS_RELIC","is_prod":false,"is_daily":false,"chose_seed":false,"campfire_upgraded":9,"win_rate":0,"timestamp":1551736263,"path_taken":["M","?","?","M","M","R","E","R","T","R","$","?","R","?","R","BOSS","M","?","M","?","?","R","M","R","T","R","M","?","?","M","R","BOSS","M","?","M","M","?","R","?","M","T","M","R","M","$","?","R","BOSS"],"build_version":"2019-01-23","purchased_purges":1,"victory":true,"max_hp_per_floor":[75,75,75,75,75,75,75,75,75,75,75,75,75,75,75,75,75,75,75,75,75,75,75,75,75,75,75,75,75,75,75,75,75,75,75,75,75,75,75,75,75,75,75,75,75,75,75,75,75,75],"card_choices":[{"not_picked":["Go for the Eyes","Beam Cell"],"picked":"Coolheaded","floor":1.0},{"not_picked":["Blizzard","Steam"],"picked":"Chaos","floor":4.0},{"not_picked":["Loop","Hologram"],"picked":"Reinforced Body","floor":5.0},{"not_picked":["Seek","Aggregate"],"picked":"Gash","floor":7.0},{"not_picked":["Coolheaded","Turbo"],"picked":"Go for the Eyes","floor":14.0},{"not_picked":["Hyperbeam","Electrodynamics"],"picked":"Machine Learning","floor":16.0},{"not_picked":["Stack","Sweeping Beam"],"picked":"Steam","floor":18.0},{"not_picked":["Turbo+1","Recycle"],"picked":"Steam Power+1","floor":20.0},{"not_picked":["Steam Power","Cold Snap"],"picked":"Scrape","floor":24.0},{"not_picked":["Compile Driver","Streamline"],"picked":"White Noise","floor":28.0},{"not_picked":["Compile Driver","Conserve Battery"],"picked":"White Noise+1","floor":30.0},{"not_picked":["Conserve Battery","Redo"],"picked":"Coolheaded","floor":31.0},{"not_picked":["Thunder Strike","Multi-Cast"],"picked":"Seek","floor":33.0},{"not_picked":["Stack","Beam Cell+1"],"picked":"Hologram","floor":35.0},{"not_picked":["Steam","Genetic Algorithm+1"],"picked":"Tempest+1","floor":37.0},{"not_picked":["Recycle+1","Blizzard"],"picked":"Rebound+1","floor":38.0},{"not_picked":["Thinking Ahead","Enlightenment"],"picked":"Secret Weapon","floor":39.0},{"not_picked":["Stack","Go for the Eyes+1"],"picked":"Glacier","floor":42.0},{"not_picked":["Heatsinks+1","Redo"],"picked":"Compile Driver+1","floor":44.0},{"not_picked":["Barrage","Ball Lightning+1"],"picked":"Reprogram+1","floor":46.0}],"player_experience":817884,"relics_obtained":[],"event_choices":[{"damage_healed":0.0,"max_hp_gain":0.0,"max_hp_loss":0.0,"gold_gain":0.0,"event_name":"Match and Keep!","player_choice":"5 cards matched","floor":2.0,"gold_loss":0.0,"damage_taken":0.0,"cards_obtained":["All For One","Dramatic Entrance","Static Discharge","Go for the Eyes","Zap"]},{"damage_healed":0.0,"max_hp_gain":0.0,"max_hp_loss":0.0,"gold_gain":75.0,"event_name":"FaceTrader","player_choice":"Touch","floor":12.0,"gold_loss":0.0,"damage_taken":7.0},{"damage_healed":0.0,"max_hp_gain":0.0,"max_hp_loss":0.0,"gold_gain":0.0,"event_name":"Knowing Skull","player_choice":"CARD CARD ","floor":19.0,"potions_obtained":[],"gold_loss":0.0,"damage_taken":21.0,"cards_obtained":["Swift Strike","Jack Of All Trades"]},{"damage_healed":0.0,"max_hp_gain":0.0,"max_hp_loss":0.0,"gold_gain":0.0,"event_name":"Beggar","player_choice":"Ignored","floor":22.0,"gold_loss":0.0,"damage_taken":0.0},{"damage_healed":0.0,"max_hp_gain":0.0,"max_hp_loss":0.0,"gold_gain":0.0,"event_name":"Back to Basics","player_choice":"Simplicity","floor":29.0,"gold_loss":0.0,"damage_taken":0.0,"cards_upgraded":["Strike_B","Strike_B","Strike_B","Defend_B","Defend_B","Defend_B","Defend_B"]},{"cards_removed":["Defend_B"],"damage_healed":0.0,"max_hp_gain":0.0,"max_hp_loss":0.0,"gold_gain":0.0,"event_name":"Falling","player_choice":"Removed Skill","floor":36.0,"gold_loss":0.0,"damage_taken":0.0},{"damage_healed":0.0,"max_hp_gain":0.0,"max_hp_loss":0.0,"gold_gain":0.0,"event_name":"SensoryStone","player_choice":"Memory 1","floor":39.0,"gold_loss":0.0,"damage_taken":0.0},{"damage_healed":0.0,"max_hp_gain":0.0,"max_hp_loss":0.0,"gold_gain":0.0,"event_name":"Mysterious Sphere","player_choice":"Ignored","floor":41.0,"gold_loss":0.0,"damage_taken":0.0}],"is_beta":false,"boss_relics":[{"not_picked":["Pandora\u0027s Box","Black Star","Tiny House"]},{"not_picked":["Lizard Tail","Calling Bell","Busted Crown"]}],"items_purged_floors":[21],"is_endless":false,"potions_floor_spawned":[4,5,16,20,24,28,30,35,38,44,46],"ascension_level":0}