{"gold_per_floor":[115,135,187,187,14,42,62,81,81,81,114,172,172,190,190,268,268,284,284,284,303,319,319,351,365,365,397,397,427,438,448,448,520,520,531,531,531],"floor_reached":37,"playtime":3357,"items_purged":["Regret"],"score":885,"play_id":"ea0f7675-e48a-4d7c-91ea-a56af47523e9","local_time":"20190128134201","is_ascension_mode":true,"campfire_choices":[{"data":"Sunder","floor":10.0,"key":"SMITH"},{"data":"Defragment","floor":13.0,"key":"SMITH"},{"data":"Zap","floor":15.0,"key":"SMITH"},{"data":"Creative AI","floor":23.0,"key":"SMITH"},{"data":"Double Energy","floor":32,"key":"SMITH"}],"neow_cost":"NONE","seed_source_timestamp":357629969260579,"circlet_count":0,"master_deck":["AscendersBane","Defend_B","Defend_B","Defend_B","Defend_B","Zap+1","Dualcast","Impatience","Cold Snap","Melter","Defragment+1","Cold Snap","Stack","Sunder+1","Rebound","Coolheaded","Sweeping Beam","Sweeping Beam","Creative AI+1","Barrage","Bite","Bite","Bite","Bite","Bite","Glacier","Double Energy+1","Cold Snap","Undo","Reinforced Body","Double Energy","RitualDagger+1","Conserve Battery","Barrage+1","All For One+1","Amplify","Go for the Eyes+1"],"special_seed":0,"relics":["Cracked Core","Meat on the Bone","Ornamental Fan","Bottled Flame","Happy Flower","Letter Opener","Inserter","Molten Egg 2","Pocketwatch","Matryoshka","Unceasing Top","Black Star","DataDisk"],"potions_floor_usage":[33],"damage_taken":[{"damage":8.0,"enemies":"Jaw Worm","floor":1.0,"turns":4.0},{"damage":12.0,"enemies":"Small Slimes","floor":2.0,"turns":3.0},{"damage":35.0,"enemies":"Lagavulin","floor":6.0,"turns":8.0},{"damage":0.0,"enemies":"2 Louse","floor":7.0,"turns":3.0},{"damage":7.0,"enemies":"Exordium Wildlife","floor":8.0,"turns":3.0},{"damage":34.0,"enemies":"Gremlin Nob","floor":11.0,"turns":4.0},{"damage":11.0,"enemies":"3 Sentries","floor":12.0,"turns":8.0},{"damage":0.0,"enemies":"2 Fungi Beasts","floor":14.0,"turns":1.0},{"damage":34.0,"enemies":"Slime Boss","floor":16.0,"turns":9.0},{"damage":6.0,"enemies":"Chosen","floor":18.0,"turns":7.0},{"damage":5.0,"enemies":"Shell Parasite","floor":21.0,"turns":6.0},{"damage":12.0,"enemies":"Cultist and Chosen","floor":22.0,"turns":7.0},{"damage":39.0,"enemies":"Gremlin Leader","floor":24.0,"turns":10.0},{"damage":24.0,"enemies":"Centurion and Healer","floor":25.0,"turns":6.0},{"damage":15.0,"enemies":"Book of Stabbing","floor":27.0,"turns":11.0},{"damage":0,"enemies":"Gremlin Leader","floor":29,"turns":11},{"damage":5,"enemies":"3 Cultists","floor":30,"turns":5},{"damage":10,"enemies":"Snecko","floor":31,"turns":8},{"damage":21,"enemies":"Champ","floor":33,"turns":12},{"damage":16,"enemies":"3 Shapes","floor":35,"turns":6},{"damage":38,"enemies":"3 Darklings","floor":37,"turns":2}],"seed_played":"8893878059787649064","potions_obtained":[{"floor":2.0,"key":"FearPotion"},{"floor":14.0,"key":"Regen Potion"},{"floor":16.0,"key":"SkillPotion"},{"floor":18.0,"key":"Dexterity Potion"},{"floor":24.0,"key":"FearPotion"},{"floor":30,"key":"PowerPotion"},{"floor":33,"key":"Energy Potion"},{"floor":35,"key":"SpeedPotion"}],"is_trial":false,"path_per_floor":["M","M","?","?","$","E","M","M","T","R","E","?","R","M","R","B",null,"M","?","?","M","M","R","E","M","T","E","?","E","M","M","R","B",null,"M","?","M"],"character_chosen":"DEFECT","items_purchased":["Defragment","Cold Snap"],"campfire_rested":0,"item_purchase_floors":[5,5],"current_hp_per_floor":[56,44,44,44,44,21,33,38,38,38,16,17,17,29,29,22,59,53,49,49,49,41,41,26,20,20,21,15,37,40,38,38,33,45,31,31,0],"gold":531,"neow_bonus":"RANDOM_COLORLESS","is_prod":false,"is_daily":false,"chose_seed":false,"campfire_upgraded":5,"win_rate":0,"timestamp":1548679321,"path_taken":["M","M","?","?","?","E","M","M","T","R","E","?","R","?","R","BOSS","M","?","?","M","?","R","E","M","T","E","?","E","M","M","R","BOSS","M","?","?"],"build_version":"2019-01-23","purchased_purges":1,"victory":false,"max_hp_per_floor":[71,71,71,71,71,71,71,71,71,71,71,71,71,71,71,71,71,71,49,49,49,49,49,49,49,49,49,49,49,49,49,49,49,49,49,49,49],"card_choices":[{"not_picked":["Self Repair","Stack"],"picked":"Cold Snap","floor":1.0},{"not_picked":["Compile Driver","Beam Cell"],"picked":"Melter","floor":2.0},{"not_picked":["Barrage","Redo"],"picked":"Stack","floor":6.0},{"not_picked":["Loop","Aggregate"],"picked":"Sunder","floor":7.0},{"not_picked":["Rip and Tear","Beam Cell"],"picked":"Rebound","floor":8.0},{"not_picked":["Loop","Tempest"],"picked":"Coolheaded","floor":11.0},{"not_picked":["Compile Driver","Fusion"],"picked":"Sweeping Beam","floor":12.0},{"not_picked":["Stack","Rebound"],"picked":"Sweeping Beam","floor":14.0},{"not_picked":["Electrodynamics","Fission"],"picked":"Creative AI","floor":16.0},{"not_picked":["Hello World","Heatsinks"],"picked":"Barrage","floor":18.0},{"not_picked":["Sweeping Beam+1","Hello World"],"picked":"Double Energy","floor":21.0},{"not_picked":["Rebound","Lockon"],"picked":"Cold Snap","floor":22.0},{"not_picked":["Stack","Reprogram"],"picked":"Undo","floor":24.0},{"not_picked":["Undo","Darkness"],"picked":"Reinforced Body","floor":25.0},{"not_picked":["Creative AI","Reboot"],"picked":"Double Energy","floor":27.0},{"not_picked":["Turbo+1","Rebound+1"],"picked":"Conserve Battery","floor":29},{"not_picked":["Turbo","Redo"],"picked":"Barrage+1","floor":30},{"not_picked":["Rebound+1","Conserve Battery"],"picked":"All For One+1","floor":31},{"not_picked":["Biased Cognition","Buffer"],"picked":"Amplify","floor":33},{"not_picked":["Hologram","Conserve Battery"],"picked":"Go for the Eyes+1","floor":35}],"player_experience":617657,"relics_obtained":[{"floor":6.0,"key":"Ornamental Fan"},{"floor":9.0,"key":"Bottled Flame"},{"floor":11.0,"key":"Happy Flower"},{"floor":24.0,"key":"Molten Egg 2"},{"floor":26.0,"key":"Pocketwatch"},{"floor":27.0,"key":"Matryoshka"},{"floor":29,"key":"Unceasing Top"}],"event_choices":[{"damage_healed":0.0,"max_hp_gain":0.0,"max_hp_loss":0.0,"gold_gain":52.0,"event_name":"Golden Wing","player_choice":"Gained Gold","floor":3.0,"gold_loss":0.0,"damage_taken":0.0},{"damage_healed":0.0,"max_hp_gain":0.0,"max_hp_loss":0.0,"gold_gain":0.0,"event_name":"Big Fish","player_choice":"Box","floor":4.0,"gold_loss":0.0,"damage_taken":0.0,"relics_obtained":["Meat on the Bone"],"cards_obtained":["Regret"]},{"damage_healed":0.0,"max_hp_gain":0.0,"max_hp_loss":0.0,"gold_gain":0.0,"event_name":"Dead Adventurer","player_choice":"Searched \u00273\u0027 times","floor":12.0,"gold_loss":0.0,"damage_taken":0.0,"relics_obtained":["Letter Opener"]},{"damage_healed":0.0,"max_hp_gain":0.0,"max_hp_loss":22.0,"gold_gain":0.0,"event_name":"Vampires","player_choice":"Became a vampire","floor":19.0,"gold_loss":0.0,"damage_taken":0.0,"cards_obtained":["Bite","Bite","Bite","Bite","Bite"]},{"damage_healed":0.0,"max_hp_gain":0.0,"max_hp_loss":0.0,"gold_gain":0.0,"event_name":"The Library","player_choice":"Read","floor":20.0,"gold_loss":0.0,"damage_taken":0.0,"cards_obtained":["Glacier"]},{"damage_healed":0.0,"max_hp_gain":0.0,"max_hp_loss":0.0,"gold_gain":0.0,"event_name":"Nest","player_choice":"Joined the Cult","floor":28.0,"gold_loss":0.0,"damage_taken":6.0,"cards_obtained":["RitualDagger"]},{"damage_healed":0,"gold_gain":0,"player_choice":"Gave Potion","damage_taken":0,"relics_obtained":["DataDisk"],"max_hp_gain":0,"max_hp_loss":0,"event_name":"WeMeetAgain","floor":36,"gold_loss":0}],"is_beta":false,"boss_relics":[{"not_picked":["Nuclear Battery","White Beast Statue"],"picked":"Inserter"},{"not_picked":["Lizard Tail","Velvet Choker"],"picked":"Black Star"}],"items_purged_floors":[5],"is_endless":false,"potions_floor_spawned":[2,14,16,18,24,30,33,35],"killed_by":"3 Darklings","ascension_level":16}