{"gold_per_floor":[118,48,48,68,18,49,49,83,83,83],"floor_reached":10,"playtime":360,"items_purged":[],"score":78,"play_id":"f43dd04a-bdee-4def-94f5-22b40848ef1c","local_time":"20190110110958","is_ascension_mode":true,"campfire_choices":[{"floor":7.0,"key":"REST"}],"neow_cost":"NONE","seed_source_timestamp":2295710551457,"circlet_count":0,"master_deck":["Defend_G","Defend_G","Defend_G","Defend_G","Defend_G","Strike_G","Strike_G","Survivor","Neutralize","Footwork","Riddle With Holes","Deadly Poison"],"special_seed":0,"relics":["Ring of the Snake","Unceasing Top","Regal Pillow","Pantograph"],"potions_floor_usage":[],"damage_taken":[{"damage":1.0,"enemies":"Jaw Worm","floor":1.0,"turns":4.0},{"damage":0.0,"enemies":"2 Louse","floor":4.0,"turns":4.0},{"damage":49.0,"enemies":"Gremlin Nob","floor":6.0,"turns":6.0},{"damage":13,"enemies":"3 Sentries","floor":8,"turns":13},{"damage":34,"enemies":"Lagavulin","floor":10,"turns":6}],"seed_played":"-2247195717277495849","potions_obtained":[{"floor":1.0,"key":"Ancient Potion"},{"floor":4.0,"key":"Ancient Potion"},{"floor":8,"key":"Swift Potion"}],"is_trial":false,"path_per_floor":["M","$","?","M","?","E","R","E","T","E"],"character_chosen":"THE_SILENT","items_purchased":["Footwork"],"campfire_rested":1,"item_purchase_floors":[2],"current_hp_per_floor":[69,69,69,69,69,20,41,28,28,0],"gold":83,"neow_bonus":"REMOVE_CARD","is_prod":false,"is_daily":false,"chose_seed":false,"campfire_upgraded":0,"win_rate":0,"timestamp":1547086198,"path_taken":["M","$","?","M","?","E","R","E","T","E"],"build_version":"2019-01-03v4","purchased_purges":0,"victory":false,"max_hp_per_floor":[70,70,70,70,70,70,70,70,70,70],"card_choices":[{"not_picked":["Riddle With Holes","Endless Agony","Distraction"],"picked":"SKIP","floor":1.0},{"not_picked":["Infinite Blades","Slice"],"picked":"Riddle With Holes","floor":4.0},{"not_picked":["Caltrops","Outmaneuver"],"picked":"Deadly Poison","floor":6.0},{"not_picked":["Prepared","Eviscerate","Blade Dance"],"picked":"SKIP","floor":8}],"player_experience":189482,"relics_obtained":[{"floor":6.0,"key":"Unceasing Top"},{"floor":8,"key":"Regal Pillow"},{"floor":9,"key":"Pantograph"}],"event_choices":[{"cards_removed":["Strike_G"],"damage_healed":0.0,"max_hp_gain":0.0,"max_hp_loss":0.0,"gold_gain":0.0,"event_name":"Living Wall","player_choice":"Forget","floor":3.0,"gold_loss":0.0,"damage_taken":0.0},{"cards_removed":["Strike_G"],"damage_healed":0.0,"max_hp_gain":0.0,"max_hp_loss":0.0,"gold_gain":0.0,"event_name":"The Cleric","player_choice":"Card Removal","floor":5.0,"gold_loss":50.0,"damage_taken":0.0}],"is_beta":false,"boss_relics":[],"items_purged_floors":[],"is_endless":false,"potions_floor_spawned":[1,4,8],"killed_by":"Lagavulin","ascension_level":1}