{"gold_per_floor":[117,136,149,160,173,173,202,202,202,202,221,11,46,56,56,56],"floor_reached":16,"playtime":773,"items_purged":["Strike_R"],"score":182,"play_id":"39f5b1d5-6f98-4cfd-afce-7da2706e85e4","local_time":"20190116091045","is_ascension_mode":true,"campfire_choices":[{"data":"True Grit","floor":6,"key":"SMITH"},{"floor":8,"key":"REST"},{"floor":10,"key":"REST"},{"data":"Bludgeon","floor":15,"key":"SMITH"}],"neow_cost":"TEN_PERCENT_HP_LOSS","seed_source_timestamp":573071459751750,"circlet_count":0,"master_deck":["AscendersBane","Strike_R","Strike_R","Defend_R","Defend_R","Defend_R","Defend_R","Bash","Anger","Seeing Red","Burning Pact","True Grit+1","Cleave","Sword Boomerang","Spot Weakness","Bludgeon+1","Sever Soul","Rupture+1"],"relics":["Burning Blood","FossilizedHelix","Frozen Egg 2","Thread and Needle"],"potions_floor_usage":[4,7],"damage_taken":[{"damage":6,"enemies":"Cultist","floor":1,"turns":4},{"damage":0,"enemies":"Small Slimes","floor":2,"turns":3},{"damage":1,"enemies":"2 Louse","floor":3,"turns":3},{"damage":7,"enemies":"2 Fungi Beasts","floor":4,"turns":3},{"damage":42,"enemies":"Gremlin Gang","floor":5,"turns":5},{"damage":31,"enemies":"3 Sentries","floor":7,"turns":9},{"damage":0,"enemies":"3 Louse","floor":11,"turns":3},{"damage":29,"enemies":"Gremlin Nob","floor":13,"turns":5},{"damage":0,"enemies":"Blue Slaver","floor":14,"turns":2},{"damage":46,"enemies":"Slime Boss","floor":16,"turns":7}],"seed_played":"924859376588775336","potions_obtained":[{"floor":3,"key":"Poison Potion"},{"floor":5,"key":"SneckoOil"},{"floor":14,"key":"Poison Potion"}],"is_trial":false,"path_per_floor":["M","M","M","M","M","R","E","R","T","R","M","$","E","M","R","B"],"character_chosen":"IRONCLAD","items_purchased":["Bludgeon"],"campfire_rested":2,"item_purchase_floors":[12],"current_hp_per_floor":[72,72,72,71,35,35,10,31,31,52,58,58,35,41,41,0],"gold":56,"neow_bonus":"TRANSFORM_TWO_CARDS","is_prod":false,"is_daily":false,"chose_seed":false,"campfire_upgraded":2,"win_rate":0,"timestamp":1547647845,"path_taken":["M","M","M","M","?","R","E","R","T","R","M","$","E","M","R","BOSS"],"build_version":"2019-01-10","purchased_purges":1,"victory":false,"max_hp_per_floor":[72,72,72,72,72,72,72,72,72,72,72,72,72,72,72,72],"card_choices":[{"not_picked":["Flex","Clash"],"picked":"Burning Pact","floor":1},{"not_picked":["Warcry","Wild Strike"],"picked":"True Grit","floor":2},{"not_picked":["Infernal Blade","Heavy Blade","Flex"],"picked":"SKIP","floor":3},{"not_picked":["Clash","Uppercut"],"picked":"Cleave","floor":4},{"not_picked":["Juggernaut","Warcry","Headbutt"],"picked":"SKIP","floor":5},{"not_picked":["Wild Strike","Evolve"],"picked":"Sword Boomerang","floor":7},{"not_picked":["Shrug It Off","True Grit"],"picked":"Spot Weakness","floor":11},{"not_picked":["Uppercut","Sword Boomerang"],"picked":"Sever Soul","floor":13},{"not_picked":["Perfected Strike","Pommel Strike"],"picked":"Rupture+1","floor":14}],"player_experience":387958,"relics_obtained":[{"floor":7,"key":"FossilizedHelix"},{"floor":9,"key":"Frozen Egg 2"},{"floor":13,"key":"Thread and Needle"}],"event_choices":[],"is_beta":false,"boss_relics":[],"items_purged_floors":[12],"is_endless":false,"potions_floor_spawned":[3,5,14],"killed_by":"Slime Boss","ascension_level":12}