{"gold_per_floor":[115,128,128,128,148,173,173,173,173,188,205,219,242,269,281,391,403,425,437,449,479,332,332,360,374,374,224,235,267,267],"floor_reached":30,"playtime":1497,"items_purged":[],"score":340,"play_id":"baa0aca0-3c86-46c9-9c51-bc35fe1c42d3","local_time":"20190304113829","is_ascension_mode":true,"campfire_choices":[{"floor":7,"key":"REST"},{"data":"Glass Knife","floor":15,"key":"SMITH"},{"floor":23,"key":"REST"}],"neow_cost":"NONE","seed_source_timestamp":1003862458766,"circlet_count":0,"master_deck":["Defend_G+1","Defend_G+1","Defend_G+1","Defend_G+1","Defend_G+1","Strike_G+1","Strike_G+1","Survivor","Neutralize","Dagger Spray","Finisher","Blur","Glass Knife+1","Blur","PiercingWail","Prepared","Masterful Stab","Corpse Explosion","Backstab+1","Quick Slash+1","Caltrops","Panacea","After Image","Deflect","Leg Sweep+1"],"relics":["Ring of the Snake","NeowsBlessing","Ice Cream","Regal Pillow","Matryoshka","Strawberry","The Specimen","Pen Nib","MawBank","Empty Cage","Lantern","Kunai","Toxic Egg 2"],"potions_floor_usage":[14,16,29,29],"damage_taken":[{"damage":0,"enemies":"Jaw Worm","floor":1,"turns":1},{"damage":0,"enemies":"Small Slimes","floor":2,"turns":1},{"damage":0,"enemies":"Cultist","floor":5,"turns":1},{"damage":34,"enemies":"Gremlin Nob","floor":6,"turns":6},{"damage":1,"enemies":"Blue Slaver","floor":10,"turns":5},{"damage":4,"enemies":"Exordium Wildlife","floor":11,"turns":6},{"damage":1,"enemies":"Large Slime","floor":12,"turns":6},{"damage":3,"enemies":"Exordium Thugs","floor":14,"turns":6},{"damage":29,"enemies":"The Guardian","floor":16,"turns":19},{"damage":26,"enemies":"Spheric Guardian","floor":18,"turns":7},{"damage":6,"enemies":"Chosen","floor":21,"turns":5},{"damage":50,"enemies":"Book of Stabbing","floor":24,"turns":7},{"damage":12,"enemies":"Snake Plant","floor":25,"turns":4},{"damage":2,"enemies":"Centurion and Healer","floor":28,"turns":6},{"damage":2,"enemies":"Gremlin Leader","floor":29,"turns":8},{"damage":11,"enemies":"Snecko","floor":30,"turns":4}],"seed_played":"-9129865098310512764","potions_obtained":[{"floor":2,"key":"SneckoOil"},{"floor":10,"key":"Energy Potion"},{"floor":12,"key":"Block Potion"},{"floor":14,"key":"Block Potion"},{"floor":20,"key":"LiquidBronze"},{"floor":20,"key":"Energy Potion"},{"floor":21,"key":"SpeedPotion"}],"is_trial":false,"path_per_floor":["M","M","?","?","M","E","R","?","T","M","M","M","T","M","R","B",null,"M","?","?","M","$","R","E","M","T","$","M","E","M"],"character_chosen":"THE_SILENT","items_purchased":["Caltrops","Panacea","GhostInAJar","GhostInAJar"],"campfire_rested":2,"item_purchase_floors":[22,22,27,27],"current_hp_per_floor":[70,70,58,58,58,24,60,60,67,66,62,61,61,58,58,29,65,39,39,39,33,33,71,21,9,9,9,7,5,0],"gold":267,"neow_bonus":"THREE_ENEMY_KILL","is_prod":false,"is_daily":false,"chose_seed":false,"campfire_upgraded":1,"win_rate":0,"timestamp":1551667109,"path_taken":["M","M","?","?","?","E","R","?","T","M","M","M","?","M","R","BOSS","M","?","?","?","?","R","E","M","T","$","M","E","M"],"build_version":"2019-01-23","purchased_purges":0,"victory":false,"max_hp_per_floor":[70,70,70,70,70,70,70,70,77,77,77,77,77,77,77,77,77,77,77,77,77,77,77,77,77,77,77,77,77,77],"card_choices":[{"not_picked":["Poisoned Stab","Blade Dance"],"picked":"Dagger Spray","floor":1},{"not_picked":["Flying Knee","Distraction"],"picked":"Finisher","floor":2},{"not_picked":["Acrobatics","Tactician"],"picked":"Blur","floor":5},{"not_picked":["Poisoned Stab","Cloak And Dagger"],"picked":"Glass Knife","floor":6},{"not_picked":["Backflip","Blade Dance"],"picked":"Blur","floor":10},{"not_picked":["Slice","Distraction"],"picked":"PiercingWail","floor":11},{"not_picked":["Slice","Acrobatics"],"picked":"Prepared","floor":12},{"not_picked":["PiercingWail","Quick Slash"],"picked":"Masterful Stab","floor":14},{"not_picked":["Burst","Bullet Time"],"picked":"Corpse Explosion","floor":16},{"not_picked":["Bane","Outmaneuver"],"picked":"Backstab+1","floor":18},{"not_picked":["Heel Hook","Infinite Blades"],"picked":"Quick Slash+1","floor":21},{"not_picked":["Expertise","Underhanded Strike"],"picked":"After Image","floor":24},{"not_picked":["Quick Slash","Underhanded Strike"],"picked":"Deflect","floor":25},{"not_picked":["Dagger Throw","Underhanded Strike+1","Outmaneuver+1"],"picked":"SKIP","floor":28},{"not_picked":["Deadly Poison","Setup"],"picked":"Leg Sweep+1","floor":29}],"player_experience":372192,"relics_obtained":[{"floor":6,"key":"Regal Pillow"},{"floor":9,"key":"Strawberry"},{"floor":9,"key":"The Specimen"},{"floor":13,"key":"Pen Nib"},{"floor":13,"key":"MawBank"},{"floor":24,"key":"Lantern"},{"floor":26,"key":"Kunai"},{"floor":29,"key":"Toxic Egg 2"}],"event_choices":[{"damage_healed":0,"gold_gain":0,"player_choice":"Success","damage_taken":12,"relics_obtained":["Ice Cream"],"max_hp_gain":0,"max_hp_loss":0,"event_name":"Scrap Ooze","floor":3,"gold_loss":0},{"cards_removed":["Strike_G"],"damage_healed":0,"gold_gain":0,"player_choice":"Purged","damage_taken":0,"max_hp_gain":0,"max_hp_loss":0,"event_name":"Purifier","floor":4,"gold_loss":0},{"damage_healed":0,"gold_gain":0,"player_choice":"Searched \u00271\u0027 times","damage_taken":0,"relics_obtained":["Matryoshka"],"max_hp_gain":0,"max_hp_loss":0,"event_name":"Dead Adventurer","floor":8,"gold_loss":0},{"damage_healed":0,"gold_gain":0,"player_choice":"Simplicity","damage_taken":0,"max_hp_gain":0,"max_hp_loss":0,"event_name":"Back to Basics","floor":19,"gold_loss":0,"cards_upgraded":["Defend_G","Defend_G","Defend_G","Defend_G","Defend_G","Strike_G","Strike_G"]},{"damage_healed":0,"gold_gain":0,"player_choice":"Got Potions","damage_taken":0,"max_hp_gain":0,"max_hp_loss":0,"event_name":"Lab","floor":20,"gold_loss":0}],"is_beta":false,"boss_relics":[{"not_picked":["Runic Pyramid","Velvet Choker"],"picked":"Empty Cage"}],"items_purged_floors":[],"is_endless":false,"potions_floor_spawned":[2,10,12,14,21,25],"killed_by":"Snecko","ascension_level":5}