{"gold_per_floor":[118,118,118,118,137,165,185,220,247,247,247,247,282,282,282,413,413,413,413,413,413,48,48,48,48,48,48,48,48,48,48,48,48,48,48,18,18,18,18,18,18,18,18,18,18,18,18,18,18,18],"floor_reached":51,"playtime":2101,"items_purged":["Strike_G"],"score":923,"play_id":"ecddcd9c-fadc-4df2-bae1-26d845931deb","local_time":"20190213234342","is_ascension_mode":true,"campfire_choices":[{"data":"Noxious Fumes","floor":10.0,"key":"SMITH"},{"floor":12.0,"key":"REST"},{"data":"Caltrops","floor":15.0,"key":"SMITH"},{"data":"Calculated Gamble","floor":29.0,"key":"SMITH"},{"floor":32.0,"key":"REST"},{"floor":41.0,"key":"REST"},{"data":"After Image","floor":47,"key":"SMITH"},{"floor":49,"key":"REST"}],"neow_cost":"NONE","seed_source_timestamp":51160188556960,"circlet_count":0,"master_deck":["Defend_G","Defend_G","Defend_G","Defend_G","Defend_G","Strike_G","Survivor","Neutralize","Noxious Fumes+1","Unload","Bane","Sucker Punch","Caltrops+1","After Image+1","PiercingWail","Deadly Poison","Calculated Gamble+1","Dagger Spray","Dodge and Roll","Noxious Fumes","Catalyst+1","Underhanded Strike","Burst","Leg Sweep+1","Noxious Fumes","Backflip+1","Dodge and Roll+1","Adrenaline"],"special_seed":0,"relics":["Ring of the Snake","NeowsBlessing","Omamori","Centennial Puzzle","Snake Skull","Golden Idol","Vajra","Ectoplasm","Tiny Chest","TwistedFunnel","The Courier","Art of War","Shovel","Empty Cage","Mummified Hand","Smiling Mask","Bronze Scales","Pen Nib"],"potions_floor_usage":[50],"damage_taken":[{"damage":0.0,"enemies":"2 Louse","floor":1.0,"turns":2.0},{"damage":0.0,"enemies":"Jaw Worm","floor":5.0,"turns":1.0},{"damage":0.0,"enemies":"Lagavulin","floor":6.0,"turns":1.0},{"damage":0.0,"enemies":"Cultist","floor":7.0,"turns":3.0},{"damage":29.0,"enemies":"3 Sentries","floor":8.0,"turns":7.0},{"damage":1.0,"enemies":"Gremlin Nob","floor":13.0,"turns":3.0},{"damage":2.0,"enemies":"The Guardian","floor":16.0,"turns":8.0},{"damage":1.0,"enemies":"Spheric Guardian","floor":18.0,"turns":4.0},{"damage":1.0,"enemies":"Shell Parasite","floor":20.0,"turns":4.0},{"damage":9.0,"enemies":"Snake Plant","floor":23.0,"turns":4.0},{"damage":9.0,"enemies":"Centurion and Healer","floor":24.0,"turns":5.0},{"damage":11.0,"enemies":"Gremlin Leader","floor":25.0,"turns":6.0},{"damage":0.0,"enemies":"Cultist and Chosen","floor":27.0,"turns":6.0},{"damage":18.0,"enemies":"Book of Stabbing","floor":30.0,"turns":5.0},{"damage":1.0,"enemies":"Snecko","floor":31.0,"turns":4.0},{"damage":8.0,"enemies":"Collector","floor":33.0,"turns":7.0},{"damage":3.0,"enemies":"3 Shapes","floor":35.0,"turns":4.0},{"damage":0.0,"enemies":"Orb Walker","floor":39.0,"turns":2.0},{"damage":40.0,"enemies":"Nemesis","floor":40.0,"turns":9.0},{"damage":16.0,"enemies":"Jaw Worm Horde","floor":44.0,"turns":3.0},{"damage":1,"enemies":"Reptomancer","floor":46,"turns":5},{"damage":37,"enemies":"Donu and Deca","floor":50,"turns":9}],"seed_played":"7348815552134099266","potions_obtained":[{"floor":1.0,"key":"GhostInAJar"},{"floor":7.0,"key":"SpeedPotion"},{"floor":8.0,"key":"Fire Potion"},{"floor":13.0,"key":"Strength Potion"},{"floor":20.0,"key":"AttackPotion"},{"floor":25.0,"key":"Ancient Potion"},{"floor":30.0,"key":"GhostInAJar"},{"floor":33.0,"key":"SkillPotion"},{"floor":39.0,"key":"AttackPotion"},{"floor":46,"key":"Poison Potion"}],"is_trial":false,"path_per_floor":["M","?","?","$","M","E","M","E","T","R","?","R","E","?","R","B",null,"M","?","M","T","$","M","M","E","T","M","?","R","E","M","R","B",null,"M","$","?","?","M","E","R","T","T","M","$","E","R","$","R","B",null],"character_chosen":"THE_SILENT","items_purchased":["TwistedFunnel","Calculated Gamble","Noxious Fumes"],"campfire_rested":4,"item_purchase_floors":[22,22,36],"current_hp_per_floor":[70,70,75,75,75,75,75,46,46,46,28,50,49,42,42,40,75,74,74,73,73,73,64,55,44,44,44,44,44,26,25,47,39,75,72,72,72,72,72,32,54,54,54,38,38,37,37,37,59,22],"gold":18,"neow_bonus":"THREE_ENEMY_KILL","is_prod":false,"is_daily":false,"chose_seed":false,"campfire_upgraded":4,"win_rate":0,"timestamp":1550069022,"path_taken":["M","?","?","$","M","E","M","E","T","R","?","R","E","?","R","BOSS","M","?","M","?","$","M","M","E","T","?","?","R","E","M","R","BOSS","M","$","?","?","M","E","R","?","T","M","$","E","R","$","R","BOSS"],"build_version":"2019-01-23","purchased_purges":1,"victory":true,"max_hp_per_floor":[70,70,75,75,75,75,75,75,75,75,75,75,75,75,75,75,75,75,75,75,75,75,75,75,75,75,75,75,75,75,75,75,75,75,75,75,75,75,75,75,75,75,75,75,75,75,75,75,75,75],"card_choices":[{"not_picked":["Blade Dance","Deflect"],"picked":"Flying Knee","floor":1.0},{"not_picked":["Crippling Poison","Underhanded Strike"],"picked":"Noxious Fumes","floor":5.0},{"not_picked":["Masterful Stab","Eviscerate"],"picked":"Unload","floor":6.0},{"not_picked":["Underhanded Strike","Flying Knee"],"picked":"Bane","floor":7.0},{"not_picked":["Deflect","Eviscerate"],"picked":"Sucker Punch","floor":8.0},{"not_picked":["Underhanded Strike","Flying Knee"],"picked":"Caltrops","floor":13.0},{"not_picked":["Venomology","Unload"],"picked":"After Image","floor":16.0},{"not_picked":["Terror+1","Flying Knee"],"picked":"PiercingWail","floor":18.0},{"not_picked":["Masterful Stab","Infinite Blades"],"picked":"Deadly Poison","floor":20.0},{"not_picked":["Quick Slash","Accuracy","Poisoned Stab"],"picked":"SKIP","floor":23.0},{"not_picked":["Outmaneuver","Finisher"],"picked":"Dagger Spray","floor":24.0},{"not_picked":["Prepared","Envenom"],"picked":"Dodge and Roll","floor":25.0},{"not_picked":["Bouncing Flask","Flying Knee"],"picked":"Noxious Fumes","floor":27.0},{"not_picked":["Concentrate+1","Cloak And Dagger+1"],"picked":"Catalyst+1","floor":30.0},{"not_picked":["Dagger Throw+1","Caltrops"],"picked":"Underhanded Strike","floor":31.0},{"not_picked":["Doppelganger","Corpse Explosion"],"picked":"Burst","floor":33.0},{"not_picked":["Sucker Punch","Cloak And Dagger+1"],"picked":"Leg Sweep+1","floor":35.0},{"not_picked":["Masterful Stab","Cloak And Dagger+1","Dash+1"],"picked":"SKIP","floor":39.0},{"not_picked":["Deadly Poison+1","Blade Dance"],"picked":"Backflip+1","floor":40.0},{"not_picked":["Dagger Throw+1","Underhanded Strike+1"],"picked":"Dodge and Roll+1","floor":44.0},{"not_picked":["Well Laid Plans+1","Slice"],"picked":"Adrenaline","floor":46}],"player_experience":347623,"relics_obtained":[{"floor":6.0,"key":"Omamori"},{"floor":8.0,"key":"Centennial Puzzle"},{"floor":9.0,"key":"Snake Skull"},{"floor":13.0,"key":"Vajra"},{"floor":21.0,"key":"Tiny Chest"},{"floor":25.0,"key":"The Courier"},{"floor":26.0,"key":"Art of War"},{"floor":30.0,"key":"Shovel"},{"floor":40.0,"key":"Mummified Hand"},{"floor":42.0,"key":"Smiling Mask"},{"floor":43.0,"key":"Bronze Scales"},{"floor":46,"key":"Pen Nib"}],"event_choices":[{"damage_healed":0.0,"max_hp_gain":0.0,"max_hp_loss":0.0,"gold_gain":0.0,"event_name":"Liars Game","player_choice":"Ignored","floor":2.0,"gold_loss":0.0,"damage_taken":0.0},{"damage_healed":0.0,"max_hp_gain":5.0,"max_hp_loss":0.0,"gold_gain":0.0,"event_name":"Big Fish","player_choice":"Donut","floor":3.0,"gold_loss":0.0,"damage_taken":0.0},{"damage_healed":0.0,"max_hp_gain":0.0,"max_hp_loss":0.0,"gold_gain":0.0,"event_name":"Golden Idol","player_choice":"Take Damage","floor":11.0,"gold_loss":0.0,"damage_taken":18.0,"relics_obtained":["Golden Idol"]},{"cards_removed":["Strike_G"],"damage_healed":0.0,"max_hp_gain":0.0,"max_hp_loss":0.0,"gold_gain":0.0,"event_name":"Golden Wing","player_choice":"Card Removal","floor":14.0,"gold_loss":0.0,"damage_taken":7.0},{"damage_healed":0.0,"max_hp_gain":0.0,"max_hp_loss":0.0,"gold_gain":99.0,"event_name":"Nest","player_choice":"Stole From Cult","floor":28.0,"gold_loss":0.0,"damage_taken":0.0},{"damage_healed":0.0,"max_hp_gain":0.0,"max_hp_loss":0.0,"gold_gain":0.0,"event_name":"SensoryStone","player_choice":"Memory 1","floor":37.0,"gold_loss":0.0,"damage_taken":0.0},{"cards_removed":["Flying Knee"],"damage_healed":0.0,"max_hp_gain":0.0,"max_hp_loss":0.0,"gold_gain":0.0,"event_name":"Falling","player_choice":"Removed Attack","floor":38.0,"gold_loss":0.0,"damage_taken":0.0}],"is_beta":false,"boss_relics":[{"not_picked":["Lizard Tail","Astrolabe"],"picked":"Ectoplasm"},{"not_picked":["Black Star","Philosopher\u0027s Stone"],"picked":"Empty Cage"}],"items_purged_floors":[22],"is_endless":false,"potions_floor_spawned":[1,7,8,13,20,25,30,33,39,46],"ascension_level":3}