{"gold_per_floor":[113,63,63,14,14,39,39,55,55,55,69,87,87,120,120,223,223,238,249,174,193,203,203,203,220,298,298,59,59,59,59,59,160,160,178,178,78,78,96,130,130,145,145,145,0,20,20,55,55,55],"floor_reached":51,"playtime":2391,"items_purged":["Strike_R","Parasite"],"score":939,"play_id":"f1c8d8da-3f9e-419f-8f03-6ecbbd4b6ae4","local_time":"20190205223745","is_ascension_mode":true,"campfire_choices":[{"data":"Body Slam","floor":7.0,"key":"SMITH"},{"data":"Inflame","floor":10.0,"key":"SMITH"},{"data":"Shockwave","floor":13.0,"key":"SMITH"},{"data":"Heavy Blade","floor":15.0,"key":"SMITH"},{"data":"Body Slam","floor":23.0,"key":"SMITH"},{"data":"Limit Break","floor":27.0,"key":"SMITH"},{"data":"Shrug It Off","floor":29.0,"key":"SMITH"},{"data":"Bash","floor":32.0,"key":"SMITH"},{"data":"Entrench","floor":41.0,"key":"SMITH"},{"floor":44.0,"key":"REST"},{"floor":49,"key":"REST"}],"neow_cost":"NONE","seed_source_timestamp":0,"circlet_count":0,"master_deck":["Strike_R","Defend_R+1","Defend_R","Defend_R","Defend_R","Bash+1","Shrug It Off+1","Armaments+1","Body Slam+1","Inflame+1","Shockwave+1","Heavy Blade+1","Limit Break+1","Battle Trance+1","Body Slam+1","Pommel Strike+1","Heavy Blade+1","Shrug It Off+1","Fire Breathing+1","Combust+1","Entrench+1","Offering","Blind","Seeing Red+1","Shrug It Off"],"special_seed":0,"relics":["Black Blood","NeowsBlessing","Regal Pillow","Ornamental Fan","Anchor","Letter Opener","Singing Bowl","Bronze Scales","Astrolabe","Happy Flower","Charon\u0027s Ashes","Red Mask","Bag of Preparation"],"potions_floor_usage":[48,48,50],"damage_taken":[{"damage":0.0,"enemies":"Jaw Worm","floor":1.0,"turns":1.0},{"damage":0.0,"enemies":"Gremlin Nob","floor":6.0,"turns":1.0},{"damage":0.0,"enemies":"Small Slimes","floor":8.0,"turns":1.0},{"damage":0.0,"enemies":"Cultist","floor":11.0,"turns":3.0},{"damage":6.0,"enemies":"Gremlin Gang","floor":12.0,"turns":6.0},{"damage":26.0,"enemies":"3 Sentries","floor":14.0,"turns":9.0},{"damage":29.0,"enemies":"The Guardian","floor":16.0,"turns":10.0},{"damage":4.0,"enemies":"Chosen","floor":18.0,"turns":6.0},{"damage":26.0,"enemies":"Spheric Guardian","floor":19.0,"turns":6.0},{"damage":14.0,"enemies":"3 Cultists","floor":21.0,"turns":6.0},{"damage":8.0,"enemies":"Cultist and Chosen","floor":22.0,"turns":6.0},{"damage":0.0,"enemies":"Centurion and Healer","floor":25.0,"turns":3.0},{"damage":42.0,"enemies":"Champ","floor":33.0,"turns":10.0},{"damage":0.0,"enemies":"Orb Walker","floor":35.0,"turns":3.0},{"damage":27.0,"enemies":"3 Darklings","floor":39.0,"turns":4.0},{"damage":30.0,"enemies":"Giant Head","floor":40.0,"turns":6.0},{"damage":42.0,"enemies":"Maw","floor":42.0,"turns":6.0},{"damage":47.0,"enemies":"Spire Growth","floor":46.0,"turns":5.0},{"damage":17,"enemies":"Nemesis","floor":48,"turns":8},{"damage":31,"enemies":"Awakened One","floor":50,"turns":9}],"seed_played":"5056227680090613296","potions_obtained":[{"floor":8.0,"key":"GamblersBrew"},{"floor":12.0,"key":"GamblersBrew"},{"floor":14.0,"key":"EssenceOfSteel"},{"floor":18.0,"key":"SpeedPotion"},{"floor":40.0,"key":"EssenceOfSteel"},{"floor":46.0,"key":"Strength Potion"},{"floor":48,"key":"FearPotion"}],"is_trial":false,"path_per_floor":["M","?","?","$","?","E","R","M","T","R","M","M","R","E","R","B",null,"M","M","$","M","M","R","?","M","T","R","$","R","$","?","R","B",null,"M","?","$","?","M","E","R","M","T","R","?","M","$","E","R","B",null],"character_chosen":"IRONCLAD","items_purchased":["Armaments","Singing Bowl"],"campfire_rested":2,"item_purchase_floors":[4,28],"current_hp_per_floor":[80,80,64,64,64,70,70,76,76,76,80,80,80,60,60,37,69,75,59,59,55,57,57,57,67,67,67,67,67,67,67,67,37,71,83,79,79,79,64,44,44,14,14,56,56,19,19,14,56,35],"gold":55,"neow_bonus":"THREE_ENEMY_KILL","is_prod":false,"is_daily":false,"chose_seed":false,"campfire_upgraded":9,"win_rate":0,"timestamp":1549435065,"path_taken":["M","?","?","$","?","E","R","M","T","R","?","?","R","E","R","BOSS","M","M","$","M","M","R","?","?","T","R","$","R","$","?","R","BOSS","M","?","$","?","?","E","R","M","T","R","?","M","$","E","R","BOSS"],"build_version":"2019-01-23","purchased_purges":2,"victory":true,"max_hp_per_floor":[80,80,80,80,80,80,80,80,80,80,80,80,80,80,80,80,80,80,80,80,80,80,80,80,80,80,80,80,80,80,80,80,82,82,84,90,87,87,89,89,89,91,91,91,91,91,91,93,93,93],"card_choices":[{"not_picked":["Headbutt","Anger"],"picked":"Shrug It Off","floor":1.0},{"not_picked":["Iron Wave","Wild Strike"],"picked":"Body Slam","floor":6.0},{"not_picked":["Warcry","Thunderclap"],"picked":"Inflame","floor":8.0},{"not_picked":["Burning Pact","Second Wind","Flex"],"picked":"SKIP","floor":11.0},{"not_picked":["Blood for Blood","Warcry"],"picked":"Shockwave","floor":12.0},{"not_picked":["Seeing Red","Shrug It Off"],"picked":"Heavy Blade","floor":14.0},{"not_picked":["Fiend Fire","Double Tap"],"picked":"Limit Break","floor":16.0},{"not_picked":["Searing Blow","Anger"],"picked":"Battle Trance+1","floor":18.0},{"not_picked":["Twin Strike+1","Feel No Pain"],"picked":"Body Slam","floor":19.0},{"not_picked":["Dual Wield","Dropkick+1"],"picked":"Pommel Strike+1","floor":21.0},{"not_picked":["Clash","Clothesline","Searing Blow"],"picked":"SKIP","floor":22.0},{"not_picked":["Armaments","Pommel Strike"],"picked":"Shrug It Off","floor":25.0},{"not_picked":["Impervious","Fiend Fire","Brutality"],"picked":"Singing Bowl","floor":33.0},{"not_picked":["Searing Blow","Reckless Charge+1","Hemokinesis"],"picked":"Singing Bowl","floor":35.0},{"not_picked":["Chrysalis","Madness","Magnetism"],"picked":"Singing Bowl","floor":36.0},{"not_picked":["Dark Shackles","Trip","Apotheosis"],"picked":"Singing Bowl","floor":36.0},{"not_picked":["Good Instincts","Flash of Steel","Madness"],"picked":"Singing Bowl","floor":36.0},{"not_picked":["Hemokinesis","Cleave","Armaments"],"picked":"Singing Bowl","floor":39.0},{"not_picked":["Sentinel+1","Feel No Pain"],"picked":"Seeing Red+1","floor":40.0},{"not_picked":["True Grit","Hemokinesis+1","Uppercut"],"picked":"Singing Bowl","floor":42.0},{"not_picked":["Inflame+1","Pommel Strike"],"picked":"Shrug It Off","floor":46.0},{"not_picked":["Anger+1","Shockwave","Reckless Charge+1"],"picked":"Singing Bowl","floor":48}],"player_experience":273929,"relics_obtained":[{"floor":6.0,"key":"Regal Pillow"},{"floor":9.0,"key":"Ornamental Fan"},{"floor":14.0,"key":"Anchor"},{"floor":26.0,"key":"Letter Opener"},{"floor":40.0,"key":"Happy Flower"},{"floor":43.0,"key":"Charon\u0027s Ashes"},{"floor":48,"key":"Bag of Preparation"}],"event_choices":[{"cards_removed":["Strike_R"],"damage_healed":0.0,"max_hp_gain":0.0,"max_hp_loss":0.0,"gold_gain":0.0,"event_name":"The Cleric","player_choice":"Card Removal","floor":2.0,"gold_loss":50.0,"damage_taken":0.0},{"damage_healed":0.0,"max_hp_gain":0.0,"max_hp_loss":0.0,"gold_gain":0.0,"event_name":"Shining Light","player_choice":"Entered Light","floor":3.0,"gold_loss":0.0,"damage_taken":16.0,"cards_upgraded":["Defend_R","Shrug It Off"]},{"damage_healed":0.0,"max_hp_gain":0.0,"max_hp_loss":0.0,"gold_gain":0.0,"event_name":"Upgrade Shrine","player_choice":"Upgraded","floor":5.0,"gold_loss":0.0,"damage_taken":0.0,"cards_upgraded":["Armaments"]},{"damage_healed":0.0,"max_hp_gain":0.0,"max_hp_loss":0.0,"gold_gain":0.0,"event_name":"Duplicator","player_choice":"Copied","floor":24.0,"gold_loss":0.0,"damage_taken":0.0,"cards_obtained":["Heavy Blade"]},{"damage_healed":0.0,"max_hp_gain":0.0,"max_hp_loss":0.0,"gold_gain":0.0,"event_name":"Addict","player_choice":"Stole Relic","floor":31.0,"gold_loss":0.0,"damage_taken":0.0,"relics_obtained":["Bronze Scales"],"cards_obtained":["Shame"]},{"damage_healed":0.0,"max_hp_gain":0.0,"max_hp_loss":0.0,"gold_gain":0.0,"event_name":"SensoryStone","player_choice":"Memory 3","floor":36.0,"gold_loss":0.0,"damage_taken":10.0},{"damage_healed":0.0,"max_hp_gain":0.0,"max_hp_loss":0.0,"gold_gain":0.0,"event_name":"Match and Keep!","player_choice":"3 cards matched","floor":38.0,"gold_loss":0.0,"damage_taken":0.0,"cards_obtained":["Entrench","Offering","Blind"]},{"damage_healed":0.0,"max_hp_gain":0.0,"max_hp_loss":0.0,"gold_gain":0.0,"event_name":"Tomb of Lord Red Mask","player_choice":"Paid","floor":45.0,"gold_loss":145.0,"damage_taken":0.0,"relics_obtained":["Red Mask"]}],"is_beta":false,"boss_relics":[{"not_picked":["Calling Bell","Fusion Hammer"],"picked":"Black Blood"},{"not_picked":["Velvet Choker","Runic Cube"],"picked":"Astrolabe"}],"items_purged_floors":[20,37],"is_endless":false,"potions_floor_spawned":[8,12,14,18,22,40,46,48],"ascension_level":5}