{"gold_per_floor":[115,390,407,418,418,418,448,448,448,479,654,337,237,271,271,374,374,389,407,424,424,55,87,61,72,72,72,91,91,91,101,101,201,251,266,278,294,307,307,307,128,128,128,163,163,6,26,45,45,45],"floor_reached":51,"playtime":2937,"items_purged":["Regret","Regret","Doubt","Strike_G","Defend_G"],"score":1194,"play_id":"2b779927-9bca-4ce2-951e-0abd00092261","local_time":"20190220214209","is_ascension_mode":true,"campfire_choices":[{"data":"Neutralize","floor":6.0,"key":"SMITH"},{"floor":8.0,"key":"REST"},{"floor":15.0,"key":"REST"},{"data":"Apotheosis","floor":27.0,"key":"SMITH"},{"data":"After Image","floor":29.0,"key":"SMITH"},{"data":"Footwork","floor":32.0,"key":"SMITH"},{"data":"Noxious Fumes","floor":40.0,"key":"SMITH"},{"data":"Glass Knife","floor":42.0,"key":"SMITH"},{"data":"Well Laid Plans","floor":45,"key":"SMITH"},{"data":"Adrenaline","floor":49,"key":"SMITH"}],"neow_cost":"NONE","seed_source_timestamp":0,"circlet_count":0,"master_deck":["AscendersBane","Defend_G+1","Defend_G","Defend_G","Defend_G","Strike_G","Strike_G","Strike_G","Survivor","Neutralize+1","Noxious Fumes+1","Backflip","Corpse Explosion","After Image+1","Footwork+1","Apotheosis+1","Dash","Neutralize+1","Well Laid Plans+1","Cloak And Dagger","Glass Knife+1","Cloak And Dagger","Adrenaline+1"],"special_seed":0,"relics":["Ring of the Snake","NeowsBlessing","Paper Crane","Thread and Needle","Mercury Hourglass","Boot","Kunai","Busted Crown","Membership Card","Blood Vial","Darkstone Periapt","Pantograph","Tiny House","Lee\u0027s Waffle","Pocketwatch","Ancient Tea Set"],"potions_floor_usage":[48,50],"damage_taken":[{"damage":0.0,"enemies":"Small Slimes","floor":1.0,"turns":1.0},{"damage":0.0,"enemies":"Cultist","floor":3.0,"turns":1.0},{"damage":0.0,"enemies":"Jaw Worm","floor":4.0,"turns":1.0},{"damage":36.0,"enemies":"Gremlin Nob","floor":7.0,"turns":6.0},{"damage":23.0,"enemies":"Lagavulin","floor":10.0,"turns":8.0},{"damage":19.0,"enemies":"Gremlin Nob","floor":14.0,"turns":6.0},{"damage":18.0,"enemies":"The Guardian","floor":16.0,"turns":14.0},{"damage":12.0,"enemies":"3 Byrds","floor":18.0,"turns":3.0},{"damage":0.0,"enemies":"Chosen","floor":19.0,"turns":7.0},{"damage":0.0,"enemies":"3 Cultists","floor":20.0,"turns":4.0},{"damage":5.0,"enemies":"Book of Stabbing","floor":23.0,"turns":7.0},{"damage":0.0,"enemies":"Centurion and Healer","floor":25.0,"turns":5.0},{"damage":2.0,"enemies":"Snake Plant","floor":28.0,"turns":5.0},{"damage":14.0,"enemies":"Snecko","floor":31.0,"turns":7.0},{"damage":22.0,"enemies":"Collector","floor":33.0,"turns":10.0},{"damage":4.0,"enemies":"3 Darklings","floor":35.0,"turns":5.0},{"damage":0.0,"enemies":"Orb Walker","floor":36.0,"turns":4.0},{"damage":33.0,"enemies":"Writhing Mass","floor":37.0,"turns":7.0},{"damage":0.0,"enemies":"Sphere and 2 Shapes","floor":38.0,"turns":6.0},{"damage":0,"enemies":"Giant Head","floor":44,"turns":12},{"damage":11,"enemies":"3 Darklings","floor":47,"turns":3},{"damage":0,"enemies":"Writhing Mass","floor":48,"turns":8},{"damage":16,"enemies":"Donu and Deca","floor":50,"turns":9}],"seed_played":"8640622323163417637","potions_obtained":[{"floor":1.0,"key":"GamblersBrew"},{"floor":10.0,"key":"GamblersBrew"},{"floor":16.0,"key":"Strength Potion"},{"floor":20.0,"key":"GamblersBrew"},{"floor":25.0,"key":"Block Potion"},{"floor":33.0,"key":"Swift Potion"},{"floor":34.0,"key":"PowerPotion"},{"floor":38.0,"key":"Fire Potion"}],"is_trial":false,"path_per_floor":["M","?","M","M","?","R","E","R","T","E","?","$","$","E","R","B",null,"M","M","M","?","$","E","$","M","T","R","M","R","?","M","R","B",null,"M","M","M","M","?","R","$","R","T","E","R","$","M","M","R","B",null],"character_chosen":"THE_SILENT","items_purchased":["Footwork","Apotheosis","Membership Card","Well Laid Plans","Blood Vial","Cloak And Dagger","Lee\u0027s Waffle","Adrenaline"],"campfire_rested":2,"item_purchase_floors":[12,12,22,22,22,24,41,46],"current_hp_per_floor":[63,63,63,63,63,63,27,48,48,25,25,25,25,6,27,9,55,43,43,43,43,43,40,40,42,42,42,42,42,42,30,30,35,66,64,66,35,37,37,37,82,82,82,82,82,82,71,73,73,66],"gold":45,"neow_bonus":"THREE_ENEMY_KILL","is_prod":false,"is_daily":false,"chose_seed":false,"campfire_upgraded":8,"win_rate":0,"timestamp":1550727729,"path_taken":["M","?","M","?","?","R","E","R","T","E","?","?","$","E","R","BOSS","M","M","M","?","$","E","?","M","T","R","M","R","?","M","R","BOSS","M","M","?","M","?","R","?","R","T","E","R","$","M","M","R","BOSS"],"build_version":"2019-01-23","purchased_purges":5,"victory":true,"max_hp_per_floor":[70,70,70,70,70,70,70,70,70,70,70,70,70,70,70,70,70,70,70,70,70,70,70,70,70,70,70,70,70,70,70,70,70,75,75,75,75,75,75,75,82,82,82,82,82,82,82,82,82,82],"card_choices":[{"not_picked":["Flying Knee","Prepared"],"picked":"Noxious Fumes","floor":1.0},{"not_picked":["Deflect","Outmaneuver","Blade Dance"],"picked":"SKIP","floor":3.0},{"not_picked":["Accuracy","Expertise"],"picked":"Backflip","floor":4.0},{"not_picked":["PiercingWail","Blur"],"picked":"Corpse Explosion","floor":7.0},{"not_picked":["Dodge and Roll","Flying Knee"],"picked":"After Image","floor":10.0},{"not_picked":["Blade Dance","Finisher"],"picked":"Dash","floor":14.0},{"not_picked":["Skewer"],"picked":"SKIP","floor":18.0},{"not_picked":["Acrobatics"],"picked":"SKIP","floor":19.0},{"not_picked":["Bane"],"picked":"SKIP","floor":20.0},{"not_picked":["Dagger Spray"],"picked":"SKIP","floor":23.0},{"not_picked":["Acrobatics"],"picked":"SKIP","floor":25.0},{"not_picked":["Well Laid Plans"],"picked":"SKIP","floor":28.0},{"not_picked":["Backflip"],"picked":"SKIP","floor":31.0},{"not_picked":[],"picked":"Glass Knife","floor":33.0},{"not_picked":[],"picked":"Cloak And Dagger","floor":35.0},{"not_picked":["Masterful Stab+1"],"picked":"SKIP","floor":36.0},{"not_picked":["Crippling Poison"],"picked":"SKIP","floor":37.0},{"not_picked":["Dagger Throw"],"picked":"SKIP","floor":38.0},{"not_picked":["Flechettes"],"picked":"SKIP","floor":44},{"not_picked":["PiercingWail"],"picked":"SKIP","floor":47},{"not_picked":["Slice"],"picked":"SKIP","floor":48}],"player_experience":447310,"relics_obtained":[{"floor":7.0,"key":"Thread and Needle"},{"floor":9.0,"key":"Mercury Hourglass"},{"floor":10.0,"key":"Boot"},{"floor":14.0,"key":"Kunai"},{"floor":23.0,"key":"Darkstone Periapt"},{"floor":26.0,"key":"Pantograph"},{"floor":43.0,"key":"Pocketwatch"},{"floor":44,"key":"Ancient Tea Set"}],"event_choices":[{"damage_healed":0.0,"max_hp_gain":0.0,"max_hp_loss":0.0,"gold_gain":275.0,"event_name":"Golden Shrine","player_choice":"Desecrate","floor":2.0,"gold_loss":0.0,"damage_taken":0.0,"cards_obtained":["Regret"]},{"damage_healed":0.0,"max_hp_gain":0.0,"max_hp_loss":0.0,"gold_gain":0.0,"event_name":"Big Fish","player_choice":"Box","floor":5.0,"gold_loss":0.0,"damage_taken":0.0,"relics_obtained":["Paper Crane"],"cards_obtained":["Regret"]},{"damage_healed":0.0,"max_hp_gain":0.0,"max_hp_loss":0.0,"gold_gain":175.0,"event_name":"Liars Game","player_choice":"AGREE","floor":11.0,"gold_loss":0.0,"damage_taken":0.0,"cards_obtained":["Doubt"]},{"damage_healed":0.0,"max_hp_gain":0.0,"max_hp_loss":0.0,"gold_gain":0.0,"event_name":"Duplicator","player_choice":"Copied","floor":21.0,"gold_loss":0.0,"damage_taken":0.0,"cards_obtained":["Neutralize"]},{"cards_removed":["Strike_G"],"damage_healed":0.0,"max_hp_gain":0.0,"max_hp_loss":0.0,"gold_gain":0.0,"event_name":"Bonfire Elementals","player_choice":"Offered Basic","floor":30.0,"gold_loss":0.0,"damage_taken":0.0},{"damage_healed":0.0,"max_hp_gain":0.0,"max_hp_loss":0.0,"gold_gain":0.0,"event_name":"Tomb of Lord Red Mask","player_choice":"Ignored","floor":39.0,"gold_loss":0.0,"damage_taken":0.0}],"is_beta":false,"boss_relics":[{"not_picked":["Astrolabe","Calling Bell"],"picked":"Busted Crown"},{"not_picked":["HoveringKite","Fusion Hammer"],"picked":"Tiny House"}],"items_purged_floors":[12,13,22,41,46],"is_endless":false,"potions_floor_spawned":[1,10,16,20,25,28,33,35,36,38],"ascension_level":12}