{"gold_per_floor":[114,114,130,130,11,11,21,33,87,87,99,117,137,137,137,242,242,242],"floor_reached":18,"playtime":1007,"items_purged":[],"score":154,"play_id":"947d9f09-c975-4f94-bbb1-b6166e67a706","local_time":"20190112000300","is_ascension_mode":false,"campfire_choices":[{"data":"Cloak And Dagger","floor":6,"key":"SMITH"},{"data":"Well Laid Plans","floor":10,"key":"SMITH"},{"data":"Blade Dance","floor":15,"key":"SMITH"}],"neow_cost":"NONE","seed_source_timestamp":7291531642906,"circlet_count":0,"master_deck":["Defend_G","Defend_G","Defend_G","Defend_G","Defend_G","Strike_G","Strike_G","Strike_G","Strike_G","Survivor","Neutralize","Deflect","Backflip","Cloak And Dagger+1","Infinite Blades","Leg Sweep","Well Laid Plans+1","Blade Dance+1","Deflect","Night Terror"],"relics":["Ring of the Snake","Juzu Bracelet","Ectoplasm"],"potions_floor_usage":[],"damage_taken":[{"damage":3,"enemies":"Jaw Worm","floor":1,"turns":4},{"damage":0,"enemies":"Cultist","floor":3,"turns":4},{"damage":2,"enemies":"Small Slimes","floor":7,"turns":4},{"damage":5,"enemies":"2 Fungi Beasts","floor":8,"turns":5},{"damage":6,"enemies":"Exordium Wildlife","floor":11,"turns":8},{"damage":1,"enemies":"Large Slime","floor":12,"turns":6},{"damage":0,"enemies":"Looter","floor":13,"turns":4},{"damage":18,"enemies":"The Guardian","floor":16,"turns":23},{"damage":9,"enemies":"Shell Parasite","floor":18,"turns":5}],"seed_played":"-3384152885906545046","potions_obtained":[{"floor":3,"key":"Explosive Potion"},{"floor":7,"key":"SpeedPotion"},{"floor":12,"key":"SteroidPotion"},{"floor":16,"key":"GamblersBrew"}],"is_trial":false,"path_per_floor":["M","$","M","?","$","R","M","M","T","R","M","M","M","?","R","B",null,"M"],"character_chosen":"THE_SILENT","items_purchased":["Cloak And Dagger","Infinite Blades"],"campfire_rested":0,"item_purchase_floors":[5,5],"current_hp_per_floor":[67,67,67,60,60,60,58,53,53,53,47,46,46,46,46,28,70,61],"gold":242,"neow_bonus":"REMOVE_CARD","is_prod":false,"is_daily":false,"chose_seed":false,"campfire_upgraded":3,"win_rate":0,"timestamp":1547218980,"path_taken":["M","$","M","?","$","R","M","M","T","R","M","M","M","?","R","BOSS","M"],"build_version":"2019-01-10","purchased_purges":0,"victory":false,"max_hp_per_floor":[70,70,70,70,70,70,70,70,70,70,70,70,70,70,70,70,70,70],"card_choices":[{"not_picked":["Slice","Bouncing Flask"],"picked":"Deflect","floor":1},{"not_picked":["Dodge and Roll","Terror"],"picked":"Backflip","floor":3},{"not_picked":["Sucker Punch","Dagger Throw"],"picked":"Leg Sweep","floor":7},{"not_picked":["Deflect","Concentrate"],"picked":"Well Laid Plans","floor":8},{"not_picked":["After Image","Reflex"],"picked":"Blade Dance","floor":11},{"not_picked":["Riddle With Holes","Escape Plan"],"picked":"Deflect","floor":12},{"not_picked":["Flechettes","Bouncing Flask","Outmaneuver"],"picked":"SKIP","floor":13},{"not_picked":["Phantasmal Killer","Envenom"],"picked":"Night Terror","floor":16}],"player_experience":210030,"relics_obtained":[{"floor":9,"key":"Juzu Bracelet"}],"event_choices":[{"damage_healed":0,"gold_gain":0,"player_choice":"Damaged","damage_taken":7,"max_hp_gain":0,"max_hp_loss":0,"event_name":"Wheel of Change","floor":4,"gold_loss":0},{"damage_healed":0,"gold_gain":0,"player_choice":"Searched \u00270\u0027 times","damage_taken":0,"max_hp_gain":0,"max_hp_loss":0,"event_name":"Dead Adventurer","floor":14,"gold_loss":0}],"is_beta":false,"boss_relics":[{"not_picked":["Philosopher\u0027s Stone","Runic Dome"],"picked":"Ectoplasm"}],"items_purged_floors":[],"is_endless":false,"potions_floor_spawned":[3,7,12,13,16],"killed_by":"Shell Parasite","ascension_level":0}