{"gold_per_floor":[112,112,129,144,155,155,187,187,187,197,230,254,265,296,296,393,393,413,426,27,27,39,39,70,13,13,13,13,13,29,62,62,159,159,178,226,11,28,28,28,28,28,28,28,28,44,44,57,57,57,57,57,16,44,44],"floor_reached":56,"playtime":2702,"items_purged":["Pain","Slice"],"score":1604,"play_id":"765435a9-7277-4a3c-b1ac-3d80f2544786","local_time":"20190129115031","is_ascension_mode":true,"campfire_choices":[{"data":"Bouncing Flask","floor":6,"key":"SMITH"},{"floor":8,"key":"REST"},{"data":"Bouncing Flask","floor":15,"key":"SMITH"},{"data":"Bandage Up","floor":23,"key":"SMITH"},{"data":"After Image","floor":27,"key":"SMITH"},{"data":"Catalyst","floor":32,"key":"SMITH"},{"floor":40,"key":"REST"},{"floor":42,"key":"REST"},{"floor":44,"key":"RECALL"},{"floor":47,"key":"REST"},{"data":"Dark Shackles","floor":49,"key":"SMITH"},{"data":"Panacea","floor":52,"key":"SMITH"}],"neow_cost":"PERCENT_DAMAGE","seed_source_timestamp":989386421051427,"circlet_count":0,"master_deck":["Defend_G+1","Defend_G+1","Defend_G+1","Defend_G+1","Defend_G+1","Strike_G+1","Survivor","Neutralize","Corpse Explosion","Bouncing Flask+1","Noxious Fumes","Flying Knee","Poisoned Stab","Crippling Poison","Footwork","Bouncing Flask+1","Leg Sweep","Escape Plan","After Image+1","Well Laid Plans","Leg Sweep+1","The Bomb","Dark Shackles+1","Panacea+1","Bandage Up+1","Noxious Fumes+1","Footwork","Footwork","Ghostly","Ghostly","Ghostly","Ghostly","Ghostly","Catalyst+1","Doppelganger","Noxious Fumes","PiercingWail+1","Caltrops","Noxious Fumes+1","Writhe","Outmaneuver","Caltrops"],"relics":["Ring of the Snake","The Courier","Question Card","Dodecahedron","Art of War","Letter Opener","Calling Bell","Happy Flower","Paper Crane","Tough Bandages","Molten Egg 2","Bag of Marbles","Empty Cage","Calipers","Gremlin Horn","Bag of Preparation"],"potions_floor_usage":[7,11,14,16,24,31,46,50,54,55,55],"damage_taken":[{"damage":0,"enemies":"Cultist","floor":1,"turns":4},{"damage":2,"enemies":"Jaw Worm","floor":3,"turns":4},{"damage":6,"enemies":"2 Louse","floor":4,"turns":2},{"damage":0,"enemies":"2 Fungi Beasts","floor":5,"turns":2},{"damage":20,"enemies":"3 Sentries","floor":7,"turns":3},{"damage":2,"enemies":"Exordium Wildlife","floor":10,"turns":3},{"damage":12,"enemies":"Lagavulin","floor":11,"turns":6},{"damage":1,"enemies":"Looter","floor":13,"turns":4},{"damage":3,"enemies":"3 Sentries","floor":14,"turns":4},{"damage":19,"enemies":"Hexaghost","floor":16,"turns":8},{"damage":1,"enemies":"Spheric Guardian","floor":18,"turns":3},{"damage":3,"enemies":"Shell Parasite","floor":19,"turns":6},{"damage":13,"enemies":"3 Cultists","floor":22,"turns":4},{"damage":6,"enemies":"Book of Stabbing","floor":24,"turns":6},{"damage":0,"enemies":"Sentry and Sphere","floor":30,"turns":4},{"damage":0,"enemies":"Slavers","floor":31,"turns":4},{"damage":15,"enemies":"Automaton","floor":33,"turns":10},{"damage":0,"enemies":"3 Shapes","floor":35,"turns":4},{"damage":30,"enemies":"2 Orb Walkers","floor":36,"turns":7},{"damage":0,"enemies":"Orb Walker","floor":38,"turns":5},{"damage":8,"enemies":"Transient","floor":46,"turns":5},{"damage":0,"enemies":"Maw","floor":48,"turns":8},{"damage":0,"enemies":"Donu and Deca","floor":50,"turns":8},{"damage":0,"enemies":"Shield and Spear","floor":54,"turns":6},{"damage":5,"enemies":"The Heart","floor":55,"turns":8}],"seed_played":"-5816561878296733673","potions_obtained":[{"floor":1,"key":"PowerPotion"},{"floor":7,"key":"AttackPotion"},{"floor":11,"key":"Block Potion"},{"floor":13,"key":"AttackPotion"},{"floor":22,"key":"Poison Potion"},{"floor":24,"key":"PowerPotion"},{"floor":33,"key":"Weak Potion"},{"floor":36,"key":"AttackPotion"},{"floor":48,"key":"Block Potion"},{"floor":54,"key":"FairyPotion"}],"is_trial":false,"path_per_floor":["M","?","M","M","M","R","E","R","T","M","E","T","M","E","R","B",null,"M","M","$","?","M","R","E","$","T","R","?","?","M","E","R","B",null,"M","?","$","M","?","R","?","R","T","R","?","M","R","M","R","B",null,"R","$","E","B",null],"character_chosen":"THE_SILENT","items_purchased":["The Bomb","Dark Shackles","Panacea","Bandage Up","Footwork","GhostInAJar","Caltrops","PowerPotion","Swift Potion"],"campfire_rested":4,"item_purchase_floors":[20,20,20,20,25,37,37,37,53],"current_hp_per_floor":[49,49,47,41,41,41,21,42,42,40,28,28,27,24,24,5,54,53,50,50,50,41,41,41,41,41,41,35,35,35,35,35,26,33,35,5,5,5,14,24,24,34,34,34,34,30,35,35,35,35,35,35,35,35,35],"gold":44,"neow_bonus":"TRANSFORM_TWO_CARDS","is_prod":false,"is_daily":false,"chose_seed":false,"campfire_upgraded":7,"win_rate":0,"timestamp":1548780631,"path_taken":["M","?","M","M","M","R","E","R","T","M","E","?","?","E","R","BOSS","M","M","$","?","M","R","E","$","T","R","?","?","M","E","R","BOSS","M","?","$","M","?","R","?","R","T","R","?","M","R","M","R","BOSS","R","$","E","BOSS"],"build_version":"2019-01-23","purchased_purges":2,"victory":true,"max_hp_per_floor":[70,70,70,70,70,70,70,70,70,70,70,70,70,70,70,70,70,70,70,70,70,70,70,70,70,70,70,35,35,35,35,35,35,35,35,35,35,35,35,35,35,35,35,35,35,35,35,35,35,35,35,35,35,35,35],"card_choices":[{"not_picked":["Leg Sweep","Quick Slash"],"picked":"Noxious Fumes","floor":1},{"not_picked":["Tactician","Underhanded Strike"],"picked":"Flying Knee","floor":3},{"not_picked":["Dodge and Roll","Flying Knee"],"picked":"Poisoned Stab","floor":4},{"not_picked":["Dagger Throw","Distraction","Cloak And Dagger"],"picked":"SKIP","floor":5},{"not_picked":["Eviscerate","Underhanded Strike"],"picked":"Crippling Poison","floor":7},{"not_picked":["All Out Attack","Finisher","Blade Dance"],"picked":"Footwork","floor":10},{"not_picked":["Glass Knife","Leg Sweep","Choke"],"picked":"Bouncing Flask","floor":11},{"not_picked":["Outmaneuver","Endless Agony","Acrobatics"],"picked":"Leg Sweep","floor":13},{"not_picked":["Setup","Dash","Predator"],"picked":"Escape Plan","floor":14},{"not_picked":["Phantasmal Killer","A Thousand Cuts","Envenom"],"picked":"After Image","floor":16},{"not_picked":["Backflip","Dagger Throw","Quick Slash"],"picked":"Well Laid Plans","floor":18},{"not_picked":["Underhanded Strike","Skewer","Accuracy"],"picked":"Leg Sweep+1","floor":19},{"not_picked":["Footwork","Acrobatics","Outmaneuver"],"picked":"Noxious Fumes+1","floor":22},{"not_picked":["Deflect","Corpse Explosion","Expertise"],"picked":"Footwork","floor":24},{"not_picked":["Deflect","Poisoned Stab+1","Bane+1","Flying Knee+1"],"picked":"SKIP","floor":30},{"not_picked":["Acrobatics","Blade Dance","Well Laid Plans+1"],"picked":"Catalyst","floor":31},{"not_picked":["Malaise","Glass Knife+1","Unload+1"],"picked":"Doppelganger","floor":33},{"not_picked":["Poisoned Stab+1","Bouncing Flask","Eviscerate+1"],"picked":"Noxious Fumes","floor":35},{"not_picked":["Deflect","Dagger Spray+1","Poisoned Stab+1"],"picked":"PiercingWail+1","floor":36},{"not_picked":["Deadly Poison","Accuracy+1","Sucker Punch+1"],"picked":"Noxious Fumes+1","floor":38},{"not_picked":["Endless Agony+1","Predator+1","Phantasmal Killer"],"picked":"Outmaneuver","floor":46},{"not_picked":["Quick Slash+1","Leg Sweep+1","Crippling Poison"],"picked":"Caltrops","floor":48},{"not_picked":["Outmaneuver","Flying Knee+1","Poisoned Stab+1","Prepared"],"picked":"SKIP","floor":54}],"player_experience":534013,"relics_obtained":[{"floor":7,"key":"The Courier"},{"floor":9,"key":"Question Card"},{"floor":11,"key":"Dodecahedron"},{"floor":12,"key":"Art of War"},{"floor":14,"key":"Letter Opener"},{"floor":17,"key":"Happy Flower"},{"floor":17,"key":"Paper Crane"},{"floor":17,"key":"Tough Bandages"},{"floor":24,"key":"Molten Egg 2"},{"floor":31,"key":"Bag of Marbles"},{"floor":36,"key":"Calipers"},{"floor":43,"key":"Gremlin Horn"},{"floor":54,"key":"Bag of Preparation"}],"event_choices":[{"damage_healed":0,"gold_gain":0,"cards_transformed":["Strike_G"],"player_choice":"Change","damage_taken":0,"max_hp_gain":0,"max_hp_loss":0,"event_name":"Living Wall","floor":2,"gold_loss":0,"cards_obtained":["Slice"]},{"damage_healed":0,"gold_gain":0,"player_choice":"Simplicity","damage_taken":0,"max_hp_gain":0,"max_hp_loss":0,"event_name":"Back to Basics","floor":21,"gold_loss":0,"cards_upgraded":["Defend_G","Defend_G","Defend_G","Defend_G","Defend_G","Strike_G","Strike_G"]},{"damage_healed":0,"gold_gain":0,"player_choice":"Became a Ghost","damage_taken":0,"max_hp_gain":0,"max_hp_loss":35,"event_name":"Ghosts","floor":28,"gold_loss":0,"cards_obtained":["Ghostly","Ghostly","Ghostly","Ghostly","Ghostly"]},{"damage_healed":0,"gold_gain":0,"player_choice":"Fight","damage_taken":0,"max_hp_gain":0,"max_hp_loss":0,"event_name":"Mysterious Sphere","floor":36,"gold_loss":0},{"damage_healed":9,"gold_gain":0,"player_choice":"Writhe","damage_taken":0,"max_hp_gain":0,"max_hp_loss":0,"event_name":"Winding Halls","floor":39,"gold_loss":0,"cards_obtained":["Writhe"]},{"cards_removed":["Strike_G"],"damage_healed":0,"gold_gain":0,"player_choice":"Removed Attack","damage_taken":0,"max_hp_gain":0,"max_hp_loss":0,"event_name":"Falling","floor":41,"gold_loss":0},{"damage_healed":0,"gold_gain":0,"player_choice":"0 cards matched","damage_taken":0,"max_hp_gain":0,"max_hp_loss":0,"event_name":"Match and Keep!","floor":45,"gold_loss":0,"cards_obtained":[]}],"is_beta":false,"boss_relics":[{"not_picked":["Coffee Dripper","Runic Dome"],"picked":"Calling Bell"},{"not_picked":["Orrery","Pandora\u0027s Box"],"picked":"Empty Cage"}],"items_purged_floors":[20,37],"is_endless":false,"potions_floor_spawned":[1,7,11,13,22,24,33,36,38,48,54],"ascension_level":5}