{"gold_per_floor":[119,130,130,130,168,205,217,249,285,297,336,348,370,414,426,543,555,586,598,535],"floor_reached":20,"playtime":549,"items_purged":[],"score":360,"play_id":"4c8372dd-dfc7-4c33-a064-2df198876479","local_time":"20190209121619","is_ascension_mode":true,"campfire_choices":[{"data":"Streamline","floor":7,"key":"SMITH"},{"data":"Buffer","floor":10,"key":"SMITH"},{"floor":15,"key":"REST"}],"neow_cost":"NONE","seed_source_timestamp":4882411673456,"circlet_count":0,"master_deck":["AscendersBane","Strike_B","Strike_B","Strike_B","Defend_B","Defend_B","Defend_B","Defend_B","Zap","Dualcast","Leap","Gash","Streamline+1","Buffer+1","Cold Snap","Gash","Electrodynamics"],"relics":["Cracked Core","NeowsBlessing","MawBank","Potion Belt","Cables","Blood Vial","PreservedInsect","Omamori","Black Star"],"potions_floor_usage":[11,14],"damage_taken":[{"damage":0,"enemies":"Cultist","floor":1,"turns":1},{"damage":0,"enemies":"Small Slimes","floor":2,"turns":1},{"damage":0,"enemies":"3 Sentries","floor":6,"turns":1},{"damage":7,"enemies":"Jaw Worm","floor":8,"turns":2},{"damage":0,"enemies":"Gremlin Nob","floor":11,"turns":4},{"damage":9,"enemies":"Large Slime","floor":13,"turns":5},{"damage":4,"enemies":"3 Sentries","floor":14,"turns":3},{"damage":56,"enemies":"Hexaghost","floor":16,"turns":14},{"damage":37,"enemies":"3 Byrds","floor":18,"turns":5},{"damage":26,"enemies":"2 Thieves","floor":20,"turns":3}],"seed_played":"-4090125108663135269","potions_obtained":[{"floor":2,"key":"Explosive Potion"},{"floor":6,"key":"Explosive Potion"},{"floor":8,"key":"Swift Potion"},{"floor":16,"key":"Weak Potion"}],"is_trial":false,"path_per_floor":["M","M","?","?","T","E","R","M","T","R","E","?","M","E","R","B",null,"M","?","M"],"character_chosen":"DEFECT","items_purchased":[],"campfire_rested":1,"item_purchase_floors":[],"current_hp_per_floor":[68,68,68,56,56,56,56,49,49,49,51,51,44,42,64,10,59,24,24,0],"gold":535,"neow_bonus":"THREE_ENEMY_KILL","is_prod":false,"is_daily":false,"chose_seed":false,"campfire_upgraded":2,"win_rate":0,"timestamp":1549682179,"path_taken":["M","?","?","?","?","E","R","M","T","R","E","?","M","E","R","BOSS","M","?","M"],"build_version":"2019-01-23","purchased_purges":0,"victory":false,"max_hp_per_floor":[75,75,75,75,75,75,75,75,75,75,75,75,75,75,75,75,75,75,75,75],"card_choices":[{"not_picked":["Compile Driver","Sweeping Beam"],"picked":"Leap","floor":1},{"not_picked":["Barrage","Coolheaded"],"picked":"Gash","floor":2},{"not_picked":["Go for the Eyes","Scrape"],"picked":"Streamline","floor":6},{"not_picked":["Recycle","Barrage"],"picked":"Buffer","floor":8},{"not_picked":["Heatsinks","Compile Driver","Sweeping Beam"],"picked":"SKIP","floor":11},{"not_picked":["Heatsinks","Compile Driver","Sweeping Beam"],"picked":"SKIP","floor":11},{"not_picked":["Beam Cell","Melter"],"picked":"Cold Snap","floor":13},{"not_picked":["Steam","Beam Cell"],"picked":"Gash","floor":14},{"not_picked":["Reboot","Multi-Cast"],"picked":"Electrodynamics","floor":16},{"not_picked":["Compile Driver","Rebound","Beam Cell"],"picked":"SKIP","floor":18}],"player_experience":302735,"relics_obtained":[{"floor":5,"key":"Potion Belt"},{"floor":6,"key":"Cables"},{"floor":9,"key":"Blood Vial"},{"floor":11,"key":"PreservedInsect"},{"floor":14,"key":"Omamori"}],"event_choices":[{"cards_removed":["Strike_B"],"damage_healed":0,"gold_gain":0,"player_choice":"Forget","damage_taken":0,"max_hp_gain":0,"max_hp_loss":0,"event_name":"Living Wall","floor":3,"gold_loss":0},{"damage_healed":0,"gold_gain":0,"player_choice":"Success","damage_taken":12,"relics_obtained":["MawBank"],"max_hp_gain":0,"max_hp_loss":0,"event_name":"Scrap Ooze","floor":4,"gold_loss":0},{"damage_healed":0,"gold_gain":0,"player_choice":"Ignored","damage_taken":0,"max_hp_gain":0,"max_hp_loss":0,"event_name":"Liars Game","floor":12,"gold_loss":0},{"damage_healed":0,"gold_gain":0,"player_choice":"Ignored","damage_taken":0,"max_hp_gain":0,"max_hp_loss":0,"event_name":"Cursed Tome","floor":19,"gold_loss":0}],"is_beta":false,"boss_relics":[{"not_picked":["Coffee Dripper","White Beast Statue"],"picked":"Black Star"}],"items_purged_floors":[],"is_endless":false,"potions_floor_spawned":[2,6,8,16],"killed_by":"2 Thieves","ascension_level":10}