{"gold_per_floor":[115,126,142,156,156,190,190,216,216,234,234,234,260,275,275,275],"floor_reached":16,"playtime":766,"items_purged":[],"score":189,"play_id":"029d7ef3-daf2-46e0-b35c-16e0f235f9fb","local_time":"20190211114430","is_ascension_mode":true,"campfire_choices":[{"data":"Deadly Poison","floor":7,"key":"SMITH"},{"floor":12,"key":"REST"},{"data":"Well Laid Plans","floor":15,"key":"SMITH"}],"neow_cost":"NONE","seed_source_timestamp":2114334116008788,"circlet_count":0,"master_deck":["AscendersBane","Defend_G","Defend_G","Defend_G","Defend_G","Defend_G","Strike_G","Strike_G","Strike_G","Strike_G","Strike_G","Survivor","Neutralize","Well Laid Plans+1","Deadly Poison+1","Sucker Punch","PiercingWail","Deflect","Leg Sweep","Cloak And Dagger","Deflect","Predator"],"relics":["Ring of the Snake","NeowsBlessing","Calipers","Lantern","Regal Pillow","The Courier","Matryoshka"],"potions_floor_usage":[6,6,6,8,16],"damage_taken":[{"damage":0,"enemies":"Jaw Worm","floor":1,"turns":1},{"damage":0,"enemies":"Cultist","floor":2,"turns":1},{"damage":0,"enemies":"2 Louse","floor":3,"turns":1},{"damage":0,"enemies":"Gremlin Gang","floor":4,"turns":6},{"damage":35,"enemies":"3 Sentries","floor":6,"turns":10},{"damage":13,"enemies":"Gremlin Nob","floor":8,"turns":5},{"damage":6,"enemies":"2 Fungi Beasts","floor":10,"turns":4},{"damage":15,"enemies":"3 Sentries","floor":13,"turns":12},{"damage":0,"enemies":"Blue Slaver","floor":14,"turns":3},{"damage":40,"enemies":"Slime Boss","floor":16,"turns":9}],"seed_played":"7064578856173806645","potions_obtained":[{"floor":2,"key":"SkillPotion"},{"floor":5,"key":"EntropicBrew"},{"floor":8,"key":"SkillPotion"},{"floor":10,"key":"SteroidPotion"},{"floor":14,"key":"Ancient Potion"}],"is_trial":false,"path_per_floor":["M","M","M","M","?","E","R","E","T","M","?","R","E","M","R","B"],"character_chosen":"THE_SILENT","items_purchased":[],"campfire_rested":1,"item_purchase_floors":[],"current_hp_per_floor":[63,63,63,63,63,28,28,15,15,9,9,45,30,30,30,0],"gold":275,"neow_bonus":"THREE_ENEMY_KILL","is_prod":false,"is_daily":false,"chose_seed":false,"campfire_upgraded":2,"win_rate":0,"timestamp":1549903470,"path_taken":["M","M","M","M","?","E","R","E","T","?","?","R","E","M","R","BOSS"],"build_version":"2019-01-23","purchased_purges":0,"victory":false,"max_hp_per_floor":[70,70,70,70,70,70,70,70,70,70,70,70,70,70,70,70],"card_choices":[{"not_picked":["Dagger Throw","Underhanded Strike"],"picked":"Well Laid Plans","floor":1},{"not_picked":["Prepared","PiercingWail"],"picked":"Deadly Poison","floor":2},{"not_picked":["Distraction","Terror"],"picked":"Sucker Punch","floor":3},{"not_picked":["Deflect","Flying Knee"],"picked":"PiercingWail","floor":4},{"not_picked":["Prepared","Accuracy"],"picked":"Deflect","floor":6},{"not_picked":["Burst","Dagger Spray"],"picked":"Leg Sweep","floor":8},{"not_picked":["Expertise","Outmaneuver"],"picked":"Cloak And Dagger","floor":10},{"not_picked":["Outmaneuver","Calculated Gamble"],"picked":"Deflect","floor":13},{"not_picked":["Calculated Gamble","Flechettes"],"picked":"Predator","floor":14}],"player_experience":733547,"relics_obtained":[{"floor":6,"key":"Calipers"},{"floor":8,"key":"Lantern"},{"floor":9,"key":"Regal Pillow"},{"floor":13,"key":"Matryoshka"}],"event_choices":[{"damage_healed":0,"gold_gain":0,"player_choice":"Got Potions","damage_taken":0,"max_hp_gain":0,"max_hp_loss":0,"event_name":"Lab","floor":5,"gold_loss":0},{"damage_healed":0,"gold_gain":0,"player_choice":"Gave Potion","damage_taken":0,"relics_obtained":["The Courier"],"max_hp_gain":0,"max_hp_loss":0,"event_name":"WeMeetAgain","floor":11,"gold_loss":0}],"is_beta":false,"boss_relics":[],"items_purged_floors":[],"is_endless":false,"potions_floor_spawned":[2,8,10,14],"killed_by":"Slime Boss","ascension_level":11}