{"gold_per_floor":[365,10,10,26,26,26,53,53,53,86,98,128,154,173,173,273,273,289,302,84,100,114,130,49,49,97,110,7,38,38,38,38,134,134,145,155,175,190,62,62,81,4,27,53,68,96,96,125,125,125],"floor_reached":50,"playtime":3394,"items_purged":["Decay","Strike_B","Strike_B"],"score":709,"play_id":"c8e14269-6972-4d6b-a5d8-67d8ff5047b9","local_time":"20181024181748","is_ascension_mode":true,"campfire_choices":[{"data":"Tempest","floor":6,"key":"SMITH"},{"data":"Dualcast","floor":8,"key":"SMITH"},{"data":"Self Repair","floor":15,"key":"SMITH"},{"data":"Capacitor","floor":25,"key":"SMITH"},{"data":"Loop","floor":30,"key":"SMITH"},{"data":"BootSequence","floor":32,"key":"SMITH"},{"floor":40,"key":"REST"},{"floor":47,"key":"REST"},{"floor":49,"key":"REST"}],"neow_cost":"CURSE","seed_source_timestamp":776660935060405,"circlet_count":0,"master_deck":["Strike_B","Defend_B","Defend_B","Defend_B","Defend_B","Zap+1","Dualcast+1","BootSequence+1","Tempest+1","Leap+1","Self Repair+1","Rainbow+1","Compile Driver","Glacier+1","Multi-Cast+1","Compile Driver","Capacitor+1","Loop+1","Leap+1","Apotheosis+1","Chaos+1","Loop+1","Leap+1","Fission+1","Self Repair","Tempest+1","Hologram+1","Chaos+1","Secret Technique+1","Capacitor","Redo+1","Fission+1","Thunder Strike","Fusion+1"],"relics":["Cracked Core","Membership Card","Symbiotic Virus","Mummified Hand","Toxic Egg 2","Bottled Lightning","Pen Nib","Pantograph","Odd Mushroom","Empty Cage","Question Card","Happy Flower","Incense Burner","MutagenicStrength","Fusion Hammer","Strawberry","Mercury Hourglass","Boot","Cables"],"potions_floor_usage":[23,29,41,41,44,44,44,46,50,50],"damage_taken":[{"damage":4,"enemies":"Jaw Worm","floor":1,"turns":3},{"damage":0,"enemies":"Small Slimes","floor":4,"turns":2},{"damage":17,"enemies":"Lagavulin","floor":7,"turns":6},{"damage":6,"enemies":"Gremlin Nob","floor":10,"turns":3},{"damage":0,"enemies":"2 Louse","floor":11,"turns":2},{"damage":35,"enemies":"3 Sentries","floor":12,"turns":5},{"damage":1,"enemies":"The Mushroom Lair","floor":13,"turns":3},{"damage":3,"enemies":"Blue Slaver","floor":14,"turns":3},{"damage":37,"enemies":"The Guardian","floor":16,"turns":13},{"damage":10,"enemies":"Spheric Guardian","floor":18,"turns":4},{"damage":18,"enemies":"2 Thieves","floor":19,"turns":4},{"damage":24,"enemies":"Snake Plant","floor":21,"turns":4},{"damage":16,"enemies":"Cultist and Chosen","floor":22,"turns":5},{"damage":0,"enemies":"Chosen and Byrds","floor":23,"turns":5},{"damage":17,"enemies":"Shelled Parasite and Fungi","floor":27,"turns":6},{"damage":10,"enemies":"Gremlin Leader","floor":29,"turns":7},{"damage":0,"enemies":"Champ","floor":33,"turns":8},{"damage":3,"enemies":"Orb Walker","floor":35,"turns":2},{"damage":0,"enemies":"3 Darklings","floor":36,"turns":5},{"damage":17,"enemies":"Maw","floor":37,"turns":8},{"damage":32,"enemies":"Transient","floor":38,"turns":5},{"damage":45,"enemies":"Jaw Worm Horde","floor":41,"turns":6},{"damage":38,"enemies":"Reptomancer","floor":44,"turns":5},{"damage":1,"enemies":"4 Shapes","floor":45,"turns":4},{"damage":41,"enemies":"Nemesis","floor":46,"turns":5},{"damage":13,"enemies":"Giant Head","floor":48,"turns":4},{"damage":83,"enemies":"Awakened One","floor":50,"turns":9}],"seed_played":"1194817727044007951","potions_obtained":[{"floor":1,"key":"Strength Potion"},{"floor":4,"key":"SpeedPotion"},{"floor":11,"key":"SteroidPotion"},{"floor":19,"key":"Weak Potion"},{"floor":21,"key":"Regen Potion"},{"floor":29,"key":"Regen Potion"},{"floor":36,"key":"SkillPotion"},{"floor":38,"key":"EntropicBrew"},{"floor":41,"key":"FocusPotion"},{"floor":46,"key":"SkillPotion"}],"is_trial":false,"path_per_floor":["M","$","?","M","?","R","E","R","T","E","M","E","?","M","R","B",null,"M","M","$","M","M","M","$","R","T","M","$","E","R","?","R","B",null,"M","M","M","M","$","R","M","$","T","E","M","E","R","E","R"],"character_chosen":"DEFECT","items_purchased":["Membership Card","Symbiotic Virus","Capacitor","Question Card","Apotheosis+1","Loop","Secret Technique+1","Capacitor","Fission+1"],"campfire_rested":3,"item_purchase_floors":[2,2,20,20,24,28,39,39,42],"current_hp_per_floor":[71,71,71,71,71,71,54,54,54,48,55,27,33,30,30,28,75,75,67,67,53,47,71,71,71,71,64,64,64,64,64,64,75,75,75,75,75,60,60,75,46,46,53,35,44,23,47,54,78,0],"gold":125,"neow_bonus":"TWO_FIFTY_GOLD","is_prod":false,"is_daily":false,"chose_seed":false,"campfire_upgraded":6,"win_rate":0,"timestamp":1540419468,"path_taken":["M","$","?","M","?","R","E","R","T","E","M","E","?","?","R","BOSS","M","M","$","?","?","M","$","R","T","M","?","E","R","?","R","BOSS","M","M","M","M","$","R","?","?","T","E","M","E","R","E","R","BOSS"],"build_version":"2018-10-18","purchased_purges":3,"victory":false,"max_hp_per_floor":[75,75,75,75,75,75,75,75,75,75,75,75,75,75,75,75,75,75,75,75,75,75,75,75,75,75,75,75,75,75,75,75,75,75,75,75,75,75,75,75,75,75,82,82,82,82,82,82,82,82],"card_choices":[{"not_picked":["Cold Snap","Compile Driver"],"picked":"BootSequence","floor":1},{"not_picked":["Steam","Hologram"],"picked":"Tempest","floor":4},{"not_picked":["Reprogram","Storm"],"picked":"Leap","floor":7},{"not_picked":["Compile Driver","Hologram+1"],"picked":"Self Repair","floor":10},{"not_picked":["Conserve Battery+1","Redo+1"],"picked":"Rainbow+1","floor":11},{"not_picked":["Core Surge","Conserve Battery+1"],"picked":"Compile Driver","floor":12},{"not_picked":["Leap+1","Sweeping Beam"],"picked":"Glacier+1","floor":14},{"not_picked":["Reboot+1","Buffer"],"picked":"Multi-Cast+1","floor":16},{"not_picked":["Go for the Eyes+1","FTL"],"picked":"Compile Driver","floor":18},{"not_picked":["Force Field+1","Melter","Go for the Eyes+1"],"picked":"SKIP","floor":19},{"not_picked":["Rebound","Hologram+1","Turbo+1"],"picked":"Loop+1","floor":21},{"not_picked":["Hyperbeam","Rebound+1","Barrage"],"picked":"Leap+1","floor":22},{"not_picked":["Conserve Battery+1","Sweeping Beam","Compile Driver+1","Rebound"],"picked":"SKIP","floor":23},{"not_picked":["Leap+1","Compile Driver","Steam Power+1"],"picked":"Chaos+1","floor":27},{"not_picked":["Double Energy+1","Hello World","FTL"],"picked":"Leap+1","floor":29},{"not_picked":["Amplify+1","Seek+1","Multi-Cast+1"],"picked":"Fission+1","floor":33},{"not_picked":["BootSequence+1","Conserve Battery+1","Redo+1"],"picked":"Self Repair","floor":35},{"not_picked":["White Noise+1","Cold Snap+1","Sweeping Beam+1"],"picked":"Tempest+1","floor":36},{"not_picked":["Static Discharge","Go for the Eyes","Barrage+1"],"picked":"Hologram+1","floor":37},{"not_picked":["White Noise+1","Streamline+1","Melter"],"picked":"Chaos+1","floor":38},{"not_picked":["Double Energy+1","Beam Cell","Chill+1"],"picked":"Redo+1","floor":41},{"not_picked":["Ball Lightning","FTL","Skim+1","Coolheaded+1"],"picked":"SKIP","floor":44},{"not_picked":["Lockon","Reprogram+1","Blizzard","Reinforced Body+1"],"picked":"SKIP","floor":45},{"not_picked":["Lockon","Leap+1","Double Energy+1"],"picked":"Thunder Strike","floor":46},{"not_picked":["Go for the Eyes+1","Coolheaded+1","Redo+1"],"picked":"Fusion+1","floor":48}],"player_experience":239379,"relics_obtained":[{"floor":7,"key":"Toxic Egg 2"},{"floor":9,"key":"Bottled Lightning"},{"floor":10,"key":"Pen Nib"},{"floor":12,"key":"Pantograph"},{"floor":13,"key":"Odd Mushroom"},{"floor":26,"key":"Happy Flower"},{"floor":29,"key":"Incense Burner"},{"floor":43,"key":"Strawberry"},{"floor":44,"key":"Mercury Hourglass"},{"floor":46,"key":"Boot"},{"floor":48,"key":"Cables"}],"event_choices":[{"damage_healed":0,"gold_gain":0,"player_choice":"Grow","damage_taken":0,"max_hp_gain":0,"max_hp_loss":0,"event_name":"Living Wall","floor":3,"gold_loss":0,"cards_upgraded":["Zap"]},{"damage_healed":0,"gold_gain":0,"player_choice":"Box","damage_taken":0,"relics_obtained":["Mummified Hand"],"max_hp_gain":0,"max_hp_loss":0,"event_name":"Big Fish","floor":5,"gold_loss":0,"cards_obtained":["Regret"]},{"damage_healed":0,"gold_gain":0,"player_choice":"Fought Mushrooms","damage_taken":0,"max_hp_gain":0,"max_hp_loss":0,"event_name":"Mushrooms","floor":13,"gold_loss":0},{"damage_healed":0,"gold_gain":0,"player_choice":"Inject Mutagens","damage_taken":0,"relics_obtained":["MutagenicStrength"],"max_hp_gain":0,"max_hp_loss":0,"event_name":"Drug Dealer","floor":31,"gold_loss":0}],"is_beta":false,"boss_relics":[{"not_picked":["Lizard Tail","Calling Bell"],"picked":"Empty Cage"},{"not_picked":["Busted Crown","Orrery"],"picked":"Fusion Hammer"}],"items_purged_floors":[2,20,28],"is_endless":false,"potions_floor_spawned":[1,4,11,16,19,21,22,29,36,38,41,46],"killed_by":"Awakened One","ascension_level":2}