{"path_per_floor":["M","$","?","?","M","E","R","E","T","?","?","R","M","?","R","B",null,"M","?","?","$","$","R","E","M","T","M","E","M","E","?","R","B",null,"M","M","?","?","M","R","E","M","T","E","M","E","R","M","R","B"],"character_chosen":"DEFECT","items_purchased":["Hello World","Go for the Eyes","Apotheosis","Defragment+1"],"gold_per_floor":[111,12,12,12,28,61,61,104,104,104,135,135,154,119,119,249,249,262,262,262,2,2,2,35,58,58,74,108,127,163,78,78,199,199,214,228,284,284,307,307,343,368,393,431,451,492,492,505,505,505],"floor_reached":51,"campfire_rested":0,"playtime":4634,"item_purchase_floors":[],"current_hp_per_floor":[67,67,49,75,75,50,50,31,31,31,28,28,27,45,45,40,66,67,67,37,37,37,37,37,37,37,37,33,17,17,24,24,24,39,30,30,14,44,43,43,43,43,43,42,42,41,41,40,40,40],"items_purged":[],"gold":505,"score":1345,"play_id":"3774e443-cb78-4cc2-8c61-1504a889ad7f","local_time":"20180611004409","is_prod":false,"is_daily":false,"chose_seed":false,"is_ascension_mode":true,"campfire_upgraded":8,"win_rate":0,"timestamp":1528670649,"campfire_choices":[{"data":"Zap","floor":7.0,"key":"SMITH"},{"data":"Sunder","floor":12.0,"key":"SMITH"},{"data":"Capacitor","floor":15.0,"key":"SMITH"},{"data":"Apotheosis","floor":23,"key":"SMITH"},{"data":"Hello World","floor":32,"key":"SMITH"},{"data":"Ghostly","floor":40,"key":"SMITH"},{"data":"Consume","floor":47,"key":"SMITH"},{"data":"Coolheaded","floor":49,"key":"SMITH"}],"path_taken":["M","?","?","?","?","E","R","E","T","?","?","R","?","?","R","BOSS","M","?","?","?","$","R","E","?","T","M","E","M","E","?","R","BOSS","M","M","?","?","M","R","E","M","T","E","M","E","R","?","R","BOSS"],"build_version":"2018-06-07v3","seed_source_timestamp":209219180444001,"purchased_purges":0,"victory":true,"master_deck":["Strike_B+1","Defend_B+1","Defend_B+1","Zap+1","Dualcast","Sunder+1","Hello World+1","Go for the Eyes","White Noise","Capacitor+1","Undo","BootSequence","Rebound","Core Surge","Conserve Battery","Ghostly+1","Ghostly","Ghostly","Ghostly","Ghostly","Apotheosis+1","Defragment+1","Double Energy","Chill+1","Melter","Coolheaded+1","Barrage+1","Lockon+1","Fission","Sweeping Beam+1","White Noise+1","All For One+1","Leap+1","Consume+1","Leap+1","Rebound+1","Coolheaded+1","Meteor Strike","White Noise+1","Coolheaded","Force Field","Barrage+1"],"max_hp_per_floor":[75,75,75,75,75,75,75,75,75,75,75,75,75,75,75,75,75,75,75,37,37,37,37,37,37,37,37,37,37,37,44,44,44,44,44,44,44,44,44,44,44,44,44,44,44,44,44,44,44,44],"relics":["Cracked Core","Golden Idol","Ice Cream","Oddly Smooth Stone","Frozen Egg 2","Odd Mushroom","Sozu","Boot","Omamori","Happy Flower","Darkstone Periapt","Strawberry","Astrolabe","Torii","Centennial Puzzle","Pen Nib","Pantograph","Mercury Hourglass"],"card_choices":[{"not_picked":["Streamline","Reinforced Body"],"picked":"Sunder","floor":1.0},{"not_picked":["Stack","Lockon"],"picked":"White Noise","floor":5.0},{"not_picked":["Double Energy","Ball Lightning"],"picked":"Capacitor","floor":6.0},{"not_picked":["Storm","Redo"],"picked":"Undo","floor":8.0},{"not_picked":["Steam","Stack"],"picked":"BootSequence","floor":11.0},{"not_picked":["Go for the Eyes","Heatsinks+1"],"picked":"Rebound","floor":13.0},{"not_picked":["Fission","Biased Cognition+1"],"picked":"Core Surge","floor":16.0},{"not_picked":["Redo","Go for the Eyes"],"picked":"Conserve Battery","floor":18.0},{"not_picked":["White Noise","Stack"],"picked":"Double Energy","floor":24},{"not_picked":["Thunder Strike","Rebound"],"picked":"Chill+1","floor":25},{"not_picked":["Ball Lightning","Storm+1"],"picked":"Melter","floor":27},{"not_picked":["Steam","Ball Lightning"],"picked":"Coolheaded","floor":28},{"not_picked":["Streamline+1","Auto Shields"],"picked":"Barrage+1","floor":29},{"not_picked":["Scrape","Conserve Battery"],"picked":"Lockon+1","floor":30},{"not_picked":["Thunder Strike","All For One"],"picked":"Fission","floor":33},{"not_picked":["Go for the Eyes","Coolheaded"],"picked":"Leap+1","floor":35},{"not_picked":["Compile Driver","Chill"],"picked":"Consume","floor":36},{"not_picked":["Gash+1","Rebound"],"picked":"Leap+1","floor":37},{"not_picked":["Turbo+1","Biased Cognition+1"],"picked":"Rebound+1","floor":39},{"not_picked":["Stack","Beam Cell+1"],"picked":"Coolheaded+1","floor":41},{"not_picked":["Storm+1","Ball Lightning"],"picked":"Meteor Strike","floor":42},{"not_picked":["Steam+1","Go for the Eyes+1"],"picked":"White Noise+1","floor":44},{"not_picked":["Streamline","Gash"],"picked":"Coolheaded","floor":45},{"not_picked":["Sunder+1","Cold Snap"],"picked":"Force Field","floor":46},{"not_picked":["Steam Power","All For One"],"picked":"Barrage+1","floor":48}],"player_experience":497691,"potions_floor_usage":[24,50],"damage_taken":[{"damage":1.0,"enemies":"Cultist","floor":1.0,"turns":4.0},{"damage":0.0,"enemies":"2 Louse","floor":5.0,"turns":2.0},{"damage":25.0,"enemies":"Lagavulin","floor":6.0,"turns":7.0},{"damage":19.0,"enemies":"Gremlin Nob","floor":8.0,"turns":4.0},{"damage":3.0,"floor":11.0,"turns":4.0},{"damage":1.0,"enemies":"Jaw Worm","floor":13.0,"turns":2.0},{"damage":5.0,"enemies":"Slime Boss","floor":16.0,"turns":9.0},{"damage":6.0,"enemies":"3 Byrds","floor":18.0,"turns":6.0},{"damage":0,"enemies":"Slavers","floor":24,"turns":7},{"damage":0,"enemies":"Spheric Guardian","floor":25,"turns":4},{"damage":0,"enemies":"Centurion and Healer","floor":27,"turns":9},{"damage":4,"enemies":"Gremlin Leader","floor":28,"turns":10},{"damage":16,"enemies":"Cultist and Chosen","floor":29,"turns":11},{"damage":0,"enemies":"Book of Stabbing","floor":30,"turns":6},{"damage":0,"enemies":"Automaton","floor":33,"turns":10},{"damage":9,"enemies":"3 Darklings","floor":35,"turns":7},{"damage":0,"enemies":"Orb Walker","floor":36,"turns":4},{"damage":16,"floor":37,"turns":7},{"damage":1,"enemies":"Sphere and 2 Shapes","floor":39,"turns":3},{"damage":0,"enemies":"Nemesis","floor":41,"turns":7},{"damage":0,"enemies":"4 Shapes","floor":42,"turns":7},{"damage":1,"enemies":"2 Orb Walkers","floor":44,"turns":6},{"damage":0,"enemies":"3 Darklings","floor":45,"turns":2},{"damage":1,"enemies":"Nemesis","floor":46,"turns":6},{"damage":1,"enemies":"Maw","floor":48,"turns":6},{"damage":14,"enemies":"Awakened One","floor":50,"turns":14}],"relics_obtained":[{"floor":6.0,"key":"Ice Cream"},{"floor":8.0,"key":"Oddly Smooth Stone"},{"floor":9.0,"key":"Frozen Egg 2"},{"floor":11.0,"key":"Odd Mushroom"},{"floor":24,"key":"Boot"},{"floor":26,"key":"Omamori"},{"floor":28,"key":"Happy Flower"},{"floor":30,"key":"Darkstone Periapt"},{"floor":37,"key":"Torii"},{"floor":41,"key":"Centennial Puzzle"},{"floor":43,"key":"Pen Nib"},{"floor":44,"key":"Pantograph"},{"floor":46,"key":"Mercury Hourglass"}],"event_choices":[{"event_name":"Golden Idol","player_choice":"Take Damage","floor":3.0,"damage_taken":0.0},{"event_name":"Bonfire Elementals","player_choice":"UNCOMMON","floor":4.0,"damage_taken":0.0},{"event_name":"Purifier","player_choice":"One Purge","floor":10.0,"damage_taken":0.0},{"event_name":"Mushrooms","player_choice":"Fought Mushrooms","floor":11.0,"damage_taken":0.0},{"event_name":"The Cleric","player_choice":"Healed","floor":14.0,"damage_taken":0.0},{"event_name":"Back to Basics","player_choice":"Simplicity","floor":19.0,"damage_taken":0.0},{"event_name":"Ghosts","player_choice":"Became a Ghost","floor":20.0,"damage_taken":0.0},{"event_name":"Addict","player_choice":"Obtained Relic","floor":31,"damage_taken":0},{"event_name":"Mysterious Sphere","player_choice":"Fight","floor":37,"damage_taken":0},{"event_name":"Wheel of Change","player_choice":"Full Heal","floor":38,"damage_taken":0}],"boss_relics":[{"not_picked":["Runic Dome","Ectoplasm"],"picked":"Sozu"},{"not_picked":["Busted Crown","Velvet Choker"],"picked":"Astrolabe"}],"items_purged_floors":[],"potions_floor_spawned":[1,5,11,13,25,28,30,33,36,42,45,46],"seed_played":"-3479478568779996527","ascension_level":9,"potions_obtained":[{"floor":1.0,"key":"SkillPotion"},{"floor":5.0,"key":"Poison Potion"},{"floor":11.0,"key":"Poison Potion"},{"floor":13.0,"key":"Fire Potion"}],"is_trial":false}