{"gold_per_floor":[114,389,401,12,28,28,57,69,105,147,175,187,213,258,270,384,396,425,49,62,62,73,73,85,85,85,118,118,138,19,34,34,34],"floor_reached":33,"playtime":2225,"items_purged":["Regret","Strike_G"],"score":359,"play_id":"16fef824-5aa1-4f22-8032-66c63094e0b9","local_time":"20190126132917","is_ascension_mode":true,"campfire_choices":[{"data":"Noxious Fumes","floor":6,"key":"SMITH"},{"data":"Neutralize","floor":8,"key":"SMITH"},{"floor":12,"key":"REST"},{"floor":15,"key":"REST"},{"floor":23,"key":"REST"},{"data":"Malaise","floor":25,"key":"SMITH"},{"floor":32,"key":"REST"}],"neow_cost":"NONE","seed_source_timestamp":62500335185609,"circlet_count":0,"master_deck":["Defend_G","Defend_G","Defend_G","Defend_G","Defend_G","Strike_G","Strike_G","Strike_G","Strike_G","Survivor","Neutralize+1","Catalyst","Prepared","Noxious Fumes+1","Poisoned Stab+1","Backflip","Deadly Poison","Quick Slash+1","Venomology","Sucker Punch+1","Malaise+1","Deflect","Bouncing Flask+1","Writhe","Dagger Spray+1","Underhanded Strike+1","Cloak And Dagger","Noxious Fumes","Cloak And Dagger"],"relics":["Ring of the Snake","NeowsBlessing","Molten Egg 2","MawBank","Boot","Incense Burner","FossilizedHelix","HoveringKite","Membership Card","Tiny Chest","Happy Flower","Matryoshka","Ninja Scroll","Snake Skull"],"potions_floor_usage":[14,16,16,20,22,24,24,27,27,27,27,29,31,31,33,33],"damage_taken":[{"damage":0,"enemies":"Small Slimes","floor":1,"turns":1},{"damage":0,"enemies":"Cultist","floor":3,"turns":1},{"damage":0,"enemies":"2 Louse","floor":5,"turns":1},{"damage":24,"enemies":"3 Sentries","floor":7,"turns":8},{"damage":18,"enemies":"Gremlin Nob","floor":10,"turns":4},{"damage":0,"enemies":"2 Fungi Beasts","floor":11,"turns":4},{"damage":0,"enemies":"Exordium Wildlife","floor":13,"turns":3},{"damage":32,"enemies":"3 Sentries","floor":14,"turns":6},{"damage":13,"enemies":"Hexaghost","floor":16,"turns":7},{"damage":26,"enemies":"3 Byrds","floor":18,"turns":5},{"damage":0,"enemies":"Chosen","floor":20,"turns":7},{"damage":36,"enemies":"Snake Plant","floor":22,"turns":4},{"damage":4,"enemies":"Snecko","floor":24,"turns":5},{"damage":11,"enemies":"Gremlin Leader","floor":27,"turns":7},{"damage":20,"enemies":"Centurion and Healer","floor":29,"turns":7},{"damage":2,"enemies":"Shelled Parasite and Fungi","floor":31,"turns":4},{"damage":60,"enemies":"Automaton","floor":33,"turns":6}],"seed_played":"4863505357803393433","potions_obtained":[{"floor":1,"key":"SkillPotion"},{"floor":7,"key":"Strength Potion"},{"floor":10,"key":"Weak Potion"},{"floor":11,"key":"PowerPotion"},{"floor":14,"key":"Regen Potion"},{"floor":20,"key":"EntropicBrew"},{"floor":27,"key":"GhostInAJar"},{"floor":29,"key":"Swift Potion"}],"is_trial":false,"path_per_floor":["M","?","M","$","M","R","E","R","T","E","M","R","M","E","R","B",null,"M","$","M","?","M","R","M","R","T","E","?","M","$","M","R","B"],"character_chosen":"THE_SILENT","items_purchased":["Molten Egg 2","Noxious Fumes","Membership Card","Malaise","Tiny Chest","Deflect","Snake Skull","Noxious Fumes"],"campfire_rested":4,"item_purchase_floors":[4,4,19,19,19,19,30,30],"current_hp_per_floor":[70,70,70,70,70,70,46,46,46,28,28,49,49,17,38,40,63,37,37,37,37,1,22,18,18,18,7,30,10,10,8,29,0],"gold":34,"neow_bonus":"THREE_ENEMY_KILL","is_prod":false,"is_daily":false,"chose_seed":false,"campfire_upgraded":3,"win_rate":0,"timestamp":1548538157,"path_taken":["M","?","?","$","M","R","E","R","T","E","M","R","M","E","R","BOSS","M","?","?","?","M","R","M","R","T","E","?","M","?","?","R","BOSS"],"build_version":"2019-01-23","purchased_purges":2,"victory":false,"max_hp_per_floor":[70,70,70,70,70,70,70,70,70,70,70,70,70,70,70,70,70,70,70,70,70,70,70,70,70,70,70,70,70,70,70,70,70],"card_choices":[{"not_picked":["Slice","Acrobatics"],"picked":"Catalyst","floor":1},{"not_picked":["Finisher","Flying Knee"],"picked":"Prepared","floor":3},{"not_picked":["Deflect","Quick Slash+1"],"picked":"Poisoned Stab+1","floor":5},{"not_picked":["Setup","Cloak And Dagger"],"picked":"Backflip","floor":7},{"not_picked":["Phantasmal Killer","Outmaneuver"],"picked":"Deadly Poison","floor":10},{"not_picked":["Leg Sweep","Outmaneuver","Distraction"],"picked":"SKIP","floor":11},{"not_picked":["Slice+1","Choke+1"],"picked":"Quick Slash+1","floor":13},{"not_picked":["Blur","PiercingWail","Infinite Blades"],"picked":"SKIP","floor":14},{"not_picked":["Wraith Form v2","Bullet Time"],"picked":"Venomology","floor":16},{"not_picked":["Dodge and Roll","Dagger Throw+1"],"picked":"Sucker Punch+1","floor":18},{"not_picked":["Acrobatics","All Out Attack+1"],"picked":"Bouncing Flask+1","floor":20},{"not_picked":["Sucker Punch+1","Outmaneuver"],"picked":"Dagger Spray+1","floor":22},{"not_picked":["Escape Plan","Quick Slash+1"],"picked":"Underhanded Strike+1","floor":24},{"not_picked":["Distraction","Deadly Poison","Finisher+1"],"picked":"SKIP","floor":27},{"not_picked":["Storm of Steel","Dodge and Roll"],"picked":"Cloak And Dagger","floor":29},{"not_picked":["Finisher+1","Flying Knee+1"],"picked":"Cloak And Dagger","floor":31}],"player_experience":229766,"relics_obtained":[{"floor":7,"key":"MawBank"},{"floor":9,"key":"Boot"},{"floor":10,"key":"Incense Burner"},{"floor":14,"key":"FossilizedHelix"},{"floor":26,"key":"Matryoshka"},{"floor":27,"key":"Ninja Scroll"}],"event_choices":[{"damage_healed":0,"gold_gain":275,"player_choice":"Desecrate","damage_taken":0,"max_hp_gain":0,"max_hp_loss":0,"event_name":"Golden Shrine","floor":2,"gold_loss":0,"cards_obtained":["Regret"]},{"damage_healed":0,"gold_gain":0,"player_choice":"Opened","damage_taken":0,"relics_obtained":["Happy Flower"],"max_hp_gain":0,"max_hp_loss":0,"event_name":"The Mausoleum","floor":21,"gold_loss":0,"cards_obtained":["Writhe"]},{"damage_healed":23,"gold_gain":0,"player_choice":"Heal","damage_taken":0,"max_hp_gain":0,"max_hp_loss":0,"event_name":"The Library","floor":28,"gold_loss":0}],"is_beta":false,"boss_relics":[{"not_picked":["WristBlade","Philosopher\u0027s Stone"],"picked":"HoveringKite"}],"items_purged_floors":[4,19],"is_endless":false,"potions_floor_spawned":[1,7,10,11,14,20,27,29],"killed_by":"Automaton","ascension_level":5}