{"gold_per_floor":[116,166,180,199,210,210,226,261,261,294,62,62,75,88,88,88],"floor_reached":16,"playtime":577,"items_purged":["Strike_R"],"score":222,"play_id":"6dacf988-7da5-44ec-9997-b137d32af9fb","local_time":"20190131140402","is_ascension_mode":true,"campfire_choices":[{"data":"Perfected Strike","floor":6,"key":"SMITH"},{"data":"Clothesline","floor":15,"key":"SMITH"}],"neow_cost":"NONE","seed_source_timestamp":1172387325810832,"circlet_count":0,"master_deck":["AscendersBane","Strike_R","Strike_R","Strike_R","Strike_R","Defend_R","Defend_R+1","Defend_R","Defend_R+1","Bash","Pommel Strike","Searing Blow","Perfected Strike+1","Metallicize","Clothesline+1","Shrug It Off","Inflame","Shrug It Off"],"relics":["Burning Blood","NeowsBlessing","Potion Belt","Bottled Lightning","Anchor","War Paint"],"potions_floor_usage":[8,8,13,16],"damage_taken":[{"damage":0,"enemies":"2 Louse","floor":1,"turns":1},{"damage":0,"enemies":"Cultist","floor":3,"turns":1},{"damage":0,"enemies":"Small Slimes","floor":4,"turns":1},{"damage":11,"enemies":"Blue Slaver","floor":5,"turns":3},{"damage":30,"enemies":"Exordium Wildlife","floor":7,"turns":7},{"damage":24,"enemies":"Lagavulin","floor":8,"turns":5},{"damage":16,"enemies":"3 Sentries","floor":10,"turns":8},{"damage":0,"enemies":"Exordium Thugs","floor":13,"turns":5},{"damage":2,"enemies":"Blue Slaver","floor":14,"turns":4},{"damage":33,"enemies":"The Guardian","floor":16,"turns":10}],"seed_played":"4579478531153426219","potions_obtained":[{"floor":3,"key":"BloodPotion"},{"floor":5,"key":"Weak Potion"},{"floor":7,"key":"Strength Potion"},{"floor":8,"key":"Poison Potion"},{"floor":14,"key":"Dexterity Potion"}],"is_trial":false,"path_per_floor":["M","?","M","M","M","R","M","E","T","E","$","?","M","M","R","B"],"character_chosen":"IRONCLAD","items_purchased":["War Paint"],"campfire_rested":0,"item_purchase_floors":[11],"current_hp_per_floor":[74,67,73,75,70,70,46,28,28,18,18,18,24,28,28,0],"gold":88,"neow_bonus":"THREE_ENEMY_KILL","is_prod":false,"is_daily":false,"chose_seed":false,"campfire_upgraded":2,"win_rate":0,"timestamp":1548961442,"path_taken":["M","?","M","?","M","R","M","E","T","E","$","?","M","M","R","BOSS"],"build_version":"2019-01-23","purchased_purges":1,"victory":false,"max_hp_per_floor":[75,75,75,75,75,75,75,75,75,75,75,75,75,75,75,75],"card_choices":[{"not_picked":["Twin Strike","Cleave"],"picked":"Pommel Strike","floor":1},{"not_picked":["Infernal Blade","Heavy Blade"],"picked":"Searing Blow","floor":3},{"not_picked":["Uppercut","Clash"],"picked":"Perfected Strike","floor":4},{"not_picked":["Warcry","Sword Boomerang"],"picked":"Metallicize","floor":5},{"not_picked":["Warcry","Pommel Strike"],"picked":"Clothesline","floor":7},{"not_picked":["Twin Strike","Searing Blow"],"picked":"Shrug It Off","floor":8},{"not_picked":["Clash","Second Wind"],"picked":"Inflame","floor":10},{"not_picked":["True Grit","Dark Embrace"],"picked":"Shrug It Off","floor":13},{"not_picked":["Thunderclap","Body Slam","Wild Strike"],"picked":"SKIP","floor":14}],"player_experience":601295,"relics_obtained":[{"floor":8,"key":"Potion Belt"},{"floor":9,"key":"Bottled Lightning"},{"floor":10,"key":"Anchor"}],"event_choices":[{"damage_healed":0,"gold_gain":50,"player_choice":"Touch","damage_taken":7,"max_hp_gain":0,"max_hp_loss":0,"event_name":"FaceTrader","floor":2,"gold_loss":0},{"damage_healed":0,"gold_gain":0,"player_choice":"Ignored","damage_taken":0,"max_hp_gain":0,"max_hp_loss":0,"event_name":"Liars Game","floor":12,"gold_loss":0}],"is_beta":false,"boss_relics":[],"items_purged_floors":[11],"is_endless":false,"potions_floor_spawned":[3,5,7,8,14],"killed_by":"The Guardian","ascension_level":19}