{"gold_per_floor":[116,136,9,184,184,197,214,249,249,268,16,34,34,44,44,44],"floor_reached":16,"playtime":567,"items_purged":["Strike_B","Strike_B"],"score":151,"play_id":"5c4dfb7e-2bc2-4ea2-aa9d-bdf5bf36ddf4","local_time":"20190126175206","is_ascension_mode":true,"campfire_choices":[{"floor":13,"key":"REST"},{"floor":15,"key":"REST"}],"neow_cost":"TEN_PERCENT_HP_LOSS","seed_source_timestamp":754037365936973,"circlet_count":0,"master_deck":["Strike_B","Strike_B","Defend_B","Defend_B","Defend_B","Defend_B","Zap","Dualcast","Capacitor","Gash","Beam Cell","Biased Cognition","Gash"],"relics":["Cracked Core","Unceasing Top","Bronze Scales","Membership Card"],"potions_floor_usage":[8,8,16,16],"damage_taken":[{"damage":1,"enemies":"2 Louse","floor":1,"turns":2},{"damage":8,"enemies":"Small Slimes","floor":2,"turns":3},{"damage":1,"enemies":"Cultist","floor":6,"turns":4},{"damage":11,"enemies":"Blue Slaver","floor":7,"turns":3},{"damage":10,"enemies":"Gremlin Nob","floor":8,"turns":3},{"damage":6,"enemies":"Exordium Wildlife","floor":10,"turns":3},{"damage":11,"enemies":"2 Fungi Beasts","floor":12,"turns":3},{"damage":23,"enemies":"Lots of Slimes","floor":14,"turns":3},{"damage":47,"enemies":"Slime Boss","floor":16,"turns":6}],"seed_played":"-8737557177679634581","potions_obtained":[{"floor":1,"key":"Strength Potion"},{"floor":6,"key":"SpeedPotion"},{"floor":8,"key":"PowerPotion"},{"floor":10,"key":"Dexterity Potion"}],"is_trial":false,"path_per_floor":["M","M","$","?","?","M","M","E","T","M","$","M","R","M","R","B"],"character_chosen":"DEFECT","items_purchased":["Strength Potion","Membership Card"],"campfire_rested":2,"item_purchase_floors":[3,11],"current_hp_per_floor":[67,59,59,59,59,58,47,37,37,31,31,20,40,17,37,0],"gold":44,"neow_bonus":"ONE_RARE_RELIC","is_prod":false,"is_daily":false,"chose_seed":false,"campfire_upgraded":0,"win_rate":0,"timestamp":1548543126,"path_taken":["M","M","$","?","?","M","?","E","T","M","$","M","R","M","R","BOSS"],"build_version":"2019-01-23","purchased_purges":2,"victory":false,"max_hp_per_floor":[68,68,68,68,68,68,68,68,68,68,68,68,68,68,68,68],"card_choices":[{"not_picked":["Glacier","Ball Lightning","Cold Snap"],"picked":"SKIP","floor":1},{"not_picked":["Cold Snap","Leap"],"picked":"Capacitor","floor":2},{"not_picked":["BootSequence","Conserve Battery"],"picked":"Gash","floor":6},{"not_picked":["Melter","Doom and Gloom"],"picked":"Beam Cell","floor":7},{"not_picked":["Barrage","Force Field"],"picked":"Biased Cognition","floor":8},{"not_picked":["Tempest","Barrage"],"picked":"Gash","floor":10},{"not_picked":["Sunder","Blizzard","Leap"],"picked":"SKIP","floor":12},{"not_picked":["Rip and Tear","Leap","Ball Lightning"],"picked":"SKIP","floor":14}],"player_experience":477625,"relics_obtained":[{"floor":8,"key":"Bronze Scales"}],"event_choices":[{"damage_healed":0,"gold_gain":175,"player_choice":"AGREE","damage_taken":0,"max_hp_gain":0,"max_hp_loss":0,"event_name":"Liars Game","floor":4,"gold_loss":0,"cards_obtained":["Doubt"]},{"cards_removed":["Doubt"],"damage_healed":0,"gold_gain":0,"player_choice":"Removed Curses","damage_taken":0,"max_hp_gain":0,"max_hp_loss":0,"event_name":"Fountain of Cleansing","floor":5,"gold_loss":0}],"is_beta":false,"boss_relics":[],"items_purged_floors":[3,11],"is_endless":false,"potions_floor_spawned":[1,6,8,10],"killed_by":"Slime Boss","ascension_level":9}