{"gold_per_floor":[114,133,23,23,23,23,84,84,156,190,140,160,171,191,191,191],"floor_reached":16,"playtime":541,"items_purged":["Strike_B"],"score":155,"play_id":"20d5253a-85f4-4859-9742-02ff2439d388","local_time":"20190127213124","is_ascension_mode":true,"campfire_choices":[{"data":"Storm","floor":6,"key":"SMITH"},{"data":"Self Repair","floor":8,"key":"SMITH"},{"data":"Redo","floor":15,"key":"SMITH"}],"neow_cost":"NONE","seed_source_timestamp":853634932575282,"circlet_count":0,"master_deck":["AscendersBane","Strike_B","Strike_B","Defend_B","Defend_B","Defend_B","Zap","Dualcast","Force Field","Coolheaded","Storm+1","Self Repair+1","Recycle","Biased Cognition","Consume","Redo+1"],"relics":["Cracked Core","NeowsBlessing","Darkstone Periapt","Pantograph","FossilizedHelix"],"potions_floor_usage":[],"damage_taken":[{"damage":0,"enemies":"2 Louse","floor":1,"turns":1},{"damage":0,"enemies":"Small Slimes","floor":2,"turns":1},{"damage":0,"enemies":"Lagavulin Event","floor":7,"turns":1},{"damage":52,"enemies":"3 Sentries","floor":10,"turns":16},{"damage":0,"enemies":"Jaw Worm","floor":12,"turns":3},{"damage":0,"enemies":"Large Slime","floor":13,"turns":5},{"damage":0,"enemies":"Exordium Wildlife","floor":14,"turns":4},{"damage":49,"enemies":"Hexaghost","floor":16,"turns":13}],"seed_played":"8404971836866319255","potions_obtained":[{"floor":1,"key":"FearPotion"},{"floor":13,"key":"EssenceOfSteel"}],"is_trial":false,"path_per_floor":["M","M","$","?","?","R","?","R","T","E","?","M","M","M","R","B"],"character_chosen":"DEFECT","items_purchased":["Storm"],"campfire_rested":0,"item_purchase_floors":[3],"current_hp_per_floor":[68,68,68,61,66,66,66,66,66,24,24,34,44,44,44,20],"gold":191,"neow_bonus":"THREE_ENEMY_KILL","is_prod":false,"is_daily":false,"chose_seed":false,"campfire_upgraded":3,"win_rate":0,"timestamp":1548642684,"path_taken":["M","M","$","?","?","R","?","R","T","E","?","M","?","M","R","BOSS"],"build_version":"2019-01-23","purchased_purges":1,"victory":false,"max_hp_per_floor":[75,75,75,75,80,80,80,80,80,80,80,80,80,80,80,80],"card_choices":[{"not_picked":["Beam Cell","Cold Snap"],"picked":"Force Field","floor":1},{"not_picked":["Leap","Gash"],"picked":"Coolheaded","floor":2},{"not_picked":["Aggregate","BootSequence"],"picked":"Self Repair","floor":7},{"not_picked":["Darkness","Stack"],"picked":"Recycle","floor":10},{"not_picked":["Rip and Tear","Conserve Battery"],"picked":"Biased Cognition","floor":12},{"not_picked":["Aggregate","Go for the Eyes"],"picked":"Consume","floor":13},{"not_picked":["Leap","Rebound"],"picked":"Redo","floor":14}],"player_experience":509739,"relics_obtained":[{"floor":7,"key":"Darkstone Periapt"},{"floor":9,"key":"Pantograph"},{"floor":10,"key":"FossilizedHelix"}],"event_choices":[{"cards_removed":["Strike_B"],"damage_healed":0,"gold_gain":0,"player_choice":"Card Removal","damage_taken":7,"max_hp_gain":0,"max_hp_loss":0,"event_name":"Golden Wing","floor":4,"gold_loss":0},{"damage_healed":0,"gold_gain":0,"player_choice":"Donut","damage_taken":0,"max_hp_gain":5,"max_hp_loss":0,"event_name":"Big Fish","floor":5,"gold_loss":0},{"damage_healed":0,"gold_gain":0,"player_choice":"Searched \u00272\u0027 times","damage_taken":0,"max_hp_gain":0,"max_hp_loss":0,"event_name":"Dead Adventurer","floor":7,"gold_loss":0},{"cards_removed":["Defend_B"],"damage_healed":0,"gold_gain":0,"player_choice":"Card Removal","damage_taken":0,"max_hp_gain":0,"max_hp_loss":0,"event_name":"The Cleric","floor":11,"gold_loss":50}],"is_beta":false,"boss_relics":[],"items_purged_floors":[3],"is_endless":false,"potions_floor_spawned":[1,13],"killed_by":"Hexaghost","ascension_level":11}