{"gold_per_floor":[113,113,59,72,72,106,106,117,117,131,166,181,181,192,192,267,267,282,296,2,2,21,21,53,53,121,171,171,171,196,210,210,284,284,300,300,317,115,130,130,161,161],"floor_reached":42,"playtime":1411,"items_purged":["Strike_B","Defend_B"],"score":952,"play_id":"1414b282-43af-4dfa-9d23-ca858eaa27a0","local_time":"20190214175013","is_ascension_mode":true,"campfire_choices":[{"data":"Defragment","floor":13.0,"key":"SMITH"},{"data":"Streamline","floor":15.0,"key":"SMITH"},{"floor":23.0,"key":"REST"},{"floor":25.0,"key":"REST"},{"data":"Defragment","floor":29.0,"key":"SMITH"},{"floor":32.0,"key":"REST"},{"floor":40,"key":"REST"}],"neow_cost":"NONE","seed_source_timestamp":27983443125830,"circlet_count":0,"master_deck":["AscendersBane","Defend_B","Defend_B+1","Zap+1","Dualcast","Gash","Gash","Cold Snap","Cold Snap","Beam Cell","Streamline+1","Defragment+1","Leap","Hyperbeam","Gash","Go for the Eyes","Defragment+1","Biased Cognition","Leap","Electrodynamics","Go for the Eyes+1","Coolheaded+1","Ball Lightning+1","Defragment"],"special_seed":0,"relics":["Cracked Core","NeowsBlessing","Mercury Hourglass","War Paint","Meat on the Bone","Bottled Flame","White Beast Statue","ClockworkSouvenir","Du-Vu Doll","Molten Egg 2","Happy Flower","Empty Cage","Boot"],"potions_floor_usage":[41],"damage_taken":[{"damage":0.0,"enemies":"Small Slimes","floor":1.0,"turns":1.0},{"damage":0.0,"enemies":"Jaw Worm","floor":4.0,"turns":1.0},{"damage":0.0,"enemies":"Gremlin Nob","floor":6.0,"turns":1.0},{"damage":0.0,"enemies":"Cultist","floor":8.0,"turns":3.0},{"damage":5.0,"enemies":"3 Louse","floor":10.0,"turns":2.0},{"damage":17.0,"enemies":"Lagavulin","floor":11.0,"turns":5.0},{"damage":0.0,"enemies":"Large Slime","floor":12.0,"turns":4.0},{"damage":0.0,"enemies":"Lots of Slimes","floor":14.0,"turns":1.0},{"damage":21.0,"enemies":"Hexaghost","floor":16.0,"turns":9.0},{"damage":14.0,"enemies":"Spheric Guardian","floor":18.0,"turns":4.0},{"damage":10.0,"enemies":"Shell Parasite","floor":19.0,"turns":3.0},{"damage":34.0,"enemies":"Snake Plant","floor":22.0,"turns":3.0},{"damage":31.0,"enemies":"Gremlin Leader","floor":24.0,"turns":6.0},{"damage":24.0,"enemies":"Slavers","floor":30.0,"turns":4.0},{"damage":13.0,"enemies":"Centurion and Healer","floor":31.0,"turns":5.0},{"damage":57.0,"enemies":"Champ","floor":33.0,"turns":12.0},{"damage":24.0,"enemies":"3 Darklings","floor":35.0,"turns":2.0},{"damage":2.0,"enemies":"3 Shapes","floor":37.0,"turns":4.0},{"damage":13,"enemies":"Spire Growth","floor":39,"turns":5},{"damage":43,"enemies":"Giant Head","floor":41,"turns":10},{"damage":35,"enemies":"Transient","floor":42,"turns":4}],"seed_played":"-6714768449610948470","potions_obtained":[{"floor":6.0,"key":"FearPotion"},{"floor":8.0,"key":"Explosive Potion"},{"floor":10.0,"key":"Regen Potion"},{"floor":12.0,"key":"AttackPotion"},{"floor":16.0,"key":"PowerPotion"},{"floor":18.0,"key":"Energy Potion"},{"floor":19.0,"key":"FearPotion"},{"floor":22.0,"key":"Regen Potion"},{"floor":24.0,"key":"Block Potion"},{"floor":30.0,"key":"SpeedPotion"},{"floor":31.0,"key":"FocusPotion"},{"floor":33.0,"key":"LiquidBronze"},{"floor":35.0,"key":"Swift Potion"},{"floor":37.0,"key":"Weak Potion"},{"floor":41,"key":"LiquidBronze"}],"is_trial":false,"path_per_floor":["M","?","$","M","?","E","?","M","T","M","E","M","R","M","R","B",null,"M","M","$","?","M","R","E","R","T","?","?","R","E","M","R","B",null,"M","?","M","$","M","R","E","M"],"character_chosen":"DEFECT","items_purchased":["Gash","ClockworkSouvenir","Ball Lightning+1","Defragment"],"campfire_rested":4,"item_purchase_floors":[3,20,38,38],"current_hp_per_floor":[64,57,57,57,57,57,57,57,57,52,47,47,47,47,47,38,63,49,39,39,53,31,52,36,57,57,57,57,57,45,44,65,20,58,46,46,44,44,43,64,33,0],"gold":161,"neow_bonus":"THREE_ENEMY_KILL","is_prod":false,"is_daily":false,"chose_seed":false,"campfire_upgraded":3,"win_rate":0,"timestamp":1550134213,"path_taken":["M","?","$","M","?","E","?","M","T","M","E","M","R","M","R","BOSS","M","M","$","?","M","R","E","R","T","?","?","R","E","M","R","BOSS","M","?","M","$","M","R","E","M"],"build_version":"2019-01-23","purchased_purges":2,"victory":false,"max_hp_per_floor":[71,71,71,71,71,71,71,71,71,71,71,71,71,71,71,71,71,71,71,71,71,71,71,71,71,71,71,71,71,71,71,71,71,71,71,71,71,71,71,71,71,71],"card_choices":[{"not_picked":["Hologram","Sunder"],"picked":"Gash","floor":1.0},{"not_picked":["Melter","Chaos"],"picked":"Cold Snap","floor":4.0},{"not_picked":["White Noise","Rebound"],"picked":"Cold Snap","floor":6.0},{"not_picked":["Darkness","Compile Driver"],"picked":"Beam Cell","floor":8.0},{"not_picked":["Fusion","Sweeping Beam"],"picked":"Streamline","floor":10.0},{"not_picked":["Capacitor","Multi-Cast"],"picked":"Defragment","floor":11.0},{"not_picked":["Turbo","Aggregate","Compile Driver"],"picked":"SKIP","floor":12.0},{"not_picked":["Reinforced Body","Compile Driver"],"picked":"Leap","floor":14.0},{"not_picked":["Thunder Strike","Echo Form"],"picked":"Hyperbeam","floor":16.0},{"not_picked":["Barrage","Turbo","Blizzard"],"picked":"SKIP","floor":18.0},{"not_picked":["Beam Cell","Ball Lightning"],"picked":"Gash","floor":19.0},{"not_picked":["Melter","Steam Power"],"picked":"Go for the Eyes","floor":22.0},{"not_picked":["Blizzard","Barrage"],"picked":"Defragment","floor":24.0},{"not_picked":["Gash+1","Undo"],"picked":"Biased Cognition","floor":30.0},{"not_picked":["Static Discharge","Steam"],"picked":"Leap","floor":31.0},{"not_picked":["Biased Cognition","Hyperbeam+1"],"picked":"Electrodynamics","floor":33.0},{"not_picked":["Conserve Battery","Chaos"],"picked":"Go for the Eyes+1","floor":35.0},{"not_picked":["Chaos+1","Loop"],"picked":"Coolheaded+1","floor":37.0},{"not_picked":["Genetic Algorithm","Chaos+1","Tempest"],"picked":"SKIP","floor":39},{"not_picked":["Cold Snap+1","Steam+1","Force Field"],"picked":"SKIP","floor":41}],"player_experience":359456,"relics_obtained":[{"floor":6.0,"key":"Mercury Hourglass"},{"floor":7.0,"key":"War Paint"},{"floor":9.0,"key":"Meat on the Bone"},{"floor":11.0,"key":"Bottled Flame"},{"floor":24.0,"key":"Du-Vu Doll"},{"floor":26.0,"key":"Molten Egg 2"},{"floor":30.0,"key":"Happy Flower"},{"floor":41,"key":"Boot"}],"event_choices":[{"cards_removed":["Strike_B"],"damage_healed":0.0,"max_hp_gain":0.0,"max_hp_loss":0.0,"gold_gain":0.0,"event_name":"Golden Wing","player_choice":"Card Removal","floor":2.0,"gold_loss":0.0,"damage_taken":7.0},{"damage_healed":0.0,"max_hp_gain":0.0,"max_hp_loss":0.0,"gold_gain":0.0,"event_name":"Shining Light","player_choice":"Ignored","floor":5.0,"gold_loss":0.0,"damage_taken":0.0},{"damage_healed":0.0,"max_hp_gain":0.0,"max_hp_loss":0.0,"gold_gain":0.0,"event_name":"Wheel of Change","player_choice":"Relic","floor":7.0,"gold_loss":0.0,"damage_taken":0.0},{"damage_healed":14.0,"max_hp_gain":0.0,"max_hp_loss":0.0,"gold_gain":0.0,"event_name":"The Library","player_choice":"Heal","floor":21.0,"gold_loss":0.0,"damage_taken":0.0},{"damage_healed":0.0,"max_hp_gain":0.0,"max_hp_loss":0.0,"gold_gain":50.0,"event_name":"Nest","player_choice":"Stole From Cult","floor":27.0,"gold_loss":0.0,"damage_taken":0.0},{"damage_healed":0.0,"max_hp_gain":0.0,"max_hp_loss":0.0,"gold_gain":0.0,"event_name":"Vampires","player_choice":"Ignored","floor":28.0,"gold_loss":0.0,"damage_taken":0.0},{"cards_removed":["Defend_B"],"damage_healed":0.0,"max_hp_gain":0.0,"max_hp_loss":0.0,"gold_gain":0.0,"event_name":"Purifier","player_choice":"Purged","floor":36.0,"gold_loss":0.0,"damage_taken":0.0}],"is_beta":false,"boss_relics":[{"not_picked":["Velvet Choker","Nuclear Battery"],"picked":"White Beast Statue"},{"not_picked":["Black Star","Pandora\u0027s Box"],"picked":"Empty Cage"}],"items_purged_floors":[20,38],"is_endless":false,"potions_floor_spawned":[6,8,10,12,16,18,19,22,24,30,31,33,35,37,39,41],"killed_by":"Transient","ascension_level":18}