{"gold_per_floor":[114,33,43,43,43,43,8,8,8,8,43,60,74,91,91,91],"floor_reached":16,"playtime":366,"items_purged":[],"score":219,"play_id":"4be08e76-7fca-4aa0-a86d-dd1a46f9f5e4","local_time":"20190226145212","is_ascension_mode":true,"campfire_choices":[{"data":"Zap","floor":6,"key":"SMITH"},{"data":"Dualcast","floor":8,"key":"SMITH"},{"data":"Capacitor","floor":10,"key":"SMITH"},{"data":"Go for the Eyes","floor":15,"key":"SMITH"}],"neow_cost":"NONE","seed_source_timestamp":543521782807926,"circlet_count":0,"master_deck":["AscendersBane","Strike_B","Strike_B","Strike_B","Strike_B","Defend_B","Defend_B","Defend_B","Defend_B","Zap+1","Dualcast+1","Capacitor+1","Regret","Coolheaded","Conserve Battery","Go for the Eyes+1"],"relics":["Cracked Core","NeowsBlessing","Bag of Preparation","Mummified Hand","Darkstone Periapt"],"potions_floor_usage":[],"damage_taken":[{"damage":0,"enemies":"Cultist","floor":1,"turns":1},{"damage":0,"enemies":"2 Louse","floor":3,"turns":1},{"damage":0,"enemies":"Gremlin Nob","floor":11,"turns":1},{"damage":8,"enemies":"Small Slimes","floor":12,"turns":4},{"damage":8,"enemies":"Exordium Wildlife","floor":13,"turns":6},{"damage":3,"enemies":"2 Fungi Beasts","floor":14,"turns":3},{"damage":53,"enemies":"Hexaghost","floor":16,"turns":9}],"seed_played":"4747366689573865265","potions_obtained":[{"floor":12,"key":"Strength Potion"}],"is_trial":false,"path_per_floor":["M","$","M","$","?","R","?","R","T","R","E","M","M","M","R","B"],"character_chosen":"DEFECT","items_purchased":["Capacitor"],"campfire_rested":0,"item_purchase_floors":[2],"current_hp_per_floor":[64,64,64,64,64,64,71,71,71,71,71,63,55,52,52,0],"gold":91,"neow_bonus":"THREE_ENEMY_KILL","is_prod":false,"is_daily":false,"chose_seed":false,"campfire_upgraded":4,"win_rate":0,"timestamp":1551221532,"path_taken":["M","$","M","$","?","R","?","R","T","R","E","M","M","M","R","BOSS"],"build_version":"2019-01-23","purchased_purges":0,"victory":false,"max_hp_per_floor":[71,71,71,71,71,71,71,71,71,71,71,71,71,71,71,71],"card_choices":[{"not_picked":["Redo","Compile Driver","Reprogram"],"picked":"SKIP","floor":1},{"not_picked":["Rebound","Redo","Gash"],"picked":"SKIP","floor":3},{"not_picked":["Sweeping Beam","Compile Driver"],"picked":"Coolheaded","floor":11},{"not_picked":["Go for the Eyes","Leap"],"picked":"Conserve Battery","floor":12},{"not_picked":["Steam","Undo","Compile Driver"],"picked":"SKIP","floor":13},{"not_picked":["Doom and Gloom","Tempest"],"picked":"Go for the Eyes","floor":14}],"player_experience":538873,"relics_obtained":[{"floor":9,"key":"Mummified Hand"},{"floor":11,"key":"Darkstone Periapt"}],"event_choices":[{"damage_healed":0,"gold_gain":0,"player_choice":"Box","damage_taken":0,"relics_obtained":["Bag of Preparation"],"max_hp_gain":0,"max_hp_loss":0,"event_name":"Big Fish","floor":5,"gold_loss":0,"cards_obtained":["Regret"]},{"damage_healed":17,"gold_gain":0,"player_choice":"Healed","damage_taken":0,"max_hp_gain":0,"max_hp_loss":0,"event_name":"The Cleric","floor":7,"gold_loss":35}],"is_beta":false,"boss_relics":[],"items_purged_floors":[],"is_endless":false,"potions_floor_spawned":[12],"killed_by":"Hexaghost","ascension_level":15}