{"gold_per_floor":[110,121,36,47,59,59,90,108,108,33,61,61,61,72,72,147,147,147],"floor_reached":18,"playtime":601,"items_purged":[],"score":344,"play_id":"7e81295c-06a2-4d9a-8a44-91c2384f28c9","local_time":"20190201083822","is_ascension_mode":true,"campfire_choices":[{"data":"Bludgeon","floor":6,"key":"SMITH"},{"data":"Perfected Strike","floor":12,"key":"SMITH"},{"data":"Shockwave","floor":15,"key":"SMITH"}],"neow_cost":"NONE","seed_source_timestamp":1239235500519668,"circlet_count":0,"master_deck":["AscendersBane","Strike_R","Strike_R","Strike_R","Strike_R","Defend_R","Defend_R","Defend_R","Defend_R","Bash+1","Perfected Strike+1","Shockwave+1","Bludgeon+1","Anger","Cleave","Carnage","Combust","Evolve","Demon Form"],"relics":["Black Blood","Vajra","Pantograph","StoneCalendar"],"potions_floor_usage":[11,16],"damage_taken":[{"damage":6,"enemies":"2 Louse","floor":1,"turns":3},{"damage":9,"enemies":"Jaw Worm","floor":2,"turns":3},{"damage":0,"enemies":"Cultist","floor":4,"turns":2},{"damage":8,"enemies":"Blue Slaver","floor":5,"turns":2},{"damage":20,"enemies":"Lagavulin","floor":7,"turns":5},{"damage":26,"enemies":"Exordium Thugs","floor":8,"turns":4},{"damage":25,"enemies":"3 Sentries","floor":11,"turns":5},{"damage":8,"enemies":"Red Slaver","floor":14,"turns":3},{"damage":29,"enemies":"Hexaghost","floor":16,"turns":7},{"damage":63,"enemies":"Shell Parasite","floor":18,"turns":5}],"seed_played":"-820004765477555754","potions_obtained":[{"floor":4,"key":"Ancient Potion"},{"floor":7,"key":"Strength Potion"},{"floor":11,"key":"Dexterity Potion"},{"floor":14,"key":"Explosive Potion"}],"is_trial":false,"path_per_floor":["M","M","$","M","M","R","E","M","T","?","E","R","?","M","R","B",null,"M"],"character_chosen":"IRONCLAD","items_purchased":["Bludgeon"],"campfire_rested":0,"item_purchase_floors":[3],"current_hp_per_floor":[68,65,65,71,69,69,55,35,35,35,16,16,16,14,14,16,60,0],"gold":147,"neow_bonus":"UPGRADE_CARD","is_prod":false,"is_daily":false,"chose_seed":false,"campfire_upgraded":3,"win_rate":0,"timestamp":1549028302,"path_taken":["M","M","$","M","M","R","E","M","T","?","E","R","?","M","R","BOSS","M"],"build_version":"2019-01-23","purchased_purges":0,"victory":false,"max_hp_per_floor":[75,75,75,75,75,75,75,75,75,75,75,75,75,75,75,75,75,75],"card_choices":[{"not_picked":["Thunderclap","Combust"],"picked":"Perfected Strike","floor":1},{"not_picked":["Anger","Searing Blow"],"picked":"Shockwave","floor":2},{"not_picked":["Clash","Body Slam"],"picked":"Anger","floor":4},{"not_picked":["Bloodletting","Pommel Strike"],"picked":"Cleave","floor":5},{"not_picked":["Burning Pact","Wild Strike","Perfected Strike"],"picked":"SKIP","floor":7},{"not_picked":["Blood for Blood","Heavy Blade"],"picked":"Carnage","floor":8},{"not_picked":["Anger","Armaments"],"picked":"Combust","floor":11},{"not_picked":["Rupture","Pommel Strike"],"picked":"Evolve","floor":14},{"not_picked":["Barricade","Brutality"],"picked":"Demon Form","floor":16}],"player_experience":614504,"relics_obtained":[{"floor":7,"key":"Vajra"},{"floor":9,"key":"Pantograph"},{"floor":11,"key":"StoneCalendar"}],"event_choices":[{"cards_removed":["Strike_R"],"damage_healed":0,"gold_gain":0,"player_choice":"Card Removal","damage_taken":0,"max_hp_gain":0,"max_hp_loss":0,"event_name":"The Cleric","floor":10,"gold_loss":75},{"damage_healed":0,"gold_gain":0,"player_choice":"Ignored","damage_taken":0,"max_hp_gain":0,"max_hp_loss":0,"event_name":"Shining Light","floor":13,"gold_loss":0}],"is_beta":false,"boss_relics":[{"not_picked":["Pandora\u0027s Box","Black Star"],"picked":"Black Blood"}],"items_purged_floors":[],"is_endless":false,"potions_floor_spawned":[4,7,11,14],"killed_by":"Shell Parasite","ascension_level":20}