{"gold_per_floor":[15,90,90,108,119,148,148,173,173,173,198,198,217,32,32,105,105,119,129,146,163,173,173,187,220,247,272,272,298,310,225,225,298,598,613,326,326,326,326,326,342,342,342,211,221,221,246,261,261,261,261,261,17,17],"floor_reached":54,"playtime":2555,"items_purged":["Pain","Regret","Strike_B+1","Strike_B+1"],"score":1607,"play_id":"5e6a2b32-5b81-4456-9fa4-c49030ce920c","local_time":"20190211113012","is_ascension_mode":true,"campfire_choices":[{"data":"Rainbow","floor":7,"key":"SMITH"},{"data":"Defragment","floor":10,"key":"SMITH"},{"data":"Blizzard","floor":15,"key":"SMITH"},{"data":"Buffer","floor":23,"key":"SMITH"},{"data":"1","floor":28,"key":"LIFT"},{"data":"Loop","floor":32,"key":"SMITH"},{"floor":40,"key":"RECALL"},{"data":"2","floor":42,"key":"LIFT"},{"data":"3","floor":46,"key":"LIFT"}],"neow_cost":"NO_GOLD","seed_source_timestamp":2111673984462030,"circlet_count":0,"master_deck":["AscendersBane","Strike_B+1","Strike_B+1","Defend_B+1","Defend_B+1","Defend_B+1","Defend_B+1","Zap+1","Dualcast+1","Conserve Battery+1","Coolheaded+1","Coolheaded+1","Rainbow+1","Defragment+1","Blizzard+1","Buffer+1","Storm+1","Force Field+1","Blizzard+1","Core Surge+1","Electrodynamics+1","Fusion+1","Creative AI+1","Loop+1","Amplify+1","Capacitor+1","Storm+1","Tempest+1","Panacea"],"relics":["Cracked Core","FossilizedHelix","The Courier","Pocketwatch","Thread and Needle","Kunai","WarpedTongs","Bronze Scales","Coffee Dripper","Omamori","Oddly Smooth Stone","Girya","DataDisk","Gremlin Horn","Calling Bell","Juzu Bracelet","Molten Egg 2","Old Coin","Mark of the Bloom","War Paint"],"potions_floor_usage":[6,24,27,50,50,50,50],"damage_taken":[{"damage":0,"enemies":"Jaw Worm","floor":1,"turns":3},{"damage":0,"enemies":"Small Slimes","floor":4,"turns":3},{"damage":0,"enemies":"Cultist","floor":5,"turns":4},{"damage":0,"enemies":"Lagavulin","floor":6,"turns":10},{"damage":26,"enemies":"Gremlin Nob","floor":8,"turns":5},{"damage":0,"enemies":"3 Sentries","floor":11,"turns":5},{"damage":2,"enemies":"2 Fungi Beasts","floor":13,"turns":3},{"damage":0,"enemies":"The Guardian","floor":16,"turns":8},{"damage":7,"enemies":"3 Byrds","floor":18,"turns":3},{"damage":0,"enemies":"Shell Parasite","floor":19,"turns":4},{"damage":0,"enemies":"Chosen and Byrds","floor":20,"turns":5},{"damage":0,"enemies":"Centurion and Healer","floor":21,"turns":6},{"damage":0,"enemies":"3 Cultists","floor":22,"turns":4},{"damage":8,"enemies":"Snake Plant","floor":24,"turns":4},{"damage":0,"enemies":"Book of Stabbing","floor":25,"turns":5},{"damage":0,"enemies":"Slavers","floor":27,"turns":3},{"damage":5,"enemies":"Book of Stabbing","floor":29,"turns":5},{"damage":9,"enemies":"Centurion and Healer","floor":30,"turns":2},{"damage":0,"enemies":"Collector","floor":33,"turns":6},{"damage":0,"enemies":"3 Shapes","floor":35,"turns":4},{"damage":1,"enemies":"Orb Walker","floor":41,"turns":3},{"damage":0,"enemies":"Maw","floor":45,"turns":4},{"damage":0,"enemies":"Giant Head","floor":47,"turns":5},{"damage":9,"enemies":"4 Shapes","floor":48,"turns":4},{"damage":14,"enemies":"Time Eater","floor":50,"turns":7},{"damage":40,"enemies":"Shield and Spear","floor":54,"turns":2}],"seed_played":"6698608893311802897","potions_obtained":[{"floor":5,"key":"Regen Potion"},{"floor":13,"key":"FairyPotion"},{"floor":16,"key":"SteroidPotion"},{"floor":24,"key":"Energy Potion"},{"floor":25,"key":"Dexterity Potion"},{"floor":27,"key":"Energy Potion"},{"floor":41,"key":"Fire Potion"}],"is_trial":false,"path_per_floor":["M","?","?","M","M","E","R","E","T","R","E","?","M","$","R","B",null,"M","M","M","M","M","R","M","E","T","E","R","E","M","?","R","B",null,"M","$","?","?","?","R","M","R","T","$","M","R","E","M","R","B",null,"R","$","E"],"character_chosen":"DEFECT","items_purchased":["Bronze Scales","Regen Potion","EntropicBrew","Capacitor","Tempest","Panacea","Ancient Potion"],"campfire_rested":0,"item_purchase_floors":[14,36,36,36,44,53,53],"current_hp_per_floor":[64,53,39,39,39,54,54,28,28,28,28,28,26,26,26,26,60,53,53,53,53,53,53,45,45,45,45,45,40,31,31,31,31,61,61,61,61,61,61,61,60,60,60,60,60,60,60,51,51,37,37,37,37,0],"gold":17,"neow_bonus":"ONE_RARE_RELIC","is_prod":false,"is_daily":false,"chose_seed":false,"campfire_upgraded":5,"win_rate":0,"timestamp":1549902612,"path_taken":["M","?","?","M","M","E","R","E","T","R","E","?","M","$","R","BOSS","M","M","M","M","?","R","M","E","T","E","R","E","M","?","R","BOSS","M","$","?","?","?","R","M","R","T","$","M","R","E","M","R","BOSS","R","$","E"],"build_version":"2019-01-23","purchased_purges":4,"victory":false,"max_hp_per_floor":[71,71,71,71,71,71,71,71,71,71,71,71,71,71,71,71,71,71,71,71,71,71,71,71,71,71,71,71,71,71,71,71,71,71,71,71,71,71,67,67,67,67,67,67,67,67,67,67,67,67,67,67,67,67],"card_choices":[{"not_picked":["Skim","Beam Cell"],"picked":"Conserve Battery","floor":1},{"not_picked":["Rebound","Turbo"],"picked":"Coolheaded","floor":4},{"not_picked":["Hello World","Steam"],"picked":"Coolheaded","floor":5},{"not_picked":["Go for the Eyes","Rebound"],"picked":"Rainbow","floor":6},{"not_picked":["Capacitor","Recycle"],"picked":"Defragment","floor":8},{"not_picked":["Beam Cell","Aggregate"],"picked":"Blizzard","floor":11},{"not_picked":["Compile Driver","Streamline","Sweeping Beam"],"picked":"SKIP","floor":13},{"not_picked":["Biased Cognition","Fission"],"picked":"Buffer","floor":16},{"not_picked":["Coolheaded","Conserve Battery"],"picked":"Storm+1","floor":18},{"not_picked":["Sweeping Beam","Beam Cell+1"],"picked":"Force Field","floor":19},{"not_picked":["Steam Power","Steam"],"picked":"Blizzard","floor":20},{"not_picked":["Gash","Sweeping Beam"],"picked":"Core Surge","floor":21},{"not_picked":["Beam Cell","Streamline"],"picked":"Electrodynamics","floor":22},{"not_picked":["Turbo","Go for the Eyes"],"picked":"Fusion+1","floor":24},{"not_picked":["Coolheaded+1","Heatsinks"],"picked":"Creative AI","floor":25},{"not_picked":["Undo","Rebound"],"picked":"Loop","floor":27},{"not_picked":["Go for the Eyes+1","Blizzard","Fusion"],"picked":"SKIP","floor":29},{"not_picked":["Gash","Steam","Cold Snap+1"],"picked":"SKIP","floor":30},{"not_picked":["Creative AI","Thunder Strike"],"picked":"Amplify","floor":33},{"not_picked":["Melter+1","Barrage+1","Rebound+1"],"picked":"SKIP","floor":35},{"not_picked":["Beam Cell+1","Reprogram"],"picked":"Storm+1","floor":41},{"not_picked":["Steam Power+1","Coolheaded","Genetic Algorithm+1"],"picked":"SKIP","floor":45},{"not_picked":["Ball Lightning+1","Redo","Gash+1"],"picked":"SKIP","floor":47},{"not_picked":["Redo+1","Rebound+1","Self Repair"],"picked":"SKIP","floor":48}],"player_experience":730992,"relics_obtained":[{"floor":6,"key":"The Courier"},{"floor":8,"key":"Pocketwatch"},{"floor":9,"key":"Thread and Needle"},{"floor":11,"key":"Kunai"},{"floor":25,"key":"Omamori"},{"floor":26,"key":"Oddly Smooth Stone"},{"floor":27,"key":"Girya"},{"floor":29,"key":"DataDisk"},{"floor":34,"key":"Juzu Bracelet"},{"floor":34,"key":"Molten Egg 2"},{"floor":34,"key":"Old Coin"},{"floor":47,"key":"War Paint"}],"event_choices":[{"damage_healed":0,"gold_gain":75,"player_choice":"Gather Gold","damage_taken":11,"max_hp_gain":0,"max_hp_loss":0,"event_name":"World of Goop","floor":2,"gold_loss":0},{"damage_healed":0,"gold_gain":0,"player_choice":"Entered Light","damage_taken":14,"max_hp_gain":0,"max_hp_loss":0,"event_name":"Shining Light","floor":3,"gold_loss":0,"cards_upgraded":["Defend_B","Dualcast"]},{"damage_healed":0,"gold_gain":0,"player_choice":"Rummage","damage_taken":0,"relics_obtained":["WarpedTongs"],"max_hp_gain":0,"max_hp_loss":0,"event_name":"Accursed Blacksmith","floor":12,"gold_loss":0,"cards_obtained":["Pain"]},{"damage_healed":0,"gold_gain":0,"player_choice":"Obtained Relic","damage_taken":0,"relics_obtained":["Gremlin Horn"],"max_hp_gain":0,"max_hp_loss":0,"event_name":"Addict","floor":31,"gold_loss":85},{"damage_healed":0,"gold_gain":0,"player_choice":"Upgrade","damage_taken":0,"relics_obtained":["Mark of the Bloom"],"max_hp_gain":0,"max_hp_loss":0,"event_name":"MindBloom","floor":37,"gold_loss":0,"cards_upgraded":["Strike_B","Strike_B","Strike_B","Strike_B","Defend_B","Defend_B","Defend_B","Zap","Conserve Battery","Coolheaded","Coolheaded","Force Field","Blizzard","Core Surge","Electrodynamics","Creative AI","Amplify","Capacitor"]},{"damage_healed":0,"gold_gain":0,"player_choice":"Bought 0 Potions","damage_taken":0,"max_hp_gain":0,"max_hp_loss":0,"event_name":"The Woman in Blue","floor":38,"gold_loss":0},{"damage_healed":0,"gold_gain":0,"player_choice":"Max HP","damage_taken":0,"max_hp_gain":0,"max_hp_loss":4,"event_name":"Winding Halls","floor":39,"gold_loss":0}],"is_beta":false,"boss_relics":[{"not_picked":["Sozu","Busted Crown"],"picked":"Coffee Dripper"},{"not_picked":["Nuclear Battery","Orrery"],"picked":"Calling Bell"}],"items_purged_floors":[14,36,44,53],"is_endless":false,"potions_floor_spawned":[5,13,16,24,25,27,29,41,48],"killed_by":"Shield and Spear","ascension_level":14}