{"path_per_floor":["M","?","?","M","M","R","M","R","T","$","?","M","$","M","R","B",null,"M","M","?","M","$","E","R","M","T","R","E","M","R","?","R","B",null,"M","M","?","M","$","R","E","R","T","M","$","M","T","M","R"],"character_chosen":"THE_SILENT","items_purchased":["Snake Skull","Dagger Spray","Bandage Up","Vajra"],"gold_per_floor":[118,118,118,137,154,154,172,172,172,17,17,29,29,47,47,143,143,156,166,166,182,60,93,93,112,187,187,222,232,232,232,232,337,337,355,375,375,394,201,201,231,231,261,278,9,29,52,71,71,71],"floor_reached":50,"campfire_rested":7,"playtime":3966,"current_hp_per_floor":[70,70,70,69,65,65,65,65,65,65,65,59,59,44,65,9,70,48,43,43,17,17,15,36,40,40,61,45,27,48,48,69,37,70,70,70,70,32,32,53,20,20,20,21,21,39,39,35,56,0],"items_purged":["Regret","Writhe","Writhe"],"gold":71,"score":554,"play_id":"6b39b0cd-2fc2-477b-98b9-97c148dd7923","local_time":"20180507192926","is_prod":false,"is_daily":false,"chose_seed":true,"is_ascension_mode":true,"campfire_upgraded":3,"timestamp":1525746566,"path_taken":["M","?","?","M","M","R","M","R","T","$","?","?","?","M","R","BOSS","M","M","?","M","$","E","R","M","T","R","E","M","R","?","R","BOSS","M","M","?","M","$","R","E","R","T","M","$","M","?","M","R","BOSS"],"build_version":"2018-05-03","seed_source_timestamp":2314067040837019,"purchased_purges":3,"victory":false,"master_deck":["Survivor","Neutralize+1","Well Laid Plans","Backflip+1","Bane","Predator","Glass Knife","Heel Hook+1","Slice+1","Masterful Stab+1","Blade Dance","Deadly Poison","Neutralize","Footwork","Dagger Spray","Cloak And Dagger","Dagger Spray","Deadly Poison+1","Glass Knife","Flying Knee","Poisoned Stab","Crippling Poison","Calculated Gamble","Endless Agony","Blade Dance","Acrobatics+1","Catalyst+1","Bandage Up","Envenom+1"],"max_hp_per_floor":[70,70,70,70,70,70,70,70,70,70,70,70,70,70,70,70,70,70,70,70,70,70,70,70,70,70,70,70,70,70,70,70,70,70,70,70,70,70,70,70,70,70,70,70,70,70,70,72,72,72],"relics":["Sozu","Centennial Puzzle","Snake Skull","Thread and Needle","Astrolabe","Bird Faced Urn","Frozen Egg 2","Mercury Hourglass","Meat on the Bone","Pandora\u0027s Box","Gambling Chip","Tiny Chest","Vajra","Singing Bowl"],"card_choices":[{"not_picked":["Bane","Dodge and Roll"],"picked":"Well Laid Plans","floor":1},{"not_picked":["Acrobatics","Underhanded Strike"],"picked":"Backflip","floor":5},{"not_picked":["Night Terror","Slice"],"picked":"Bane","floor":12},{"not_picked":["Outmaneuver","Sucker Punch"],"picked":"Predator","floor":14},{"not_picked":["Night Terror","A Thousand Cuts"],"picked":"Glass Knife","floor":16},{"not_picked":["Endless Agony","Predator"],"picked":"Blade Dance","floor":18},{"not_picked":["Blade Dance","Flechettes"],"picked":"Deadly Poison","floor":19},{"not_picked":["Dagger Spray","All Out Attack"],"picked":"Footwork","floor":21},{"not_picked":["Skewer","Outmaneuver"],"picked":"Cloak And Dagger","floor":23},{"not_picked":["Finisher","Outmaneuver"],"picked":"Dagger Spray","floor":25},{"not_picked":["Terror","Choke"],"picked":"Deadly Poison","floor":29},{"not_picked":["Bullet Time","Corpse Explosion"],"picked":"Glass Knife","floor":33},{"not_picked":["Sucker Punch","Slice"],"picked":"Acrobatics","floor":36},{"not_picked":["Poisoned Stab","Infinite Blades"],"picked":"Catalyst","floor":38},{"not_picked":["Finisher","Backstab"],"picked":"Envenom","floor":41}],"player_experience":146538,"potions_floor_usage":[],"damage_taken":[{"damage":0,"enemies":"Jaw Worm","floor":1,"turns":5},{"damage":1,"enemies":"Cultist","floor":4,"turns":5},{"damage":4,"enemies":"2 Louse","floor":5,"turns":3},{"damage":0,"enemies":"Exordium Wildlife","floor":7,"turns":9},{"damage":6,"enemies":"Gremlin Gang","floor":12,"turns":9},{"damage":15,"enemies":"Large Slime","floor":14,"turns":9},{"damage":56,"enemies":"Slime Boss","floor":16,"turns":16},{"damage":22,"enemies":"2 Thieves","floor":18,"turns":4},{"damage":5,"enemies":"3 Byrds","floor":19,"turns":7},{"damage":26,"enemies":"Centurion and Healer","floor":21,"turns":6},{"damage":2,"enemies":"Book of Stabbing","floor":23,"turns":5},{"damage":0,"enemies":"Cultist and Chosen","floor":25,"turns":7},{"damage":20,"enemies":"Gremlin Leader","floor":28,"turns":6},{"damage":20,"enemies":"Snecko","floor":29,"turns":5},{"damage":47,"enemies":"Collector","floor":33,"turns":10},{"damage":0,"enemies":"Orb Walker","floor":35,"turns":3},{"damage":4,"enemies":"3 Shapes","floor":36,"turns":4},{"damage":54,"enemies":"3 Darklings","floor":38,"turns":5},{"damage":53,"enemies":"Giant Head","floor":41,"turns":8},{"damage":19,"enemies":"Maw","floor":44,"turns":6},{"damage":0,"enemies":"4 Shapes","floor":46,"turns":3},{"damage":26,"enemies":"3 Darklings","floor":48,"turns":3},{"damage":66,"enemies":"Time Eater","floor":50,"turns":4}],"event_choices":[{"event_name":"Wheel of Change","player_choice":"Card Removal","floor":2,"damage_taken":0},{"event_name":"The Lab","player_choice":"Got Potions","floor":3,"damage_taken":0},{"event_name":"Big Fish","player_choice":"Box","floor":11,"damage_taken":0},{"event_name":"Match and Keep!","player_choice":"2 cards matched","floor":20,"damage_taken":0},{"event_name":"The Mausoleum","player_choice":"Yes","floor":31,"damage_taken":0},{"event_name":"Tomb of Lord Red Mask","player_choice":"Ignored","floor":37,"damage_taken":0}],"boss_relics":[{"not_picked":["White Beast Statue","Cursed Key"],"picked":"Astrolabe"},{"not_picked":["Tiny House","Runic Dome"],"picked":"Pandora\u0027s Box"}],"potions_floor_spawned":[14,16,21,23,25,28,33,35,36,44,48],"seed_played":"-9110301721533596062","killed_by":"Time Eater","ascension_level":2,"is_trial":false}