{"gold_per_floor":[117,42,61,75,75,75,113,128,128,28,28,53,53,53,53,174,174,197,72,72],"floor_reached":20,"playtime":1088,"items_purged":["Storm of Steel","Bullet Time","Well Laid Plans"],"score":355,"play_id":"99c99edd-463e-4c00-bc2c-a6d517ed8ba3","local_time":"20190214221100","is_ascension_mode":true,"campfire_choices":[{"data":"Crippling Poison","floor":6,"key":"SMITH"},{"data":"Deadly Poison","floor":11,"key":"SMITH"},{"data":"Deadly Poison","floor":13,"key":"SMITH"},{"data":"Burst","floor":15,"key":"SMITH"}],"neow_cost":"NONE","seed_source_timestamp":92156138195733,"circlet_count":0,"master_deck":["AscendersBane","Survivor","Neutralize","Crippling Poison+1","Heel Hook","A Thousand Cuts","Well Laid Plans","Burst+1","Well Laid Plans","Deadly Poison+1","Deflect","Poisoned Stab","Cloak And Dagger","Deadly Poison+1","Leg Sweep","PiercingWail","Malaise","Backflip"],"relics":["Pandora\u0027s Box","Golden Idol","Omamori","Regal Pillow","Bottled Lightning","Runic Pyramid"],"potions_floor_usage":[16],"damage_taken":[{"damage":0,"enemies":"Cultist","floor":1,"turns":3},{"damage":13,"enemies":"2 Louse","floor":3,"turns":3},{"damage":2,"enemies":"Jaw Worm","floor":4,"turns":3},{"damage":15,"enemies":"3 Sentries","floor":7,"turns":7},{"damage":8,"enemies":"Looter","floor":8,"turns":3},{"damage":5,"enemies":"Exordium Wildlife","floor":12,"turns":4},{"damage":0,"enemies":"The Guardian","floor":16,"turns":7},{"damage":17,"enemies":"3 Byrds","floor":18,"turns":3},{"damage":3,"enemies":"Masked Bandits","floor":20,"turns":3}],"seed_played":"6715280625408497301","potions_obtained":[{"floor":1,"key":"SpeedPotion"},{"floor":4,"key":"AttackPotion"},{"floor":12,"key":"LiquidBronze"},{"floor":16,"key":"Regen Potion"}],"is_trial":false,"path_per_floor":["M","$","M","M","?","R","E","M","T","$","R","M","R","T","R","B",null,"M","$","?"],"character_chosen":"THE_SILENT","items_purchased":[],"campfire_rested":0,"item_purchase_floors":[],"current_hp_per_floor":[63,63,50,48,48,48,33,25,25,25,25,20,20,20,20,20,54,37,37,34],"gold":72,"neow_bonus":"BOSS_RELIC","is_prod":false,"is_daily":false,"chose_seed":false,"campfire_upgraded":4,"win_rate":0,"timestamp":1550200260,"path_taken":["M","?","M","M","?","R","E","M","T","$","R","M","R","?","R","BOSS","M","$","?"],"build_version":"2019-01-23","purchased_purges":3,"victory":false,"max_hp_per_floor":[70,70,70,70,65,65,65,65,65,65,65,65,65,65,65,65,65,65,65,65],"card_choices":[{"not_picked":["All Out Attack","Choke"],"picked":"Deflect","floor":1},{"not_picked":["Flying Knee","Prepared"],"picked":"Poisoned Stab","floor":3},{"not_picked":["Bane","Choke"],"picked":"Cloak And Dagger","floor":4},{"not_picked":["Sucker Punch","Heel Hook"],"picked":"Deadly Poison","floor":7},{"not_picked":["Dodge and Roll","Concentrate"],"picked":"Leg Sweep","floor":8},{"not_picked":["Backflip","Well Laid Plans"],"picked":"PiercingWail","floor":12},{"not_picked":["Bullet Time","Night Terror"],"picked":"Malaise","floor":16},{"not_picked":["Accuracy","Quick Slash"],"picked":"Backflip","floor":18}],"player_experience":767468,"relics_obtained":[{"floor":7,"key":"Omamori"},{"floor":9,"key":"Regal Pillow"},{"floor":14,"key":"Bottled Lightning"}],"event_choices":[{"damage_healed":0,"gold_gain":0,"player_choice":"Lose Max HP","damage_taken":0,"relics_obtained":["Golden Idol"],"max_hp_gain":0,"max_hp_loss":5,"event_name":"Golden Idol","floor":5,"gold_loss":0},{"damage_healed":0,"gold_gain":0,"player_choice":"Fought Bandits","damage_taken":0,"max_hp_gain":0,"max_hp_loss":0,"event_name":"Masked Bandits","floor":20,"gold_loss":0}],"is_beta":false,"boss_relics":[{"not_picked":["Eternal Feather","Philosopher\u0027s Stone"],"picked":"Runic Pyramid"}],"items_purged_floors":[2,10,19],"is_endless":false,"potions_floor_spawned":[1,4,12,16,18],"killed_by":"Masked Bandits","ascension_level":12}