{"gold_per_floor":[117,128,147,37,53,53,66,66,66,66,82,94,105,124,124,221,221,240,255,255,272,372,372,388,388,388,403,416,416,433,284,284,284],"floor_reached":33,"playtime":2237,"items_purged":["Strike_G","Strike_G"],"score":247,"play_id":"c164a331-8c85-47a4-a888-38700cbb4692","local_time":"20190103174805","is_ascension_mode":false,"campfire_choices":[{"data":"Neutralize","floor":6,"key":"SMITH"},{"floor":15,"key":"REST"},{"floor":23,"key":"REST"},{"floor":25,"key":"REST"},{"data":"Burst","floor":29,"key":"SMITH"},{"floor":32,"key":"REST"}],"neow_cost":"NONE","seed_source_timestamp":27045176440278,"circlet_count":0,"master_deck":["Defend_G","Defend_G","Defend_G","Defend_G","Defend_G","Strike_G","Strike_G","Strike_G","Survivor","Neutralize+1","Deadly Poison","Poisoned Stab","Slice","Crippling Poison+1","Dash","Well Laid Plans","Backflip","Backflip+1","Slice+1","Blur+1","Deflect+1","Deadly Poison","Burst+1","Deflect","Bouncing Flask"],"relics":["Ring of the Snake","Happy Flower","Empty Cage","Shovel","Singing Bowl","Dream Catcher"],"potions_floor_usage":[16,16,22,22,33,33],"damage_taken":[{"damage":0,"enemies":"Small Slimes","floor":1,"turns":4},{"damage":0,"enemies":"Cultist","floor":2,"turns":4},{"damage":0,"enemies":"2 Louse","floor":3,"turns":3},{"damage":9,"enemies":"Large Slime","floor":5,"turns":9},{"damage":36,"enemies":"Exordium Thugs","floor":7,"turns":6},{"damage":5,"enemies":"Red Slaver","floor":11,"turns":4},{"damage":0,"enemies":"Looter","floor":12,"turns":3},{"damage":6,"enemies":"Exordium Thugs","floor":13,"turns":4},{"damage":0,"enemies":"Lots of Slimes","floor":14,"turns":2},{"damage":40,"enemies":"The Guardian","floor":16,"turns":10},{"damage":2,"enemies":"3 Byrds","floor":18,"turns":5},{"damage":7,"enemies":"Shell Parasite","floor":19,"turns":8},{"damage":4,"enemies":"Centurion and Healer","floor":21,"turns":6},{"damage":1,"enemies":"Colosseum Slavers","floor":22,"turns":5},{"damage":32,"enemies":"Colosseum Nobs","floor":22,"turns":7},{"damage":6,"enemies":"Sentry and Sphere","floor":24,"turns":7},{"damage":24,"enemies":"Snecko","floor":27,"turns":7},{"damage":21,"enemies":"Chosen and Byrds","floor":28,"turns":8},{"damage":8,"enemies":"3 Cultists","floor":30,"turns":5},{"damage":56,"enemies":"Collector","floor":33,"turns":7}],"seed_played":"-8876284917444465203","potions_obtained":[{"floor":3,"key":"AttackPotion"},{"floor":7,"key":"Swift Potion"},{"floor":12,"key":"Explosive Potion"},{"floor":16,"key":"GamblersBrew"},{"floor":18,"key":"GhostInAJar"},{"floor":19,"key":"Energy Potion"},{"floor":30,"key":"AttackPotion"}],"is_trial":false,"path_per_floor":["M","M","M","$","M","R","M","$","T","?","M","M","M","M","R","B",null,"M","M","?","M","?","R","M","R","T","M","M","R","M","$","R","B"],"character_chosen":"THE_SILENT","items_purchased":["Accuracy","Deflect"],"campfire_rested":4,"item_purchase_floors":[4,31],"current_hp_per_floor":[77,77,77,77,68,68,32,32,32,32,27,27,21,21,44,4,77,75,68,68,64,31,54,50,73,73,49,28,28,22,22,46,0],"gold":284,"neow_bonus":"TEN_PERCENT_HP_BONUS","is_prod":false,"is_daily":false,"chose_seed":false,"campfire_upgraded":2,"win_rate":0.0,"timestamp":1546505285,"path_taken":["M","M","M","$","M","R","M","$","T","?","M","?","M","M","R","BOSS","M","M","?","M","?","R","M","R","T","M","M","R","M","$","R","BOSS"],"build_version":"2018-12-20","purchased_purges":2,"victory":false,"max_hp_per_floor":[77,77,77,77,77,77,77,77,77,77,77,77,77,77,77,77,77,77,77,77,77,77,77,79,79,79,79,79,79,81,81,81,81],"card_choices":[{"not_picked":["Dagger Throw","Sucker Punch"],"picked":"Deadly Poison","floor":1},{"not_picked":["Flechettes","Wraith Form v2"],"picked":"Poisoned Stab","floor":2},{"not_picked":["Bane","Underhanded Strike"],"picked":"Blade Dance","floor":3},{"not_picked":["Dagger Throw","Wraith Form v2"],"picked":"Slice","floor":5},{"not_picked":["Dodge and Roll","Sucker Punch"],"picked":"Crippling Poison","floor":7},{"not_picked":["Poisoned Stab","Dodge and Roll"],"picked":"Dash","floor":11},{"not_picked":["Eviscerate","Cloak And Dagger"],"picked":"Well Laid Plans","floor":12},{"not_picked":["Predator","Flying Knee","Blade Dance"],"picked":"SKIP","floor":13},{"not_picked":["Sucker Punch","Flying Knee"],"picked":"Backflip","floor":14},{"not_picked":["Poisoned Stab","Outmaneuver"],"picked":"Backflip+1","floor":18},{"not_picked":["Dagger Throw","Underhanded Strike"],"picked":"Slice+1","floor":19},{"not_picked":["Masterful Stab","Skewer"],"picked":"Blur+1","floor":21},{"not_picked":["Heel Hook+1","Flying Knee"],"picked":"Deflect+1","floor":22},{"not_picked":["Cloak And Dagger","Accuracy","Bane"],"picked":"Singing Bowl","floor":24},{"not_picked":["Outmaneuver+1","Dodge and Roll"],"picked":"Deadly Poison","floor":27},{"not_picked":["Footwork","Quick Slash"],"picked":"Burst","floor":28},{"not_picked":["Deadly Poison","Dash+1","Predator"],"picked":"Singing Bowl","floor":30},{"not_picked":["Backflip","Predator"],"picked":"Bouncing Flask","floor":32}],"player_experience":65672,"relics_obtained":[{"floor":9,"key":"Happy Flower"},{"floor":22,"key":"Shovel"},{"floor":22,"key":"Singing Bowl"},{"floor":26,"key":"Dream Catcher"}],"event_choices":[{"damage_healed":0,"gold_gain":0,"player_choice":"Upgraded","damage_taken":0,"max_hp_gain":0,"max_hp_loss":0,"event_name":"Upgrade Shrine","floor":10,"gold_loss":0,"cards_upgraded":["Crippling Poison"]},{"damage_healed":0,"gold_gain":0,"player_choice":"Ignored","damage_taken":0,"max_hp_gain":0,"max_hp_loss":0,"event_name":"Vampires","floor":20,"gold_loss":0},{"damage_healed":0,"gold_gain":0,"player_choice":"Fight","damage_taken":0,"max_hp_gain":0,"max_hp_loss":0,"event_name":"Colosseum","floor":22,"gold_loss":0},{"damage_healed":0,"gold_gain":0,"player_choice":"Fought Nobs","damage_taken":0,"max_hp_gain":0,"max_hp_loss":0,"event_name":"Colosseum","floor":22,"gold_loss":0}],"is_beta":false,"boss_relics":[{"not_picked":["Ring of the Serpent","Velvet Choker"],"picked":"Empty Cage"}],"items_purged_floors":[4,31],"is_endless":false,"potions_floor_spawned":[3,7,12,13,16,18,19,22,30],"killed_by":"Collector","ascension_level":0}