{"gold_per_floor":[367,347,360,360,360,360,376,376,399,411,74,74,89,107,107,107],"floor_reached":16,"playtime":559,"items_purged":["Injury"],"score":161,"play_id":"983260ae-4666-4518-89bb-f5e1630b00e2","local_time":"20190225231547","is_ascension_mode":true,"campfire_choices":[{"data":"Body Slam","floor":6.0,"key":"SMITH"},{"data":"Shockwave","floor":8.0,"key":"SMITH"},{"data":"Body Slam","floor":12.0,"key":"SMITH"},{"data":"Metallicize","floor":15.0,"key":"SMITH"}],"neow_cost":"CURSE","seed_source_timestamp":136223204830186,"circlet_count":0,"master_deck":["AscendersBane","Strike_R","Strike_R","Strike_R","Strike_R","Defend_R","Defend_R","Defend_R","Defend_R","Bash","Body Slam+1","Shockwave+1","Body Slam+1","Metallicize+1"],"special_seed":0,"relics":["Burning Blood","PreservedInsect","Lantern","Sling"],"potions_floor_usage":[16,16,16],"damage_taken":[{"damage":2.0,"enemies":"Small Slimes","floor":1.0,"turns":5.0},{"damage":5.0,"enemies":"Cultist","floor":3.0,"turns":4.0},{"damage":9.0,"enemies":"Jaw Worm","floor":7.0,"turns":4.0},{"damage":3.0,"enemies":"2 Fungi Beasts","floor":10.0,"turns":4.0},{"damage":5.0,"enemies":"Red Slaver","floor":13.0,"turns":3.0},{"damage":22.0,"enemies":"Lots of Slimes","floor":14.0,"turns":6.0},{"damage":93,"enemies":"The Guardian","floor":16,"turns":20}],"seed_played":"3899157536506183708","potions_obtained":[{"floor":1.0,"key":"EntropicBrew"},{"floor":2.0,"key":"Regen Potion"}],"is_trial":false,"path_per_floor":["M","?","M","?","?","R","M","R","T","M","$","R","M","M","R","B"],"character_chosen":"IRONCLAD","items_purchased":["Metallicize","Sling"],"campfire_rested":0,"item_purchase_floors":[11,11],"current_hp_per_floor":[72,72,73,68,68,68,65,65,65,68,68,68,69,53,53,0],"gold":107,"neow_bonus":"TWO_FIFTY_GOLD","is_prod":false,"is_daily":false,"chose_seed":false,"campfire_upgraded":4,"win_rate":0,"timestamp":1551165347,"path_taken":["M","?","?","?","?","R","M","R","T","?","?","R","M","M","R","BOSS"],"build_version":"2019-01-23","purchased_purges":1,"victory":false,"max_hp_per_floor":[75,75,75,75,75,75,75,75,75,75,75,75,75,75,75,75],"card_choices":[{"not_picked":["Perfected Strike","Whirlwind"],"picked":"Body Slam","floor":1.0},{"not_picked":["Pummel","Clash","Warcry"],"picked":"SKIP","floor":3.0},{"not_picked":["Havoc","Flex","Clash"],"picked":"SKIP","floor":7.0},{"not_picked":["Havoc","Thunderclap"],"picked":"Body Slam","floor":10.0},{"not_picked":["Clothesline","Havoc","Thunderclap"],"picked":"SKIP","floor":13.0},{"not_picked":["Clash","Body Slam","Warcry"],"picked":"SKIP","floor":14.0}],"player_experience":526420,"relics_obtained":[{"floor":9.0,"key":"Lantern"}],"event_choices":[{"damage_healed":0.0,"max_hp_gain":0.0,"max_hp_loss":0.0,"gold_gain":0.0,"event_name":"The Woman in Blue","player_choice":"Bought 1 Potion","floor":2.0,"gold_loss":0.0,"damage_taken":0.0},{"damage_healed":0.0,"max_hp_gain":0.0,"max_hp_loss":0.0,"gold_gain":0.0,"event_name":"Scrap Ooze","player_choice":"Success","floor":4.0,"gold_loss":0.0,"damage_taken":5.0,"relics_obtained":["PreservedInsect"]},{"damage_healed":0.0,"max_hp_gain":0.0,"max_hp_loss":0.0,"gold_gain":0.0,"cards_transformed":["Strike_R"],"event_name":"Transmorgrifier","player_choice":"Transformed","floor":5.0,"gold_loss":0.0,"damage_taken":0.0,"cards_obtained":["Shockwave"]}],"is_beta":false,"boss_relics":[],"items_purged_floors":[11],"is_endless":false,"potions_floor_spawned":[1,7,13],"killed_by":"The Guardian","ascension_level":15}