{"gold_per_floor":[118,131,150,150,75,102,102,112,184,203,203,103,53,53,53,150,150,150],"floor_reached":18,"playtime":347,"items_purged":["Defend_G","Defend_G"],"score":160,"play_id":"818ae999-c8b9-49e4-ba25-18a809dfceef","local_time":"20190305134630","is_ascension_mode":false,"campfire_choices":[{"data":"Neutralize","floor":7,"key":"SMITH"},{"floor":11,"key":"REST"},{"data":"Survivor","floor":15,"key":"SMITH"}],"neow_cost":"NONE","seed_source_timestamp":55789854351567,"circlet_count":0,"master_deck":["Strike_G","Strike_G","Strike_G","Strike_G","Strike_G","Survivor+1","Neutralize+1","Wraith Form v2"],"relics":["Ring of the Snake","NeowsBlessing","Calipers","Sundial","Empty Cage"],"potions_floor_usage":[6,6,10,16],"damage_taken":[{"damage":0,"enemies":"Jaw Worm","floor":1,"turns":1},{"damage":0,"enemies":"Cultist","floor":2,"turns":1},{"damage":0,"enemies":"Small Slimes","floor":3,"turns":1},{"damage":26,"enemies":"Lagavulin","floor":6,"turns":5},{"damage":1,"enemies":"Blue Slaver","floor":8,"turns":4},{"damage":0,"enemies":"Lots of Slimes","floor":10,"turns":1},{"damage":38,"enemies":"Slime Boss","floor":16,"turns":12},{"damage":2,"enemies":"Shell Parasite","floor":18,"turns":3}],"seed_played":"-5875250510997051000","potions_obtained":[{"floor":2,"key":"Fire Potion"},{"floor":3,"key":"AttackPotion"},{"floor":8,"key":"Explosive Potion"}],"is_trial":false,"path_per_floor":["M","M","M","?","$","E","R","M","T","M","R","$","$","?","R","B",null,"M"],"character_chosen":"THE_SILENT","items_purchased":["Strength Potion"],"campfire_rested":1,"item_purchase_floors":[13],"current_hp_per_floor":[70,70,70,70,70,44,44,43,43,43,64,64,64,69,69,31,75,73],"gold":150,"neow_bonus":"THREE_ENEMY_KILL","is_prod":false,"is_daily":false,"chose_seed":false,"campfire_upgraded":2,"win_rate":0,"timestamp":1551822390,"path_taken":["M","M","M","?","$","E","R","M","T","M","R","?","$","?","R","BOSS","M"],"build_version":"2019-01-23","purchased_purges":2,"victory":false,"max_hp_per_floor":[70,70,70,70,70,70,70,70,70,70,70,70,70,75,75,75,75,75],"card_choices":[{"not_picked":["PiercingWail","Bouncing Flask","Blade Dance"],"picked":"SKIP","floor":1},{"not_picked":["Cloak And Dagger","Endless Agony","Accuracy"],"picked":"SKIP","floor":2},{"not_picked":["Dodge and Roll","Choke","PiercingWail"],"picked":"SKIP","floor":3},{"not_picked":["Prepared","Deadly Poison","Die Die Die"],"picked":"SKIP","floor":6},{"not_picked":["Skewer","Predator","Leg Sweep"],"picked":"SKIP","floor":8},{"not_picked":["Blade Dance","Dodge and Roll","Deadly Poison"],"picked":"SKIP","floor":10},{"not_picked":["Malaise","Unload"],"picked":"Wraith Form v2","floor":16}],"player_experience":670711,"relics_obtained":[{"floor":6,"key":"Calipers"},{"floor":9,"key":"Sundial"}],"event_choices":[{"cards_removed":["Defend_G"],"damage_healed":0,"gold_gain":0,"player_choice":"Offered Basic","damage_taken":0,"max_hp_gain":0,"max_hp_loss":0,"event_name":"Bonfire Elementals","floor":4,"gold_loss":0},{"damage_healed":0,"gold_gain":0,"player_choice":"Donut","damage_taken":0,"max_hp_gain":5,"max_hp_loss":0,"event_name":"Big Fish","floor":14,"gold_loss":0}],"is_beta":false,"boss_relics":[{"not_picked":["Tiny House","Runic Dome"],"picked":"Empty Cage"}],"items_purged_floors":[5,12],"is_endless":false,"potions_floor_spawned":[2,3,8],"killed_by":"Shell Parasite","ascension_level":0}