{"gold_per_floor":[110,122,46,66,79,106,106,119,143,143,163,163,88,88,88,190,190,206,106,124,124,124,149,166,183,206,206,224,224,239,258,258,258],"floor_reached":33,"playtime":845,"items_purged":["Dark Embrace","Second Wind"],"score":271,"play_id":"c243fdb1-49df-4205-aef3-353d6b1f2cff","local_time":"20190210125854","is_ascension_mode":false,"campfire_choices":[{"data":"Bludgeon","floor":10,"key":"SMITH"},{"floor":12,"key":"REST"},{"data":"Armaments","floor":15,"key":"SMITH"},{"data":"Shockwave","floor":27,"key":"SMITH"},{"data":"Combust","floor":29,"key":"SMITH"},{"floor":32,"key":"REST"}],"neow_cost":"NONE","seed_source_timestamp":2032302483305107,"circlet_count":0,"master_deck":["Bash+1","Battle Trance","Sentinel+1","Brutality+1","Armaments+1","Whirlwind","Flex","Wild Strike","Wild Strike","Sword Boomerang","Bludgeon+1","Shrug It Off","Rupture","Headbutt","Cleave","Reaper","Ghostly Armor","Reaper","Shockwave+1","Combust+1","Ghostly Armor","Ghostly Armor","Intimidate+1","Sever Soul+1"],"relics":["Pandora\u0027s Box","Orichalcum","Omamori","Mark of Pain","Art of War","Oddly Smooth Stone"],"potions_floor_usage":[23,33],"damage_taken":[{"damage":0,"enemies":"Small Slimes","floor":1,"turns":3},{"damage":0,"enemies":"2 Louse","floor":2,"turns":1},{"damage":0,"enemies":"Cultist","floor":4,"turns":2},{"damage":4,"enemies":"Blue Slaver","floor":5,"turns":2},{"damage":33,"enemies":"Gremlin Nob","floor":6,"turns":4},{"damage":7,"enemies":"Lots of Slimes","floor":8,"turns":3},{"damage":8,"enemies":"Red Slaver","floor":11,"turns":2},{"damage":23,"enemies":"Hexaghost","floor":16,"turns":7},{"damage":4,"enemies":"Chosen","floor":18,"turns":3},{"damage":5,"enemies":"Shell Parasite","floor":20,"turns":2},{"damage":32,"enemies":"Colosseum Slavers","floor":21,"turns":4},{"damage":10,"enemies":"Gremlin Leader","floor":23,"turns":4},{"damage":16,"enemies":"Shelled Parasite and Fungi","floor":24,"turns":4},{"damage":4,"enemies":"3 Cultists","floor":25,"turns":3},{"damage":13,"enemies":"Snecko","floor":28,"turns":3},{"damage":25,"enemies":"Shelled Parasite and Fungi","floor":30,"turns":3},{"damage":18,"enemies":"Snake Plant","floor":31,"turns":4},{"damage":55,"enemies":"Collector","floor":33,"turns":7}],"seed_played":"8978577627021571344","potions_obtained":[{"floor":4,"key":"SkillPotion"},{"floor":6,"key":"Weak Potion"},{"floor":11,"key":"Swift Potion"},{"floor":16,"key":"Block Potion"},{"floor":22,"key":"Strength Potion"},{"floor":28,"key":"Fire Potion"},{"floor":31,"key":"PowerPotion"}],"is_trial":false,"path_per_floor":["M","M","$","M","M","E","?","M","T","R","M","R","$","?","R","B",null,"M","$","M","?","?","E","M","M","T","R","M","R","M","M","R","B"],"character_chosen":"IRONCLAD","items_purchased":["Bludgeon"],"campfire_rested":2,"item_purchase_floors":[3],"current_hp_per_floor":[80,80,80,80,76,43,27,20,20,20,12,36,36,36,36,13,80,76,76,71,61,61,67,55,51,51,51,43,43,18,9,33,11],"gold":258,"neow_bonus":"BOSS_RELIC","is_prod":false,"is_daily":false,"chose_seed":false,"campfire_upgraded":4,"win_rate":0,"timestamp":1549821534,"path_taken":["M","M","$","M","M","E","?","M","T","R","M","R","$","?","R","BOSS","M","$","?","?","?","E","M","?","T","R","M","R","M","M","R","BOSS"],"build_version":"2019-01-23","purchased_purges":2,"victory":false,"max_hp_per_floor":[80,80,80,80,80,80,80,80,80,80,80,80,80,80,80,80,80,80,80,80,80,80,80,80,80,80,80,80,80,80,80,80,80],"card_choices":[{"not_picked":["Pommel Strike","Dropkick"],"picked":"Wild Strike","floor":1},{"not_picked":["Sentinel","Fire Breathing"],"picked":"Sword Boomerang","floor":2},{"not_picked":["Clothesline","Perfected Strike"],"picked":"Shrug It Off","floor":4},{"not_picked":["Intimidate","Sentinel"],"picked":"Rupture","floor":5},{"not_picked":["Entrench","Flex"],"picked":"Headbutt","floor":6},{"not_picked":["Warcry","Headbutt"],"picked":"Cleave","floor":8},{"not_picked":["Brutality","Perfected Strike","Iron Wave"],"picked":"SKIP","floor":11},{"not_picked":["Exhume","Brutality"],"picked":"Reaper","floor":16},{"not_picked":["Armaments","Shrug It Off"],"picked":"Ghostly Armor","floor":18},{"not_picked":["Warcry","Wild Strike"],"picked":"Reaper","floor":20},{"not_picked":["Clash","Rampage"],"picked":"Shockwave","floor":23},{"not_picked":["Armaments","Twin Strike"],"picked":"Combust","floor":24},{"not_picked":["Sword Boomerang","Heavy Blade"],"picked":"Ghostly Armor","floor":25},{"not_picked":["Shrug It Off","Entrench+1"],"picked":"Ghostly Armor","floor":28},{"not_picked":["Headbutt","Heavy Blade"],"picked":"Intimidate+1","floor":30},{"not_picked":["Iron Wave","Shrug It Off"],"picked":"Sever Soul+1","floor":31}],"player_experience":715028,"relics_obtained":[{"floor":6,"key":"Orichalcum"},{"floor":9,"key":"Omamori"},{"floor":23,"key":"Art of War"},{"floor":26,"key":"Oddly Smooth Stone"}],"event_choices":[{"damage_healed":0,"gold_gain":0,"player_choice":"Entered Light","damage_taken":16,"max_hp_gain":0,"max_hp_loss":0,"event_name":"Shining Light","floor":7,"gold_loss":0,"cards_upgraded":["Sentinel","Bash"]},{"damage_healed":0,"gold_gain":0,"player_choice":"Upgraded","damage_taken":0,"max_hp_gain":0,"max_hp_loss":0,"event_name":"Upgrade Shrine","floor":14,"gold_loss":0,"cards_upgraded":["Brutality"]},{"damage_healed":0,"gold_gain":0,"player_choice":"Fight","damage_taken":0,"max_hp_gain":0,"max_hp_loss":0,"event_name":"Colosseum","floor":21,"gold_loss":0},{"damage_healed":0,"gold_gain":0,"player_choice":"Fled From Nobs","damage_taken":0,"max_hp_gain":0,"max_hp_loss":0,"event_name":"Colosseum","floor":21,"gold_loss":0},{"damage_healed":0,"gold_gain":0,"player_choice":"Got Potions","damage_taken":0,"max_hp_gain":0,"max_hp_loss":0,"event_name":"Lab","floor":22,"gold_loss":0}],"is_beta":false,"boss_relics":[{"not_picked":["Snecko Eye","White Beast Statue"],"picked":"Mark of Pain"}],"items_purged_floors":[13,19],"is_endless":false,"potions_floor_spawned":[4,6,11,16,18,21,28,31],"killed_by":"Collector","ascension_level":0}