{"gold_per_floor":[219,294,294,294,77,77,93,107,154,187,201,213,68,81,81,81],"floor_reached":16,"playtime":904,"items_purged":["Regret"],"score":133,"play_id":"43d34e9a-62d4-4512-bb87-a16a86bdf073","local_time":"20190206212946","is_ascension_mode":true,"campfire_choices":[{"data":"Neutralize","floor":6,"key":"SMITH"},{"floor":15,"key":"REST"}],"neow_cost":"NONE","seed_source_timestamp":533334701536,"circlet_count":0,"master_deck":["Defend_G","Defend_G","Defend_G","Defend_G","Defend_G","Strike_G","Strike_G","Strike_G","Strike_G","Strike_G","Survivor","Neutralize+1","Footwork","Terror","Well Laid Plans","PiercingWail","Deadly Poison"],"relics":["Ring of the Snake","Singing Bowl","Happy Flower","Art of War","Bag of Marbles"],"potions_floor_usage":[],"damage_taken":[{"damage":2,"enemies":"Small Slimes","floor":1,"turns":3},{"damage":0,"enemies":"2 Louse","floor":7,"turns":4},{"damage":0,"enemies":"Jaw Worm","floor":8,"turns":4},{"damage":26,"enemies":"3 Sentries","floor":10,"turns":15},{"damage":0,"enemies":"Blue Slaver","floor":11,"turns":5},{"damage":8,"enemies":"Lots of Slimes","floor":12,"turns":6},{"damage":6,"enemies":"2 Fungi Beasts","floor":14,"turns":4},{"damage":39,"enemies":"Hexaghost","floor":16,"turns":13}],"seed_played":"-8531824682438943288","potions_obtained":[{"floor":1,"key":"Strength Potion"},{"floor":12,"key":"Regen Potion"}],"is_trial":false,"path_per_floor":["M","?","?","T","$","R","M","M","T","E","M","M","$","M","R","B"],"character_chosen":"THE_SILENT","items_purchased":["Footwork","Terror","Bag of Marbles"],"campfire_rested":1,"item_purchase_floors":[5,5,13],"current_hp_per_floor":[61,50,50,50,50,50,50,50,50,26,28,22,22,16,38,0],"gold":81,"neow_bonus":"HUNDRED_GOLD","is_prod":false,"is_daily":false,"chose_seed":false,"campfire_upgraded":1,"win_rate":0,"timestamp":1549517386,"path_taken":["M","?","?","?","?","R","M","M","T","E","M","M","$","M","R","BOSS"],"build_version":"2019-01-23","purchased_purges":1,"victory":false,"max_hp_per_floor":[70,70,70,70,70,70,70,70,70,72,74,76,76,76,76,76],"card_choices":[{"not_picked":["Escape Plan","Deflect","Dagger Spray"],"picked":"SKIP","floor":1},{"not_picked":["Blade Dance","Heel Hook"],"picked":"Well Laid Plans","floor":7},{"not_picked":["Underhanded Strike","Flying Knee"],"picked":"PiercingWail","floor":8},{"not_picked":["Dagger Spray","Blur","Flechettes"],"picked":"Singing Bowl","floor":10},{"not_picked":["Masterful Stab","Quick Slash","Calculated Gamble"],"picked":"Singing Bowl","floor":11},{"not_picked":["Dodge and Roll","Slice","Deflect"],"picked":"Singing Bowl","floor":12},{"not_picked":["Quick Slash","Acrobatics"],"picked":"Deadly Poison","floor":14}],"player_experience":280927,"relics_obtained":[{"floor":9,"key":"Happy Flower"},{"floor":10,"key":"Art of War"}],"event_choices":[{"damage_healed":0,"gold_gain":75,"player_choice":"Gather Gold","damage_taken":11,"max_hp_gain":0,"max_hp_loss":0,"event_name":"World of Goop","floor":2,"gold_loss":0},{"damage_healed":0,"gold_gain":0,"player_choice":"Box","damage_taken":0,"relics_obtained":["Singing Bowl"],"max_hp_gain":0,"max_hp_loss":0,"event_name":"Big Fish","floor":3,"gold_loss":0,"cards_obtained":["Regret"]}],"is_beta":false,"boss_relics":[],"items_purged_floors":[5],"is_endless":false,"potions_floor_spawned":[1,12],"killed_by":"Hexaghost","ascension_level":6}