{"gold_per_floor":[115,115,128,128,4,4,31,43,55,67,91,103,115,127,139,227,239,264,293,305,317],"floor_reached":21,"playtime":679,"items_purged":["Defend_R"],"score":306,"play_id":"501615d5-86fd-4599-8cae-4be6e6361d2a","local_time":"20190124144744","is_ascension_mode":true,"campfire_choices":[{"data":"Inflame","floor":6,"key":"SMITH"},{"data":"Warcry","floor":8,"key":"SMITH"},{"data":"Bash","floor":10,"key":"SMITH"},{"floor":12,"key":"REST"},{"floor":15,"key":"RECALL"}],"neow_cost":"PERCENT_DAMAGE","seed_source_timestamp":570045770710190,"circlet_count":0,"master_deck":["AscendersBane","Strike_R","Strike_R+1","Strike_R","Defend_R","Defend_R","Defend_R+1","Bash+1","Inflame+1","Warcry+1","Reaper","Shrug It Off+1"],"relics":["Burning Blood","MawBank","Pear","Runic Dome"],"potions_floor_usage":[7,7,16],"damage_taken":[{"damage":11,"enemies":"Small Slimes","floor":1,"turns":4},{"damage":3,"enemies":"2 Louse","floor":3,"turns":4},{"damage":10,"enemies":"Lagavulin","floor":7,"turns":6},{"damage":7,"enemies":"Jaw Worm","floor":11,"turns":3},{"damage":68,"enemies":"Slime Boss","floor":16,"turns":10},{"damage":44,"enemies":"2 Thieves","floor":18,"turns":4},{"damage":28,"enemies":"Shell Parasite","floor":19,"turns":6},{"damage":49,"enemies":"Sentry and Sphere","floor":21,"turns":8}],"seed_played":"5512682221245577375","potions_obtained":[{"floor":3,"key":"SkillPotion"},{"floor":11,"key":"Strength Potion"},{"floor":16,"key":"EssenceOfSteel"},{"floor":19,"key":"AttackPotion"}],"is_trial":false,"path_per_floor":["M","?","M","?","$","R","E","R","T","R","M","R","$","$","R","B",null,"M","M","?","M"],"character_chosen":"IRONCLAD","items_purchased":["PowerPotion"],"campfire_rested":1,"item_purchase_floors":[5],"current_hp_per_floor":[45,70,73,50,50,50,46,46,56,56,55,80,80,80,80,18,68,44,32,32,0],"gold":317,"neow_bonus":"REMOVE_TWO","is_prod":false,"is_daily":false,"chose_seed":false,"campfire_upgraded":3,"win_rate":0,"timestamp":1548359264,"path_taken":["M","?","M","?","$","R","E","R","T","R","?","R","?","$","R","BOSS","M","?","?","M"],"build_version":"2019-01-23","purchased_purges":1,"victory":false,"max_hp_per_floor":[75,75,75,75,75,75,75,75,85,85,85,85,85,85,85,85,85,85,85,85,85],"card_choices":[{"not_picked":["Pommel Strike","Dual Wield","True Grit"],"picked":"SKIP","floor":1},{"not_picked":["Clash","Iron Wave"],"picked":"Inflame","floor":3},{"not_picked":["Havoc","Sentinel"],"picked":"Warcry","floor":7},{"not_picked":["Twin Strike","Seeing Red","Feel No Pain"],"picked":"SKIP","floor":11},{"not_picked":["Juggernaut","Double Tap"],"picked":"Reaper","floor":16},{"not_picked":["Clash+1","Twin Strike","Body Slam"],"picked":"SKIP","floor":18},{"not_picked":["Fiend Fire","Dual Wield"],"picked":"Shrug It Off+1","floor":19}],"player_experience":417125,"relics_obtained":[{"floor":7,"key":"MawBank"},{"floor":9,"key":"Pear"}],"event_choices":[{"damage_healed":25,"gold_gain":0,"player_choice":"Banana","damage_taken":0,"max_hp_gain":0,"max_hp_loss":0,"event_name":"Big Fish","floor":2,"gold_loss":0},{"damage_healed":0,"gold_gain":0,"player_choice":"Entered Light","damage_taken":23,"max_hp_gain":0,"max_hp_loss":0,"event_name":"Shining Light","floor":4,"gold_loss":0,"cards_upgraded":["Defend_R","Strike_R"]},{"damage_healed":0,"gold_gain":0,"player_choice":"Ignored","damage_taken":0,"max_hp_gain":0,"max_hp_loss":0,"event_name":"Vampires","floor":20,"gold_loss":0}],"is_beta":false,"boss_relics":[{"not_picked":["Eternal Feather","White Beast Statue"],"picked":"Runic Dome"}],"items_purged_floors":[5],"is_endless":false,"potions_floor_spawned":[3,11,16,19],"killed_by":"Sentry and Sphere","ascension_level":15}