{"gold_per_floor":[115,190,190,209,209,244,244,278,305,336,140,140,65,82,82,182,182,182,137,14,14,14,14,14,14,14,14,14,14,14,14,14,14,14,14,14,14,14,14,14,14,14],"floor_reached":42,"playtime":1640,"items_purged":["Strike_R","Strike_R"],"score":728,"play_id":"e92d7aa9-daab-4c51-a2ba-40f7d028e899","local_time":"20181220155224","is_ascension_mode":true,"campfire_choices":[{"floor":7,"key":"RECALL"},{"data":"Apotheosis","floor":12,"key":"SMITH"},{"data":"Spot Weakness","floor":15,"key":"SMITH"},{"floor":23,"key":"REST"},{"floor":25,"key":"REST"},{"data":"Rampage","floor":32,"key":"SMITH"},{"data":"Feed","floor":40,"key":"SMITH"}],"neow_cost":"NONE","seed_source_timestamp":179338854589102,"circlet_count":0,"master_deck":["Defend_R+1","Defend_R","Defend_R","Bash","Spot Weakness+1","Limit Break+1","Cleave","Apotheosis+1","Rampage+1","Ghostly Armor","Heavy Blade","Sword Boomerang","Bite","Bite","Bite","Bite","Bite","Spot Weakness","Ghostly","Ghostly","Ghostly","Ghostly","Ghostly","Feed+1","Cleave+1"],"relics":["Burning Blood","NeowsBlessing","Dream Catcher","Vajra","War Paint","Ectoplasm","Lantern","Black Star","Incense Burner"],"potions_floor_usage":[14,16,28],"damage_taken":[{"damage":0,"enemies":"Cultist","floor":1,"turns":1},{"damage":0,"enemies":"Jaw Worm","floor":4,"turns":1},{"damage":0,"enemies":"3 Sentries","floor":6,"turns":2},{"damage":35,"enemies":"Lagavulin","floor":8,"turns":6},{"damage":28,"enemies":"Gremlin Nob","floor":10,"turns":4},{"damage":5,"enemies":"Small Slimes","floor":14,"turns":2},{"damage":11,"enemies":"Hexaghost","floor":16,"turns":8},{"damage":12,"enemies":"Chosen","floor":18,"turns":3},{"damage":25,"enemies":"2 Thieves","floor":19,"turns":3},{"damage":27,"enemies":"Snake Plant","floor":21,"turns":5},{"damage":24,"enemies":"Cultist and Chosen","floor":24,"turns":5},{"damage":36,"enemies":"Slavers","floor":28,"turns":4},{"damage":2,"enemies":"Snecko","floor":30,"turns":6},{"damage":6,"enemies":"Shelled Parasite and Fungi","floor":31,"turns":5},{"damage":2,"enemies":"Automaton","floor":33,"turns":8},{"damage":12,"enemies":"3 Shapes","floor":35,"turns":6},{"damage":2,"enemies":"Orb Walker","floor":37,"turns":4},{"damage":10,"enemies":"Mind Bloom Boss Battle","floor":39,"turns":7},{"damage":41,"enemies":"4 Shapes","floor":41,"turns":6},{"damage":45,"enemies":"Giant Head","floor":42,"turns":5}],"seed_played":"8504646746839533865","potions_obtained":[{"floor":6,"key":"SkillPotion"},{"floor":8,"key":"Strength Potion"},{"floor":10,"key":"Poison Potion"},{"floor":19,"key":"Block Potion"},{"floor":21,"key":"EssenceOfSteel"},{"floor":24,"key":"Dexterity Potion"},{"floor":31,"key":"Strength Potion"},{"floor":37,"key":"Strength Potion"}],"is_trial":false,"path_per_floor":["M","?","?","M","?","E","R","E","T","E","$","R","$","M","R","B",null,"M","M","$","M","?","R","M","R","T","?","E","?","M","M","R","B",null,"M","?","M","$","?","R","M","E"],"character_chosen":"IRONCLAD","items_purchased":["Apotheosis","Heavy Blade"],"campfire_rested":2,"item_purchase_floors":[11,20],"current_hp_per_floor":[78,67,80,80,64,70,70,41,41,21,21,21,21,24,24,21,65,61,44,44,25,25,49,46,70,70,70,52,40,40,40,40,40,40,43,43,43,43,47,47,26,0],"gold":14,"neow_bonus":"THREE_ENEMY_KILL","is_prod":false,"is_daily":false,"chose_seed":false,"campfire_upgraded":4,"win_rate":0,"timestamp":1545339144,"path_taken":["M","?","?","?","?","E","R","E","T","E","$","R","$","M","R","BOSS","M","M","$","M","?","R","M","R","T","?","E","?","M","M","R","BOSS","M","?","M","$","?","R","M","E"],"build_version":"2018-12-13","purchased_purges":2,"victory":false,"max_hp_per_floor":[80,80,80,80,80,80,80,80,80,80,80,80,80,80,80,80,80,80,80,80,80,80,80,80,80,80,80,80,40,40,40,40,40,40,43,43,43,43,47,47,47,47],"card_choices":[{"not_picked":["Warcry","Sever Soul"],"picked":"Dropkick","floor":1},{"not_picked":["Heavy Blade","Iron Wave"],"picked":"Spot Weakness","floor":4},{"not_picked":["Anger","Perfected Strike"],"picked":"Limit Break","floor":6},{"not_picked":["Thunderclap","Havoc"],"picked":"Cleave","floor":8},{"not_picked":["Body Slam","Barricade","Hemokinesis"],"picked":"SKIP","floor":10},{"not_picked":["Iron Wave","Twin Strike","Wild Strike"],"picked":"SKIP","floor":14},{"not_picked":["Power Through","Clash"],"picked":"Rampage","floor":18},{"not_picked":["Power Through","Perfected Strike+1"],"picked":"Ghostly Armor","floor":19},{"not_picked":["Sever Soul","Havoc"],"picked":"Sword Boomerang","floor":21},{"not_picked":["Sentinel","Pommel Strike","Dual Wield"],"picked":"SKIP","floor":24},{"not_picked":["Uppercut","Heavy Blade","Rage"],"picked":"SKIP","floor":28},{"not_picked":["Shrug It Off+1","Fiend Fire","Dual Wield"],"picked":"SKIP","floor":30},{"not_picked":["Perfected Strike","Flex","Battle Trance"],"picked":"SKIP","floor":31},{"not_picked":["Reaper","Barricade"],"picked":"Feed","floor":33},{"not_picked":["Anger","Bloodletting+1","Perfected Strike"],"picked":"SKIP","floor":35},{"not_picked":["Rupture+1","Armaments+1","Wild Strike+1"],"picked":"SKIP","floor":37},{"not_picked":["Whirlwind","Wild Strike+1"],"picked":"Cleave+1","floor":39},{"not_picked":["Perfected Strike+1","Rage+1","Sentinel"],"picked":"SKIP","floor":41}],"player_experience":294624,"relics_obtained":[{"floor":6,"key":"Dream Catcher"},{"floor":8,"key":"Blood Vial"},{"floor":9,"key":"Vajra"},{"floor":10,"key":"War Paint"},{"floor":28,"key":"Lantern"},{"floor":39,"key":"Incense Burner"}],"event_choices":[{"damage_healed":0,"gold_gain":75,"player_choice":"Gather Gold","damage_taken":11,"max_hp_gain":0,"max_hp_loss":0,"event_name":"World of Goop","floor":2,"gold_loss":0},{"cards_removed":["Dropkick"],"damage_healed":13,"gold_gain":0,"player_choice":"Offered Uncommon","damage_taken":0,"max_hp_gain":0,"max_hp_loss":0,"event_name":"Bonfire Elementals","floor":3,"gold_loss":0},{"damage_healed":0,"gold_gain":0,"player_choice":"Entered Light","damage_taken":16,"max_hp_gain":0,"max_hp_loss":0,"event_name":"Shining Light","floor":5,"gold_loss":0,"cards_upgraded":["Strike_R","Strike_R"]},{"damage_healed":0,"gold_gain":0,"player_choice":"Became a vampire (Vial)","damage_taken":0,"max_hp_gain":0,"max_hp_loss":0,"event_name":"Vampires","floor":22,"relics_lost":["Blood Vial"],"gold_loss":0,"cards_obtained":["Bite","Bite","Bite","Bite","Bite"]},{"damage_healed":0,"gold_gain":0,"player_choice":"Read","damage_taken":0,"max_hp_gain":0,"max_hp_loss":0,"event_name":"The Library","floor":27,"gold_loss":0,"cards_obtained":["Spot Weakness"]},{"damage_healed":0,"gold_gain":0,"player_choice":"Became a Ghost","damage_taken":0,"max_hp_gain":0,"max_hp_loss":40,"event_name":"Ghosts","floor":29,"gold_loss":0,"cards_obtained":["Ghostly","Ghostly","Ghostly","Ghostly","Ghostly"]},{"cards_removed":["Defend_R"],"damage_healed":0,"gold_gain":0,"player_choice":"Removed Skill","damage_taken":0,"max_hp_gain":0,"max_hp_loss":0,"event_name":"Falling","floor":36,"gold_loss":0},{"damage_healed":0,"gold_gain":0,"player_choice":"Fight","damage_taken":0,"max_hp_gain":0,"max_hp_loss":0,"event_name":"MindBloom","floor":39,"gold_loss":0}],"is_beta":false,"boss_relics":[{"not_picked":["Pandora\u0027s Box","Lizard Tail"],"picked":"Ectoplasm"},{"not_picked":["Eternal Feather","Runic Pyramid"],"picked":"Black Star"}],"items_purged_floors":[13,20],"is_endless":false,"potions_floor_spawned":[6,8,10,19,21,24,31,37,41],"killed_by":"Giant Head","ascension_level":8}