{"path_per_floor":["M","?","M","?","$","?","M","$","T","M","E","M","M","M","R","B",null,"M","$","M","?","$","R","M","M","T","?","M","R","E","M","R","B",null,"M","?","?","?","M","M","$","$","T","M","M","M","$","E","R"],"character_chosen":"THE_SILENT","items_purchased":["Footwork","Cloak And Dagger","Bottled Tornado","Cloak And Dagger","Sundial","Happy Flower","Ice Cream","Blood Vial","Lee\u0027s Waffle","Blur"],"gold_per_floor":[144,144,189,189,12,12,57,57,57,102,192,237,282,327,327,627,627,672,277,322,322,22,22,67,112,112,112,157,157,247,292,292,592,592,637,637,637,637,682,727,577,127,127,172,217,262,27,117,117,117],"floor_reached":50,"campfire_rested":5,"playtime":2873,"current_hp_per_floor":[70,70,70,70,70,67,67,67,67,67,37,37,37,37,58,47,70,56,56,56,43,43,65,56,46,46,71,71,75,61,61,75,27,75,71,71,71,71,61,53,53,53,53,35,36,37,82,82,82,0],"items_purged":["Regret","Accuracy"],"gold":117,"score":573,"play_id":"e6417a23-7a97-4df0-a028-0d78f3dbf173","local_time":"20180507213558","daily_mods":["Draft","Midas","Time Dilation"],"is_prod":false,"is_daily":true,"chose_seed":false,"is_ascension_mode":false,"campfire_upgraded":0,"timestamp":1525754158,"path_taken":["M","?","M","?","$","?","?","$","T","M","E","M","M","M","R","BOSS","M","$","M","?","$","R","M","?","T","?","M","R","E","M","R","BOSS","M","?","?","?","M","?","?","$","T","M","?","M","$","E","R","BOSS"],"build_version":"2018-05-03","seed_source_timestamp":0,"purchased_purges":2,"victory":false,"master_deck":["Terror","Slice","Backflip","Quick Slash","PiercingWail","Poisoned Stab","Poisoned Stab","Escape Plan","Backstab","Dagger Spray","Backflip","Dagger Throw","Dagger Spray","Footwork","Cloak And Dagger","Noxious Fumes","Catalyst","Noxious Fumes","Bouncing Flask","Bullet Time","Cloak And Dagger","Glass Knife","Adrenaline","Catalyst","Blur"],"max_hp_per_floor":[70,70,70,70,70,70,70,70,70,70,70,70,70,70,70,70,70,70,70,70,75,75,75,75,75,75,75,75,75,75,75,75,75,75,75,75,75,75,75,75,75,75,75,75,75,75,82,82,82,82],"relics":["Ring of the Snake","Gambling Chip","Dream Catcher","Dead Branch","Thread and Needle","Runic Pyramid","Bottled Tornado","Sundial","Centennial Puzzle","Prayer Wheel","Runic Dome","Happy Flower","Ice Cream","Blood Vial","Torii","Lee\u0027s Waffle","Ornamental Fan"],"card_choices":[{"not_picked":["Acrobatics","Bane"],"picked":"Backflip","floor":0},{"not_picked":["Dagger Spray","Deflect"],"picked":"Terror","floor":0},{"not_picked":["Deflect","Dagger Throw"],"picked":"Acrobatics","floor":0},{"not_picked":["Acrobatics","Concentrate"],"picked":"Slice","floor":0},{"not_picked":["Deflect","Quick Slash"],"picked":"Backflip","floor":0},{"not_picked":["Deadly Poison","Masterful Stab"],"picked":"Quick Slash","floor":0},{"not_picked":["Riddle With Holes","Terror"],"picked":"PiercingWail","floor":0},{"not_picked":["Underhanded Strike","Concentrate"],"picked":"Poisoned Stab","floor":0},{"not_picked":["Dagger Throw","Acrobatics"],"picked":"Poisoned Stab","floor":0},{"not_picked":["Dodge and Roll","Crippling Poison"],"picked":"Escape Plan","floor":0},{"not_picked":["Deadly Poison","Quick Slash"],"picked":"Backstab","floor":0},{"not_picked":["Poisoned Stab","Underhanded Strike"],"picked":"Dagger Spray","floor":0},{"not_picked":["Flying Knee","Underhanded Strike"],"picked":"Backflip","floor":0},{"not_picked":["Underhanded Strike","Sucker Punch"],"picked":"Dagger Throw","floor":0},{"not_picked":["PiercingWail","All Out Attack"],"picked":"Dagger Spray","floor":0},{"not_picked":["Dagger Spray","Underhanded Strike"],"picked":"Infinite Blades","floor":1},{"not_picked":["Setup","Underhanded Strike"],"picked":"Accuracy","floor":7},{"not_picked":["Acrobatics","Deadly Poison"],"picked":"Noxious Fumes","floor":10},{"not_picked":["Deflect","Setup"],"picked":"Catalyst","floor":12},{"not_picked":["Slice","Dodge and Roll"],"picked":"Noxious Fumes","floor":14},{"not_picked":["Dagger Throw","Slice"],"picked":"Bouncing Flask","floor":15},{"not_picked":["After Image","Corpse Explosion"],"picked":"Bullet Time","floor":16},{"not_picked":["Dash","Backflip"],"picked":"Glass Knife","floor":24},{"not_picked":["Blade Dance","Setup"],"picked":"Catalyst","floor":40}],"player_experience":150504,"potions_floor_usage":[24,28,33,44,50,50],"damage_taken":[{"damage":0,"enemies":"2 Louse","floor":1,"turns":2},{"damage":0,"enemies":"Cultist","floor":3,"turns":2},{"damage":0,"enemies":"Small Slimes","floor":7,"turns":2},{"damage":0,"enemies":"Looter","floor":10,"turns":2},{"damage":30,"enemies":"Gremlin Nob","floor":11,"turns":4},{"damage":0,"enemies":"3 Louse","floor":12,"turns":2},{"damage":0,"enemies":"2 Fungi Beasts","floor":13,"turns":2},{"damage":0,"enemies":"Lots of Slimes","floor":14,"turns":2},{"damage":11,"enemies":"Hexaghost","floor":16,"turns":6},{"damage":14,"enemies":"Shell Parasite","floor":18,"turns":5},{"damage":0,"enemies":"Chosen","floor":20,"turns":4},{"damage":9,"enemies":"Centurion and Healer","floor":24,"turns":5},{"damage":10,"enemies":"Snecko","floor":25,"turns":4},{"damage":0,"enemies":"3 Cultists","floor":28,"turns":3},{"damage":14,"enemies":"Gremlin Leader","floor":30,"turns":4},{"damage":0,"enemies":"Cultist and Chosen","floor":31,"turns":5},{"damage":48,"enemies":"Champ","floor":33,"turns":8},{"damage":4,"enemies":"Orb Walker","floor":35,"turns":3},{"damage":10,"enemies":"3 Darklings","floor":39,"turns":3},{"damage":8,"enemies":"4 Shapes","floor":40,"turns":5},{"damage":20,"enemies":"Maw","floor":44,"turns":4},{"damage":1,"enemies":"Sphere and 2 Shapes","floor":45,"turns":3},{"damage":1,"enemies":"4 Shapes","floor":46,"turns":3},{"damage":0,"enemies":"Nemesis","floor":48,"turns":5},{"damage":83,"enemies":"Time Eater","floor":50,"turns":7}],"event_choices":[{"event_name":"Wheel of Change","player_choice":"Card Removal","floor":2,"damage_taken":0},{"event_name":"Big Fish","player_choice":"Box","floor":4,"damage_taken":0},{"event_name":"Scrap Ooze","player_choice":"success","floor":6,"damage_taken":3},{"event_name":"Forgotten Altar","player_choice":"Shed Blood","floor":21,"damage_taken":0},{"event_name":"The Library","player_choice":"Heal","floor":27,"damage_taken":0},{"event_name":"Transmorgrifier","player_choice":"Transform","floor":36,"damage_taken":0},{"event_name":"Tomb of Lord Red Mask","player_choice":"Ignored","floor":38,"damage_taken":0}],"boss_relics":[{"not_picked":["Orrery","White Beast Statue"],"picked":"Runic Pyramid"},{"not_picked":["Astrolabe","Lizard Tail"],"picked":"Runic Dome"}],"potions_floor_spawned":[12,13,16,25,28,30,45,46],"seed_played":"1506148265124497157","killed_by":"Time Eater","ascension_level":0,"is_trial":false}