{"gold_per_floor":[118,118,47,60,74,107,107,142,218,218,218,232,250,107,107,210,210,226,237,257,79,94,94,94,94,94,94,110,144,144,156,156,156],"floor_reached":33,"playtime":2076,"items_purged":["Defend_G","Strike_G"],"score":360,"play_id":"64ab672c-5f4f-4a33-86b4-f9af0b1ad143","local_time":"20190127142921","is_ascension_mode":true,"campfire_choices":[{"data":"Crippling Poison","floor":7,"key":"SMITH"},{"floor":10,"key":"REST"},{"data":"Malaise","floor":15,"key":"SMITH"},{"data":"Bane","floor":23,"key":"SMITH"},{"data":"Bane","floor":25,"key":"SMITH"},{"data":"Malaise","floor":27,"key":"SMITH"},{"floor":30,"key":"REST"},{"data":"Backflip","floor":32,"key":"SMITH"}],"neow_cost":"NONE","seed_source_timestamp":32228902781206,"circlet_count":0,"master_deck":["Defend_G","Defend_G","Defend_G","Defend_G","Strike_G","Strike_G","Strike_G","Strike_G","Survivor","Neutralize+1","Backflip+1","Well Laid Plans","Quick Slash","Backflip","Crippling Poison+1","Bane+1","Malaise+1","Bane+1","Escape Plan","Malaise+1","Cloak And Dagger","Bane","Poisoned Stab","Cloak And Dagger"],"relics":["Ring of the Snake","Ice Cream","Bag of Marbles","Ninja Scroll","Busted Crown","Matryoshka","Potion Belt","Mummified Hand","Lantern"],"potions_floor_usage":[6,8,16,28,29],"damage_taken":[{"damage":3,"enemies":"2 Louse","floor":1,"turns":2},{"damage":0,"enemies":"Cultist","floor":4,"turns":3},{"damage":3,"enemies":"Jaw Worm","floor":5,"turns":5},{"damage":37,"enemies":"Lagavulin","floor":6,"turns":8},{"damage":8,"enemies":"3 Sentries","floor":8,"turns":8},{"damage":0,"enemies":"Lots of Slimes","floor":12,"turns":2},{"damage":0,"enemies":"3 Louse","floor":13,"turns":2},{"damage":10,"enemies":"Hexaghost","floor":16,"turns":12},{"damage":12,"enemies":"2 Thieves","floor":18,"turns":4},{"damage":0,"enemies":"3 Byrds","floor":19,"turns":4},{"damage":12,"enemies":"Centurion and Healer","floor":20,"turns":7},{"damage":0,"enemies":"Cultist and Chosen","floor":22,"turns":6},{"damage":11,"enemies":"Snecko","floor":28,"turns":4},{"damage":6,"enemies":"Gremlin Leader","floor":29,"turns":8},{"damage":6,"enemies":"Snake Plant","floor":31,"turns":4},{"damage":32,"enemies":"Champ","floor":33,"turns":9}],"seed_played":"1556006806403615215","potions_obtained":[{"floor":2,"key":"Block Potion"},{"floor":2,"key":"Fire Potion"},{"floor":2,"key":"SpeedPotion"},{"floor":6,"key":"Fire Potion"},{"floor":8,"key":"Energy Potion"},{"floor":18,"key":"SkillPotion"},{"floor":29,"key":"Dexterity Potion"}],"is_trial":false,"path_per_floor":["M","?","$","M","M","E","R","E","T","R","?","M","M","$","R","B",null,"M","M","M","$","M","R","T","R","T","R","M","E","R","M","R","B"],"character_chosen":"THE_SILENT","items_purchased":["Well Laid Plans","Escape Plan","Cloak And Dagger","Bane"],"campfire_rested":2,"item_purchase_floors":[3,14,21,21],"current_hp_per_floor":[60,60,60,60,57,20,20,12,12,33,33,33,33,33,33,23,58,46,46,34,34,34,34,34,34,34,34,23,17,38,32,32,0],"gold":156,"neow_bonus":"UPGRADE_CARD","is_prod":false,"is_daily":false,"chose_seed":false,"campfire_upgraded":6,"win_rate":0,"timestamp":1548628161,"path_taken":["M","?","?","?","M","E","R","E","T","R","?","M","M","?","R","BOSS","M","M","?","$","M","R","?","R","T","R","M","E","R","M","R","BOSS"],"build_version":"2019-01-23","purchased_purges":2,"victory":false,"max_hp_per_floor":[70,70,70,70,70,70,70,70,70,70,70,70,70,70,70,70,70,70,70,70,70,70,70,70,70,70,70,70,70,70,70,70,70],"card_choices":[{"not_picked":["Underhanded Strike","Deadly Poison"],"picked":"Backflip","floor":1},{"not_picked":["Deadly Poison","Underhanded Strike"],"picked":"Quick Slash","floor":4},{"not_picked":["Outmaneuver","Flying Knee"],"picked":"Backflip","floor":5},{"not_picked":["Endless Agony","Reflex"],"picked":"Crippling Poison","floor":6},{"not_picked":["Skewer","Infinite Blades"],"picked":"Bane","floor":8},{"not_picked":["Dodge and Roll","Terror"],"picked":"Malaise","floor":12},{"not_picked":["Expertise","Skewer"],"picked":"Bane","floor":13},{"not_picked":["Storm of Steel","Envenom"],"picked":"Malaise","floor":16},{"not_picked":["Predator"],"picked":"SKIP","floor":18},{"not_picked":["Flying Knee+1"],"picked":"SKIP","floor":19},{"not_picked":["Skewer"],"picked":"SKIP","floor":20},{"not_picked":[],"picked":"Poisoned Stab","floor":22},{"not_picked":["Dagger Throw+1"],"picked":"SKIP","floor":28},{"not_picked":[],"picked":"Cloak And Dagger","floor":29},{"not_picked":["Dodge and Roll"],"picked":"SKIP","floor":31}],"player_experience":247384,"relics_obtained":[{"floor":6,"key":"Ice Cream"},{"floor":8,"key":"Bag of Marbles"},{"floor":9,"key":"Ninja Scroll"},{"floor":24,"key":"Matryoshka"},{"floor":26,"key":"Potion Belt"},{"floor":26,"key":"Mummified Hand"},{"floor":29,"key":"Lantern"}],"event_choices":[{"damage_healed":0,"gold_gain":0,"player_choice":"Got Potions","damage_taken":0,"max_hp_gain":0,"max_hp_loss":0,"event_name":"Lab","floor":2,"gold_loss":0},{"damage_healed":0,"gold_gain":0,"player_choice":"Bought 0 Potions","damage_taken":0,"max_hp_gain":0,"max_hp_loss":0,"event_name":"The Woman in Blue","floor":11,"gold_loss":0}],"is_beta":false,"boss_relics":[{"not_picked":["Runic Pyramid","Empty Cage"],"picked":"Busted Crown"}],"items_purged_floors":[14,21],"is_endless":false,"potions_floor_spawned":[6,8,12,18,19,22,29],"killed_by":"Champ","ascension_level":6}