{"gold_per_floor":[117,131,206,206,216,216,228,302,327,339],"floor_reached":10,"playtime":318,"items_purged":[],"score":93,"play_id":"aa808610-d8d7-4446-9683-0f87850671ae","local_time":"20190220231913","is_ascension_mode":true,"campfire_choices":[{"floor":6,"key":"REST"}],"neow_cost":"PERCENT_DAMAGE","seed_source_timestamp":55545055411840,"circlet_count":0,"master_deck":["AscendersBane","Strike_R","Strike_R","Strike_R","Strike_R","Strike_R","Defend_R","Defend_R","Defend_R","Defend_R+1","Bash","Dark Embrace","Shockwave","Flame Barrier+1","Body Slam","Metallicize"],"relics":["Burning Blood","Shuriken","MawBank"],"potions_floor_usage":[7],"damage_taken":[{"damage":19,"enemies":"Small Slimes","floor":1,"turns":4},{"damage":5,"enemies":"2 Louse","floor":2,"turns":4},{"damage":0,"enemies":"Jaw Worm","floor":5,"turns":4},{"damage":22,"enemies":"Large Slime","floor":7,"turns":10},{"damage":27,"enemies":"Exordium Thugs","floor":10,"turns":5}],"seed_played":"6914365316095991854","potions_obtained":[{"floor":1,"key":"Ancient Potion"},{"floor":2,"key":"Ancient Potion"}],"is_trial":false,"path_per_floor":["M","M","?","?","M","R","M","T","T","M"],"character_chosen":"IRONCLAD","items_purchased":[],"campfire_rested":1,"item_purchase_floors":[],"current_hp_per_floor":[38,39,28,12,18,42,26,26,26,0],"gold":339,"neow_bonus":"THREE_RARE_CARDS","is_prod":false,"is_daily":false,"chose_seed":false,"campfire_upgraded":0,"win_rate":0,"timestamp":1550733553,"path_taken":["M","M","?","?","M","R","M","?","T","M"],"build_version":"2019-01-23","purchased_purges":0,"victory":false,"max_hp_per_floor":[80,80,80,80,80,80,80,80,80,80],"card_choices":[{"not_picked":["Brutality","Bludgeon"],"picked":"Dark Embrace","floor":0},{"not_picked":["Flex","Clothesline"],"picked":"Shockwave","floor":1},{"not_picked":["Shockwave","Headbutt"],"picked":"Flame Barrier","floor":2},{"not_picked":["Thunderclap","Clothesline"],"picked":"Body Slam","floor":5},{"not_picked":["Perfected Strike","Disarm"],"picked":"Metallicize","floor":7}],"player_experience":450247,"relics_obtained":[{"floor":8,"key":"Shuriken"},{"floor":9,"key":"MawBank"}],"event_choices":[{"damage_healed":0,"gold_gain":75,"player_choice":"Gather Gold","damage_taken":11,"max_hp_gain":0,"max_hp_loss":0,"event_name":"World of Goop","floor":3,"gold_loss":0},{"damage_healed":0,"gold_gain":0,"player_choice":"Entered Light","damage_taken":16,"max_hp_gain":0,"max_hp_loss":0,"event_name":"Shining Light","floor":4,"gold_loss":0,"cards_upgraded":["Flame Barrier","Defend_R"]}],"is_beta":false,"boss_relics":[],"items_purged_floors":[],"is_endless":false,"potions_floor_spawned":[1,2],"killed_by":"Exordium Thugs","ascension_level":12}