{"gold_per_floor":[116,116,133,151,151,151,180,180,180,180,192,39,50,64,64,167,167,178,93,103,3,3,35,35,54,54,54,54,54,4,15,15,114,114,131,131,150,162,175,175,202,202,202,77,77,92,15,26,26,26],"floor_reached":51,"playtime":1852,"items_purged":["Strike_B","Writhe","Doubt"],"score":722,"play_id":"ea16208d-c052-4134-8f62-f4ecb642c36e","local_time":"20190305211637","is_ascension_mode":false,"campfire_choices":[{"data":"Zap","floor":6,"key":"SMITH"},{"data":"Dualcast","floor":10,"key":"SMITH"},{"data":"Defragment","floor":15,"key":"SMITH"},{"data":"Electrodynamics","floor":27,"key":"SMITH"},{"data":"Defragment","floor":32,"key":"SMITH"},{"data":"Creative AI","floor":40,"key":"SMITH"},{"data":"Glacier","floor":45,"key":"SMITH"},{"data":"Storm","floor":49,"key":"SMITH"}],"neow_cost":"CURSE","seed_source_timestamp":702309835419848,"circlet_count":0,"master_deck":["Defend_B","Defend_B","Defend_B","Zap+1","Dualcast+1","Ball Lightning","Auto Shields","Steam","Defragment+1","Glacier+1","Electrodynamics+1","Conserve Battery+1","Leap","Defragment+1","Force Field","Capacitor+1","FTL","Creative AI+1","Beam Cell+1","FTL+1","Streamline+1","Ball Lightning+1","Chaos+1","Seek","Tempest+1","Storm+1"],"relics":["Cracked Core","Incense Burner","Pantograph","Letter Opener","Bag of Marbles","Nuclear Battery","Mercury Hourglass","Vajra","Boot","Astrolabe","Peace Pipe","Dodecahedron"],"potions_floor_usage":[38,38,50,50],"damage_taken":[{"damage":0,"enemies":"Cultist","floor":1,"turns":3},{"damage":1,"enemies":"Jaw Worm","floor":3,"turns":4},{"damage":0,"enemies":"Small Slimes","floor":4,"turns":3},{"damage":2,"enemies":"Lagavulin","floor":7,"turns":5},{"damage":6,"enemies":"Blue Slaver","floor":11,"turns":2},{"damage":0,"enemies":"3 Louse","floor":13,"turns":3},{"damage":6,"enemies":"Large Slime","floor":14,"turns":4},{"damage":35,"enemies":"The Guardian","floor":16,"turns":13},{"damage":5,"enemies":"3 Byrds","floor":18,"turns":2},{"damage":0,"enemies":"Spheric Guardian","floor":20,"turns":4},{"damage":10,"enemies":"Book of Stabbing","floor":23,"turns":5},{"damage":1,"enemies":"Centurion and Healer","floor":25,"turns":5},{"damage":11,"enemies":"Snake Plant","floor":31,"turns":3},{"damage":33,"enemies":"Automaton","floor":33,"turns":7},{"damage":0,"enemies":"3 Shapes","floor":35,"turns":2},{"damage":1,"enemies":"Orb Walker","floor":37,"turns":3},{"damage":14,"enemies":"Writhing Mass","floor":38,"turns":5},{"damage":0,"enemies":"4 Shapes","floor":39,"turns":2},{"damage":64,"enemies":"Nemesis","floor":41,"turns":7},{"damage":0,"enemies":"Jaw Worm Horde","floor":46,"turns":2},{"damage":0,"enemies":"Sphere and 2 Shapes","floor":48,"turns":3},{"damage":48,"enemies":"Donu and Deca","floor":50,"turns":5}],"seed_played":"7999493269128615657","potions_obtained":[{"floor":7,"key":"Energy Potion"},{"floor":14,"key":"Regen Potion"},{"floor":16,"key":"SpeedPotion"},{"floor":33,"key":"PowerPotion"},{"floor":39,"key":"LiquidBronze"},{"floor":48,"key":"GamblersBrew"}],"is_trial":false,"path_per_floor":["M","?","M","M","?","R","E","?","T","R","M","$","M","M","R","B",null,"M","?","M","$","?","E","?","M","T","R","?","?","?","M","R","B",null,"M","?","M","M","M","R","E","?","T","$","R","M","$","M","R","B",null],"character_chosen":"DEFECT","items_purchased":["Defragment","Storm"],"campfire_rested":0,"item_purchase_floors":[12,47],"current_hp_per_floor":[75,80,79,79,79,79,77,77,77,77,71,71,71,65,65,45,80,75,75,75,75,75,65,65,71,71,71,71,71,71,67,67,47,80,80,80,79,77,77,77,13,80,80,80,80,80,80,80,80,32],"gold":26,"neow_bonus":"ONE_RARE_RELIC","is_prod":false,"is_daily":false,"chose_seed":false,"campfire_upgraded":8,"win_rate":0,"timestamp":1551820597,"path_taken":["M","?","M","M","?","R","E","?","T","R","M","?","M","M","R","BOSS","M","?","M","$","?","E","?","M","T","R","?","?","?","?","R","BOSS","M","?","M","M","?","R","E","?","T","$","R","M","?","M","R","BOSS"],"build_version":"2019-01-23","purchased_purges":3,"victory":true,"max_hp_per_floor":[75,80,80,80,80,80,80,80,80,80,80,80,80,80,80,80,80,80,80,80,80,80,80,80,80,80,80,80,80,80,80,80,80,80,80,80,80,80,80,80,80,80,80,80,80,80,80,80,80,80],"card_choices":[{"not_picked":["Go for the Eyes","Streamline"],"picked":"Ball Lightning","floor":1},{"not_picked":["Compile Driver","Stack"],"picked":"Hello World","floor":3},{"not_picked":["Steam","Beam Cell"],"picked":"Auto Shields","floor":4},{"not_picked":["Cold Snap","Blizzard"],"picked":"Steam","floor":7},{"not_picked":["Consume","Reinforced Body","All For One"],"picked":"SKIP","floor":11},{"not_picked":["Sweeping Beam","Steam"],"picked":"Glacier","floor":13},{"not_picked":["Hologram","Cold Snap","Streamline"],"picked":"SKIP","floor":14},{"not_picked":["Amplify","Reboot"],"picked":"Electrodynamics","floor":16},{"not_picked":["Compile Driver","Glacier+1"],"picked":"Conserve Battery+1","floor":18},{"not_picked":["Darkness","Cold Snap"],"picked":"Leap","floor":20},{"not_picked":["Gash+1","Steam"],"picked":"Defragment","floor":23},{"not_picked":["Force Field","Steam Power+1"],"picked":"Capacitor+1","floor":25},{"not_picked":["Beam Cell","Steam+1","Conserve Battery"],"picked":"SKIP","floor":31},{"not_picked":["Core Surge","Machine Learning"],"picked":"Creative AI","floor":33},{"not_picked":["Steam","Hologram"],"picked":"Ball Lightning+1","floor":35},{"not_picked":["Hologram+1","BootSequence+1","Rebound+1"],"picked":"SKIP","floor":37},{"not_picked":["Cold Snap","Glacier"],"picked":"Chaos+1","floor":38},{"not_picked":["Sweeping Beam","Sunder+1"],"picked":"Seek","floor":39},{"not_picked":["Hologram","Sweeping Beam+1","Consume+1"],"picked":"SKIP","floor":41},{"not_picked":["Double Energy","Compile Driver"],"picked":"Tempest+1","floor":46},{"not_picked":["Go for the Eyes+1","Leap+1","FTL+1"],"picked":"SKIP","floor":48}],"player_experience":67080,"relics_obtained":[{"floor":7,"key":"Pantograph"},{"floor":9,"key":"Bag of Marbles"},{"floor":23,"key":"Vajra"},{"floor":26,"key":"Boot"},{"floor":41,"key":"Peace Pipe"},{"floor":43,"key":"Dodecahedron"}],"event_choices":[{"damage_healed":0,"gold_gain":0,"player_choice":"Donut","damage_taken":0,"max_hp_gain":5,"max_hp_loss":0,"event_name":"Big Fish","floor":2,"gold_loss":0},{"damage_healed":0,"gold_gain":0,"player_choice":"Ignored","damage_taken":0,"max_hp_gain":0,"max_hp_loss":0,"event_name":"Liars Game","floor":5,"gold_loss":0},{"damage_healed":0,"gold_gain":0,"player_choice":"Searched \u00271\u0027 times","damage_taken":0,"relics_obtained":["Letter Opener"],"max_hp_gain":0,"max_hp_loss":0,"event_name":"Dead Adventurer","floor":8,"gold_loss":0},{"damage_healed":0,"gold_gain":0,"player_choice":"Obtained Relic","damage_taken":0,"relics_obtained":["Mercury Hourglass"],"max_hp_gain":0,"max_hp_loss":0,"event_name":"Addict","floor":19,"gold_loss":85},{"damage_healed":0,"gold_gain":0,"player_choice":"Ignored","damage_taken":0,"max_hp_gain":0,"max_hp_loss":0,"event_name":"Ghosts","floor":22,"gold_loss":0},{"damage_healed":0,"gold_gain":0,"cards_transformed":["Strike_B","Strike_B"],"player_choice":"Became Test Subject","damage_taken":0,"max_hp_gain":0,"max_hp_loss":0,"event_name":"Drug Dealer","floor":24,"gold_loss":0,"cards_obtained":["Force Field","Self Repair"]},{"damage_healed":0,"gold_gain":0,"player_choice":"Read","damage_taken":0,"max_hp_gain":0,"max_hp_loss":0,"event_name":"The Library","floor":28,"gold_loss":0,"cards_obtained":["FTL"]},{"damage_healed":0,"gold_gain":0,"player_choice":"Ignored","damage_taken":0,"max_hp_gain":0,"max_hp_loss":0,"event_name":"Beggar","floor":29,"gold_loss":0},{"damage_healed":0,"gold_gain":0,"player_choice":"Bet on Owner","damage_taken":0,"max_hp_gain":0,"max_hp_loss":0,"event_name":"The Joust","floor":30,"gold_loss":50},{"cards_removed":["Hello World"],"damage_healed":0,"gold_gain":0,"player_choice":"Purged","damage_taken":0,"max_hp_gain":0,"max_hp_loss":0,"event_name":"Purifier","floor":36,"gold_loss":0},{"damage_healed":67,"gold_gain":0,"player_choice":"Heal","damage_taken":0,"max_hp_gain":0,"max_hp_loss":0,"event_name":"MindBloom","floor":42,"gold_loss":0,"cards_obtained":["Doubt"]}],"is_beta":false,"boss_relics":[{"not_picked":["Velvet Choker","Black Star"],"picked":"Nuclear Battery"},{"not_picked":["FrozenCore","Runic Dome"],"picked":"Astrolabe"}],"items_purged_floors":[12,21,44],"is_endless":false,"potions_floor_spawned":[7,14,16,25,31,33,39,48],"ascension_level":0}