{"gold_per_floor":[110,110,126,143,68,100,100,125,149,149],"floor_reached":10,"playtime":383,"items_purged":["Strike_B"],"score":103,"play_id":"7876c49f-5bbd-4097-9503-0b473fd9554d","local_time":"20190205210133","is_ascension_mode":true,"campfire_choices":[{"floor":7,"key":"REST"}],"neow_cost":"NONE","seed_source_timestamp":24378084191579,"circlet_count":0,"master_deck":["Strike_B","Strike_B","Strike_B","Defend_B","Defend_B","Defend_B","Defend_B","Zap","Dualcast","Go for the Eyes","Gash","Self Repair","Turbo"],"relics":["Cracked Core","Art of War","Bag of Marbles","Gambling Chip","Pen Nib"],"potions_floor_usage":[8,8,10],"damage_taken":[{"damage":12,"enemies":"Jaw Worm","floor":1,"turns":2},{"damage":1,"enemies":"Cultist","floor":3,"turns":3},{"damage":4,"enemies":"2 Louse","floor":4,"turns":2},{"damage":40,"enemies":"3 Sentries","floor":6,"turns":7},{"damage":35,"enemies":"Lagavulin","floor":8,"turns":6},{"damage":13,"enemies":"3 Sentries","floor":10,"turns":4}],"seed_played":"-696621420554072293","potions_obtained":[{"floor":3,"key":"AttackPotion"},{"floor":6,"key":"Explosive Potion"},{"floor":8,"key":"Block Potion"}],"is_trial":false,"path_per_floor":["M","?","M","M","$","E","R","E","T","E"],"character_chosen":"DEFECT","items_purchased":[],"campfire_rested":1,"item_purchase_floors":[],"current_hp_per_floor":[56,56,55,51,51,18,40,12,12,0],"gold":149,"neow_bonus":"ONE_RANDOM_RARE_CARD","is_prod":false,"is_daily":false,"chose_seed":false,"campfire_upgraded":0,"win_rate":0,"timestamp":1549368093,"path_taken":["M","?","M","M","$","E","R","E","T","E"],"build_version":"2019-01-23","purchased_purges":1,"victory":false,"max_hp_per_floor":[75,75,75,75,75,75,75,75,75,75],"card_choices":[{"not_picked":["Compile Driver","Redo"],"picked":"Go for the Eyes","floor":1},{"not_picked":["Force Field","Ball Lightning"],"picked":"Gash","floor":3},{"not_picked":["Stack","Coolheaded"],"picked":"Self Repair","floor":4},{"not_picked":["Storm","Chaos"],"picked":"Turbo","floor":6},{"not_picked":["Fusion","Barrage","Chaos"],"picked":"SKIP","floor":8}],"player_experience":266713,"relics_obtained":[{"floor":6,"key":"Bag of Marbles"},{"floor":8,"key":"Gambling Chip"},{"floor":9,"key":"Pen Nib"}],"event_choices":[{"cards_removed":["Hyperbeam"],"damage_healed":0,"gold_gain":0,"player_choice":"Gave Card","damage_taken":0,"relics_obtained":["Art of War"],"max_hp_gain":0,"max_hp_loss":0,"event_name":"WeMeetAgain","floor":2,"gold_loss":0}],"is_beta":false,"boss_relics":[],"items_purged_floors":[5],"is_endless":false,"potions_floor_spawned":[3,6,8],"killed_by":"3 Sentries","ascension_level":7}