{"gold_per_floor":[210,285,285,305,321,351,351,361,361,361,371,389,389,389,389,389],"floor_reached":16,"playtime":594,"items_purged":[],"score":184,"play_id":"27cea233-ae6a-4123-8f62-699fdbfcaaab","local_time":"20190301204324","is_ascension_mode":true,"campfire_choices":[{"floor":7.0,"key":"REST"},{"data":"Bash","floor":10.0,"key":"SMITH"},{"data":"Iron Wave","floor":13,"key":"SMITH"},{"data":"Shrug It Off","floor":15,"key":"SMITH"}],"neow_cost":"NONE","seed_source_timestamp":176055068643997,"circlet_count":0,"master_deck":["AscendersBane","Strike_R","Strike_R","Strike_R","Strike_R","Strike_R","Defend_R","Defend_R","Defend_R","Defend_R","Bash+1","True Grit+1","Shrug It Off+1","Iron Wave+1"],"special_seed":0,"relics":["Burning Blood","Bag of Preparation","Art of War"],"potions_floor_usage":[11],"damage_taken":[{"damage":3.0,"enemies":"Small Slimes","floor":1.0,"turns":4.0},{"damage":4.0,"enemies":"2 Louse","floor":4.0,"turns":4.0},{"damage":0.0,"enemies":"Jaw Worm","floor":5.0,"turns":5.0},{"damage":60.0,"enemies":"Gremlin Nob","floor":6.0,"turns":6.0},{"damage":1.0,"enemies":"3 Louse","floor":8.0,"turns":5.0},{"damage":5,"enemies":"2 Fungi Beasts","floor":11,"turns":6},{"damage":12,"enemies":"Blue Slaver","floor":12,"turns":5},{"damage":59,"enemies":"The Guardian","floor":16,"turns":15}],"seed_played":"5215384605204437386","potions_obtained":[{"floor":1.0,"key":"Regen Potion"},{"floor":6.0,"key":"FearPotion"},{"floor":11,"key":"GamblersBrew"},{"floor":12,"key":"Explosive Potion"}],"is_trial":false,"path_per_floor":["M","?","?","M","M","E","R","M","T","R","M","M","R","?","R","B"],"character_chosen":"IRONCLAD","items_purchased":[],"campfire_rested":1,"item_purchase_floors":[],"current_hp_per_floor":[71,60,60,62,68,14,36,41,41,41,57,51,51,56,56,0],"gold":389,"neow_bonus":"HUNDRED_GOLD","is_prod":false,"is_daily":false,"chose_seed":false,"campfire_upgraded":3,"win_rate":0,"timestamp":1551501804,"path_taken":["M","?","?","M","M","E","R","M","T","R","M","M","R","?","R","BOSS"],"build_version":"2019-01-23","purchased_purges":0,"victory":false,"max_hp_per_floor":[75,75,75,75,75,75,75,75,75,75,75,75,75,80,80,80],"card_choices":[{"not_picked":["Pummel","Reckless Charge"],"picked":"True Grit","floor":1.0},{"not_picked":["Combust","Heavy Blade","Rampage"],"picked":"SKIP","floor":4.0},{"not_picked":["Combust","Clothesline","Havoc"],"picked":"SKIP","floor":5.0},{"not_picked":["Iron Wave","Juggernaut"],"picked":"Shrug It Off","floor":6.0},{"not_picked":["Wild Strike","Anger","Sword Boomerang"],"picked":"SKIP","floor":8.0},{"not_picked":["Hemokinesis","Searing Blow","Wild Strike"],"picked":"SKIP","floor":11},{"not_picked":["Warcry","Clothesline"],"picked":"Iron Wave","floor":12}],"player_experience":563591,"relics_obtained":[{"floor":6.0,"key":"Bag of Preparation"},{"floor":9.0,"key":"Art of War"}],"event_choices":[{"damage_healed":0.0,"max_hp_gain":0.0,"max_hp_loss":0.0,"gold_gain":75.0,"event_name":"World of Goop","player_choice":"Gather Gold","floor":2.0,"gold_loss":0.0,"damage_taken":11.0},{"damage_healed":0.0,"max_hp_gain":0.0,"max_hp_loss":0.0,"gold_gain":0.0,"event_name":"Living Wall","player_choice":"Grow","floor":3.0,"gold_loss":0.0,"damage_taken":0.0,"cards_upgraded":["True Grit"]},{"damage_healed":0,"gold_gain":0,"player_choice":"Donut","damage_taken":0,"max_hp_gain":5,"max_hp_loss":0,"event_name":"Big Fish","floor":14,"gold_loss":0}],"is_beta":false,"boss_relics":[],"items_purged_floors":[],"is_endless":false,"potions_floor_spawned":[1,6,11,12],"killed_by":"The Guardian","ascension_level":16}