{"gold_per_floor":[110,35,51,28,28,28,128,145,226,236,236,36,36,61,61,185,185,209,209,222,122,143,143,143,187,214,214,214,238,251,251,251,376,376,397,397,418,543,543,543,567,391,391,405,405,421,4,17,17,17],"floor_reached":51,"playtime":2380,"items_purged":["Strike_R","Regret","Defend_R"],"score":953,"play_id":"b061481d-8861-42fb-96d5-d40dfe07aa24","local_time":"20181220101622","is_ascension_mode":true,"campfire_choices":[{"data":"Barricade","floor":6.0,"key":"SMITH"},{"data":"Apotheosis","floor":13.0,"key":"SMITH"},{"data":"Evolve","floor":15.0,"key":"SMITH"},{"floor":23.0,"key":"REST"},{"floor":28,"key":"REST"},{"floor":32,"key":"REST"},{"data":"Impervious","floor":40,"key":"SMITH"},{"data":"Feel No Pain","floor":49,"key":"SMITH"}],"neow_cost":"PERCENT_DAMAGE","seed_source_timestamp":0,"circlet_count":0,"master_deck":["Defend_R","Bash","Barricade+1","Power Through","Wild Strike","Wild Strike","Second Wind+1","Evolve+1","Apotheosis+1","Inflame+1","Bite","Bite","Bite","Bite","Bite","Impervious+1","Body Slam","Body Slam","Body Slam","Reckless Charge","Feel No Pain+1","Metallicize+1"],"special_seed":0,"relics":["Burning Blood","Kunai","Pear","Golden Idol","Velvet Choker","Red Skull","Empty Cage","Pocketwatch","Meat on the Bone","Magic Flower"],"potions_floor_usage":[24,30,30,41,41,50],"damage_taken":[{"damage":5.0,"enemies":"Small Slimes","floor":1.0,"turns":4.0},{"damage":1.0,"enemies":"Cultist","floor":3.0,"turns":4.0},{"damage":2.0,"enemies":"2 Louse","floor":8.0,"turns":3.0},{"damage":8.0,"enemies":"Exordium Wildlife","floor":10.0,"turns":3.0},{"damage":3.0,"enemies":"2 Fungi Beasts","floor":14.0,"turns":4.0},{"damage":17.0,"enemies":"Hexaghost","floor":16.0,"turns":11.0},{"damage":34.0,"enemies":"Spheric Guardian","floor":18.0,"turns":6.0},{"damage":27.0,"enemies":"2 Thieves","floor":20.0,"turns":4.0},{"damage":0.0,"enemies":"Snecko","floor":22.0,"turns":8.0},{"damage":28,"enemies":"Colosseum Slavers","floor":24,"turns":4},{"damage":23,"enemies":"Book of Stabbing","floor":25,"turns":8},{"damage":18,"enemies":"Snake Plant","floor":29,"turns":5},{"damage":25,"enemies":"Chosen and Byrds","floor":30,"turns":7},{"damage":22,"enemies":"Champ","floor":33,"turns":12},{"damage":11,"enemies":"Orb Walker","floor":35,"turns":5},{"damage":56,"enemies":"3 Darklings","floor":37,"turns":10},{"damage":17,"enemies":"Mind Bloom Boss Battle","floor":38,"turns":6},{"damage":74,"enemies":"Transient","floor":41,"turns":5},{"damage":15,"enemies":"Jaw Worm Horde","floor":44,"turns":4},{"damage":4,"enemies":"4 Shapes","floor":46,"turns":5},{"damage":40,"enemies":"Maw","floor":48,"turns":6},{"damage":61,"enemies":"Time Eater","floor":50,"turns":8}],"seed_played":"-7505726852406008346","potions_obtained":[{"floor":1.0,"key":"FairyPotion"},{"floor":3.0,"key":"Explosive Potion"},{"floor":25,"key":"AttackPotion"},{"floor":29,"key":"Poison Potion"},{"floor":33,"key":"PowerPotion"},{"floor":37,"key":"Block Potion"},{"floor":48,"key":"Swift Potion"}],"is_trial":false,"path_per_floor":["M","$","M","$","?","R","?","M","T","M","?","$","R","M","R","B",null,"M","?","M","$","M","R","?","E","T","?","R","M","M","?","R","B",null,"M","?","M","?","?","R","M","$","T","M","?","M","$","M","R","B",null],"character_chosen":"IRONCLAD","items_purchased":["Wild Strike","Evolve","Apotheosis","Body Slam","Magic Flower","Reckless Charge","Feel No Pain"],"campfire_rested":3,"item_purchase_floors":[4,12,12,42,47,47,47],"current_hp_per_floor":[52,52,57,57,57,57,57,61,71,69,47,47,47,50,50,39,77,49,49,28,28,34,61,39,22,22,22,49,39,22,22,49,69,85,90,90,69,80,80,80,26,26,26,41,41,57,57,71,71,63],"gold":17,"neow_bonus":"THREE_RARE_CARDS","is_prod":false,"is_daily":false,"chose_seed":false,"campfire_upgraded":5,"win_rate":0,"timestamp":1545318982,"path_taken":["M","$","M","$","?","R","?","M","T","?","?","?","R","M","R","BOSS","M","?","M","$","?","R","?","E","T","?","R","?","M","?","R","BOSS","M","?","M","?","?","R","M","$","T","M","?","M","$","M","R","BOSS"],"build_version":"2018-12-13","purchased_purges":3,"victory":true,"max_hp_per_floor":[80,80,80,80,80,80,80,80,90,90,90,90,90,90,90,90,90,90,90,90,90,90,90,90,90,90,90,90,90,90,90,90,90,90,90,90,90,90,90,90,90,90,90,90,90,90,90,90,90,90],"card_choices":[{"not_picked":["Brutality","Berserk"],"picked":"Barricade","floor":0.0},{"not_picked":["Blood for Blood","Armaments"],"picked":"Power Through","floor":1.0},{"not_picked":["Cleave","Perfected Strike"],"picked":"Wild Strike","floor":3.0},{"not_picked":["Rage","Spot Weakness","True Grit"],"picked":"SKIP","floor":8.0},{"not_picked":["Iron Wave","Offering"],"picked":"Second Wind","floor":10.0},{"not_picked":["Armaments","Sword Boomerang","Heavy Blade"],"picked":"SKIP","floor":14.0},{"not_picked":["Warcry","Clothesline"],"picked":"Inflame+1","floor":18.0},{"not_picked":["Cleave+1","Heavy Blade","Armaments+1"],"picked":"SKIP","floor":20.0},{"not_picked":["Warcry","Shrug It Off+1","Clash"],"picked":"SKIP","floor":22.0},{"not_picked":["Perfected Strike","Flame Barrier","Armaments+1"],"picked":"SKIP","floor":25},{"not_picked":["Sword Boomerang","True Grit+1"],"picked":"Sentinel+1","floor":29},{"not_picked":["Exhume","Armaments+1","Twin Strike"],"picked":"SKIP","floor":30},{"not_picked":["Reaper","Bludgeon"],"picked":"Impervious","floor":33},{"not_picked":["Anger+1","Iron Wave+1","Bloodletting"],"picked":"SKIP","floor":35},{"not_picked":["Flame Barrier+1","Feel No Pain"],"picked":"Body Slam","floor":37},{"not_picked":["Armaments+1","Perfected Strike"],"picked":"Body Slam","floor":41},{"not_picked":["Uppercut+1","Headbutt+1","Cleave"],"picked":"SKIP","floor":44},{"not_picked":["Dual Wield+1","Sword Boomerang","Twin Strike+1"],"picked":"SKIP","floor":46},{"not_picked":["Rampage+1","Warcry+1"],"picked":"Metallicize+1","floor":48}],"player_experience":287634,"relics_obtained":[{"floor":9.0,"key":"Pear"},{"floor":25,"key":"Blood Vial"},{"floor":26,"key":"Red Skull"},{"floor":38,"key":"Pocketwatch"},{"floor":43,"key":"Meat on the Bone"}],"event_choices":[{"damage_healed":0.0,"max_hp_gain":0.0,"max_hp_loss":0.0,"gold_gain":0.0,"event_name":"Big Fish","player_choice":"Box","floor":5.0,"gold_loss":0.0,"damage_taken":0.0,"relics_obtained":["Kunai"],"cards_obtained":["Regret"]},{"damage_healed":0.0,"max_hp_gain":0.0,"max_hp_loss":0.0,"gold_gain":100.0,"event_name":"Wheel of Change","player_choice":"Gold","floor":7.0,"gold_loss":0.0,"damage_taken":0.0},{"damage_healed":0.0,"max_hp_gain":0.0,"max_hp_loss":0.0,"gold_gain":0.0,"event_name":"Golden Idol","player_choice":"Take Damage","floor":11.0,"gold_loss":0.0,"damage_taken":22.0,"relics_obtained":["Golden Idol"]},{"damage_healed":0.0,"max_hp_gain":0.0,"max_hp_loss":0.0,"gold_gain":0.0,"event_name":"Upgrade Shrine","player_choice":"Upgraded","floor":19.0,"gold_loss":0.0,"damage_taken":0.0,"cards_upgraded":["Second Wind"]},{"damage_healed":0,"gold_gain":0,"player_choice":"Fight","damage_taken":0,"max_hp_gain":0,"max_hp_loss":0,"event_name":"Colosseum","floor":24,"gold_loss":0},{"damage_healed":0,"gold_gain":0,"player_choice":"Fled From Nobs","damage_taken":0,"max_hp_gain":0,"max_hp_loss":0,"event_name":"Colosseum","floor":24,"gold_loss":0},{"cards_removed":["Strike_R"],"damage_healed":0,"gold_gain":0,"player_choice":"Offered Basic","damage_taken":0,"max_hp_gain":0,"max_hp_loss":0,"event_name":"Bonfire Elementals","floor":27,"gold_loss":0},{"damage_healed":0,"gold_gain":0,"player_choice":"Became a vampire (Vial)","damage_taken":0,"max_hp_gain":0,"max_hp_loss":0,"event_name":"Vampires","floor":31,"relics_lost":["Blood Vial"],"gold_loss":0,"cards_obtained":["Bite","Bite","Bite","Bite","Bite"]},{"damage_healed":0,"gold_gain":0,"player_choice":"Ignored","damage_taken":0,"max_hp_gain":0,"max_hp_loss":0,"event_name":"Tomb of Lord Red Mask","floor":36,"gold_loss":0},{"damage_healed":0,"gold_gain":0,"player_choice":"Fight","damage_taken":0,"max_hp_gain":0,"max_hp_loss":0,"event_name":"MindBloom","floor":38,"gold_loss":0},{"cards_removed":["Sentinel"],"damage_healed":0,"gold_gain":0,"player_choice":"Removed Skill","damage_taken":0,"max_hp_gain":0,"max_hp_loss":0,"event_name":"Falling","floor":39,"gold_loss":0},{"damage_healed":0,"gold_gain":0,"player_choice":"Leave","damage_taken":0,"max_hp_gain":0,"max_hp_loss":0,"event_name":"FaceTrader","floor":45,"gold_loss":0}],"is_beta":false,"boss_relics":[{"not_picked":["Tiny House","White Beast Statue"],"picked":"Velvet Choker"},{"not_picked":["Runic Pyramid","Lizard Tail"],"picked":"Empty Cage"}],"items_purged_floors":[2,21,42],"is_endless":false,"potions_floor_spawned":[1,3,25,29,33,37,38,48],"ascension_level":7}