{"gold_per_floor":[20,20,38,55,55,55,80,99,123,123,123,123,133,148,148,247,247,264,115,133,133,58,72,72,99,122,54,83,83,96,109,109,206,206,218,230,230],"floor_reached":37,"playtime":1469,"items_purged":["Strike_B"],"score":450,"play_id":"17a3faf2-f1ae-46b3-9d72-e92302429d35","local_time":"20190105103242","is_ascension_mode":true,"campfire_choices":[{"data":"Fission","floor":6,"key":"SMITH"},{"data":"Consume","floor":10,"key":"SMITH"},{"data":"Static Discharge","floor":12,"key":"SMITH"},{"data":"Zap","floor":15,"key":"SMITH"},{"floor":24,"key":"REST"},{"floor":29,"key":"REST"},{"floor":32,"key":"REST"}],"neow_cost":"NO_GOLD","seed_source_timestamp":1324469215470003,"circlet_count":0,"master_deck":["Strike_B","Defend_B","Defend_B","Defend_B","Defend_B+1","Zap+1","Dualcast+1","Glacier+1","Static Discharge+1","Fission+1","Consume+1","Amplify+1","Redo","Storm","Storm","Ball Lightning","Ball Lightning","Storm","Core Surge","Capacitor","Electrodynamics","Shame","Decay","Thunder Strike"],"relics":["Cracked Core","Regal Pillow","Omamori","Fusion Hammer","WarpedTongs","Red Mask","War Paint","Bronze Scales","Calling Bell","Strawberry","Mummified Hand","WingedGreaves"],"potions_floor_usage":[4,28,37],"damage_taken":[{"damage":2,"enemies":"2 Louse","floor":1,"turns":2},{"damage":6,"enemies":"Jaw Worm","floor":3,"turns":4},{"damage":1,"enemies":"Cultist","floor":4,"turns":4},{"damage":11,"enemies":"Lagavulin","floor":7,"turns":11},{"damage":2,"enemies":"2 Fungi Beasts","floor":8,"turns":6},{"damage":3,"enemies":"Blue Slaver","floor":13,"turns":2},{"damage":12,"enemies":"Gremlin Gang","floor":14,"turns":4},{"damage":25,"enemies":"Slime Boss","floor":16,"turns":14},{"damage":6,"enemies":"Chosen","floor":18,"turns":4},{"damage":14,"enemies":"3 Byrds","floor":20,"turns":5},{"damage":13,"enemies":"Cultist and Chosen","floor":23,"turns":5},{"damage":33,"enemies":"Masked Bandits","floor":25,"turns":3},{"damage":21,"enemies":"Slavers","floor":28,"turns":3},{"damage":13,"enemies":"Shelled Parasite and Fungi","floor":30,"turns":2},{"damage":0,"enemies":"Snake Plant","floor":31,"turns":2},{"damage":31,"enemies":"Automaton","floor":33,"turns":8},{"damage":11,"enemies":"3 Shapes","floor":35,"turns":4},{"damage":28,"enemies":"Orb Walker","floor":36,"turns":3},{"damage":49,"enemies":"2 Orb Walkers","floor":37,"turns":3}],"seed_played":"-6454902956041101880","potions_obtained":[{"floor":4,"key":"Fruit Juice"},{"floor":7,"key":"Explosive Potion"},{"floor":14,"key":"SteroidPotion"},{"floor":18,"key":"SpeedPotion"},{"floor":25,"key":"Regen Potion"},{"floor":36,"key":"Energy Potion"}],"is_trial":false,"path_per_floor":["M","?","M","M","?","R","E","M","T","R","?","R","M","M","R","B",null,"M","$","M","?","$","M","R","?","T","$","E","R","M","M","R","B",null,"M","M","?"],"character_chosen":"DEFECT","items_purchased":["Storm","Storm","Storm"],"campfire_rested":3,"item_purchase_floors":[19,22,27],"current_hp_per_floor":[73,73,67,71,71,71,60,58,58,58,42,42,39,27,27,2,80,74,74,60,60,60,47,80,47,47,47,35,74,61,61,80,49,87,76,48,0],"gold":230,"neow_bonus":"REMOVE_TWO","is_prod":false,"is_daily":false,"chose_seed":false,"campfire_upgraded":4,"win_rate":0,"timestamp":1546702362,"path_taken":["M","?","M","M","?","R","E","?","T","R","?","R","M","M","R","BOSS","M","$","M","?","$","?","R","?","T","?","E","R","M","?","R","BOSS","M","M","?"],"build_version":"2019-01-03v4","purchased_purges":1,"victory":false,"max_hp_per_floor":[75,75,75,80,80,80,80,80,80,80,80,80,80,80,80,80,80,80,80,80,80,80,80,80,80,80,80,80,80,80,80,80,80,87,87,87,87],"card_choices":[{"not_picked":["Rebound","Self Repair"],"picked":"Glacier","floor":1},{"not_picked":["Sunder","Sweeping Beam"],"picked":"Static Discharge","floor":3},{"not_picked":["Hologram","Streamline"],"picked":"Fission","floor":4},{"not_picked":["Glacier","Steam"],"picked":"Consume","floor":7},{"not_picked":["Gash","Beam Cell","Coolheaded"],"picked":"SKIP","floor":8},{"not_picked":["Biased Cognition","Cold Snap","Double Energy"],"picked":"SKIP","floor":13},{"not_picked":["Sweeping Beam","Cold Snap","Coolheaded"],"picked":"SKIP","floor":14},{"not_picked":["All For One","Meteor Strike"],"picked":"Amplify","floor":16},{"not_picked":["Coolheaded","Compile Driver"],"picked":"Redo","floor":18},{"not_picked":["Stack","Leap","Scrape"],"picked":"SKIP","floor":20},{"not_picked":["Streamline","Cold Snap"],"picked":"Ball Lightning","floor":23},{"not_picked":["Reprogram","Turbo"],"picked":"Ball Lightning","floor":25},{"not_picked":["Go for the Eyes","Beam Cell"],"picked":"Core Surge","floor":28},{"not_picked":["Sweeping Beam+1","Rebound+1","Beam Cell"],"picked":"SKIP","floor":30},{"not_picked":["Consume","Streamline+1"],"picked":"Capacitor","floor":31},{"not_picked":["Buffer","Meteor Strike"],"picked":"Electrodynamics","floor":33},{"not_picked":["Compile Driver+1","Rebound","Aggregate"],"picked":"SKIP","floor":35},{"not_picked":["Streamline+1","Compile Driver+1"],"picked":"Thunder Strike","floor":36}],"player_experience":320368,"relics_obtained":[{"floor":7,"key":"Regal Pillow"},{"floor":9,"key":"Omamori"},{"floor":25,"key":"Red Mask"},{"floor":26,"key":"War Paint"},{"floor":28,"key":"Bronze Scales"},{"floor":34,"key":"Strawberry"},{"floor":34,"key":"Mummified Hand"},{"floor":34,"key":"WingedGreaves"}],"event_choices":[{"damage_healed":0,"gold_gain":0,"player_choice":"Leave","damage_taken":0,"max_hp_gain":0,"max_hp_loss":0,"event_name":"The Cleric","floor":2,"gold_loss":0},{"damage_healed":0,"gold_gain":0,"player_choice":"0 cards matched","damage_taken":0,"max_hp_gain":0,"max_hp_loss":0,"event_name":"Match and Keep!","floor":5,"gold_loss":0,"cards_obtained":[]},{"damage_healed":0,"gold_gain":0,"player_choice":"Entered Light","damage_taken":16,"max_hp_gain":0,"max_hp_loss":0,"event_name":"Shining Light","floor":11,"gold_loss":0,"cards_upgraded":["Glacier","Defend_B"]},{"damage_healed":0,"gold_gain":0,"player_choice":"Rummage","damage_taken":0,"relics_obtained":["WarpedTongs"],"max_hp_gain":0,"max_hp_loss":0,"event_name":"Accursed Blacksmith","floor":21,"gold_loss":0,"cards_obtained":["Pain"]},{"damage_healed":0,"gold_gain":0,"player_choice":"Fought Bandits","damage_taken":0,"max_hp_gain":0,"max_hp_loss":0,"event_name":"Masked Bandits","floor":25,"gold_loss":0},{"damage_healed":0,"gold_gain":0,"player_choice":"Fight","damage_taken":0,"max_hp_gain":0,"max_hp_loss":0,"event_name":"Mysterious Sphere","floor":37,"gold_loss":0}],"is_beta":false,"boss_relics":[{"not_picked":["Busted Crown","White Beast Statue"],"picked":"Fusion Hammer"},{"not_picked":["Runic Dome","Lizard Tail"],"picked":"Calling Bell"}],"items_purged_floors":[19],"is_endless":false,"potions_floor_spawned":[4,7,14,18,25,36],"killed_by":"2 Orb Walkers","ascension_level":3}