{"gold_per_floor":[116,130,130,150,166,166,195,195,245,270,270],"floor_reached":11,"playtime":13528,"items_purged":[],"score":149,"play_id":"b6343c1a-33fc-4fdc-88ec-08299e4f8044","local_time":"20190304155035","is_ascension_mode":true,"campfire_choices":[{"data":"Bash","floor":6,"key":"SMITH"}],"neow_cost":"NONE","seed_source_timestamp":208868231139830,"circlet_count":0,"master_deck":["AscendersBane","Strike_R","Strike_R","Strike_R","Defend_R+1","Defend_R","Defend_R","Defend_R","Bash+1","Pommel Strike","Evolve+1","Shrug It Off","Cleave","Bludgeon","Uppercut"],"special_seed":0,"relics":["Burning Blood","Darkstone Periapt","Smiling Mask","Red Skull"],"potions_floor_usage":[7,7,11],"damage_taken":[{"damage":14.0,"enemies":"Jaw Worm","floor":1.0,"turns":6.0},{"damage":7,"enemies":"2 Louse","floor":2,"turns":4},{"damage":2,"enemies":"Cultist","floor":4,"turns":4},{"damage":9,"enemies":"Looter","floor":5,"turns":4},{"damage":19,"enemies":"3 Sentries","floor":7,"turns":9},{"damage":20,"enemies":"Gremlin Nob","floor":10,"turns":4},{"damage":11,"enemies":"Gremlin Gang","floor":11,"turns":3}],"seed_played":"4717395245008778133","potions_obtained":[{"floor":1.0,"key":"SpeedPotion"},{"floor":5,"key":"FearPotion"},{"floor":10,"key":"LiquidBronze"}],"is_trial":false,"path_per_floor":["M","M","?","M","M","R","E","?","T","E","M"],"character_chosen":"IRONCLAD","items_purchased":[],"campfire_rested":0,"item_purchase_floors":[],"current_hp_per_floor":[60,59,36,40,37,37,24,24,24,10,0],"gold":270,"neow_bonus":"REMOVE_CARD","is_prod":false,"is_daily":false,"chose_seed":false,"campfire_upgraded":1,"win_rate":0,"timestamp":1551711035,"path_taken":["M","M","?","M","M","R","E","?","T","E","?"],"build_version":"2019-01-23","purchased_purges":0,"victory":false,"max_hp_per_floor":[75,75,75,75,75,75,75,75,75,75,75],"card_choices":[{"not_picked":["Seeing Red","Flex"],"picked":"Pommel Strike","floor":1.0},{"not_picked":["Wild Strike","Corruption"],"picked":"Evolve","floor":2},{"not_picked":["True Grit","Second Wind"],"picked":"Shrug It Off","floor":4},{"not_picked":["Anger","Shrug It Off"],"picked":"Cleave","floor":5},{"not_picked":["Wild Strike","Whirlwind"],"picked":"Bludgeon","floor":7},{"not_picked":["Searing Blow","Twin Strike"],"picked":"Uppercut","floor":10}],"player_experience":825083,"relics_obtained":[{"floor":7,"key":"Darkstone Periapt"},{"floor":9,"key":"Smiling Mask"},{"floor":10,"key":"Red Skull"}],"event_choices":[{"damage_healed":0,"gold_gain":0,"player_choice":"Entered Light","damage_taken":23,"max_hp_gain":0,"max_hp_loss":0,"event_name":"Shining Light","floor":3,"gold_loss":0,"cards_upgraded":["Evolve","Defend_R"]},{"cards_removed":["Strike_R"],"damage_healed":0,"gold_gain":0,"player_choice":"Purged","damage_taken":0,"max_hp_gain":0,"max_hp_loss":0,"event_name":"Purifier","floor":8,"gold_loss":0}],"is_beta":false,"boss_relics":[],"items_purged_floors":[],"is_endless":false,"potions_floor_spawned":[1,5,10],"killed_by":"Gremlin Gang","ascension_level":16}