{"path_per_floor":["M","?","?","$","?","R","E","R","T","R","E","R","M","M","R","B",null,"M","?","$","M","M","R","M","$","T","M","R","?","R","?","R","B",null,"M","?","$","M","M","R","?","E","T","?","$","R","M","M","R"],"character_chosen":"DEFECT","items_purchased":["Capacitor","Cold Snap","Shuriken","Conserve Battery","Mummified Hand","Reinforced Body","Thunder Strike"],"gold_per_floor":[216,291,291,189,189,189,214,214,290,290,315,315,328,347,347,443,443,459,459,151,166,186,186,197,197,197,207,207,132,132,222,222,325,325,345,394,74,93,110,110,110,145,145,145,9,9,20,34,34,34],"floor_reached":50,"campfire_rested":3,"playtime":3518,"item_purchase_floors":[],"current_hp_per_floor":[75,64,64,64,64,64,51,51,51,51,41,41,34,21,43,1,75,60,60,60,42,40,40,30,30,30,25,47,47,47,31,53,22,75,63,49,49,59,67,67,67,39,39,39,39,39,49,59,59,0],"items_purged":[],"gold":34,"score":476,"play_id":"cf52580a-7d1a-4c9a-992c-98603c23e4f7","local_time":"20180607212414","is_prod":false,"is_daily":false,"chose_seed":false,"is_ascension_mode":false,"campfire_upgraded":9,"win_rate":0.0,"timestamp":1528431854,"campfire_choices":[{"data":"Dualcast","floor":6.0,"key":"SMITH"},{"data":"Go for the Eyes","floor":8.0,"key":"SMITH"},{"data":"Capacitor","floor":10.0,"key":"SMITH"},{"data":"Creative AI","floor":12.0,"key":"SMITH"},{"floor":15.0,"key":"REST"},{"data":"Force Field","floor":23.0,"key":"SMITH"},{"floor":28.0,"key":"REST"},{"data":"Redo","floor":30.0,"key":"SMITH"},{"floor":32.0,"key":"REST"},{"data":"Machine Learning","floor":40.0,"key":"SMITH"},{"data":"Thunder Strike","floor":46.0,"key":"SMITH"},{"data":"Conserve Battery","floor":49.0,"key":"SMITH"}],"path_taken":["M","?","?","$","?","R","E","R","T","R","E","R","M","M","R","BOSS","M","?","$","?","M","R","M","$","T","M","R","?","R","?","R","BOSS","M","?","$","M","M","R","?","E","T","?","$","R","M","M","R","BOSS"],"build_version":"2018-06-07","seed_source_timestamp":0,"purchased_purges":0,"victory":false,"master_deck":["Strike_B+1","Strike_B+1","Strike_B+1","Defend_B+1","Defend_B+1","Defend_B+1","Defend_B+1","Zap+1","Dualcast+1","Compile Driver","Capacitor+1","Cold Snap","Ball Lightning","Go for the Eyes+1","Creative AI+1","Sweeping Beam+1","Redo+1","Machine Learning+1","Force Field+1","Conserve Battery+1","Self Repair+1","Skim","All For One+1","Leap","White Noise","Reinforced Body","Gash+1","Darkness+1","Barrage","Thunder Strike+1","Capacitor+1"],"max_hp_per_floor":[75,75,75,75,75,75,75,75,75,75,75,75,75,75,75,75,75,75,75,75,75,75,75,75,75,75,75,75,75,75,75,75,75,75,75,89,89,89,89,89,89,89,89,89,89,89,89,89,89,89],"relics":["Cracked Core","Du-Vu Doll","Ornamental Fan","Happy Flower","Nuclear Battery","Shuriken","Bottled Flame","Black Star","Mango","Mummified Hand","Regal Pillow","Bag of Marbles","Whetstone"],"card_choices":[{"not_picked":["Gash","Barrage"],"picked":"Compile Driver","floor":1.0},{"not_picked":["Consume","Streamline"],"picked":"Go for the Eyes","floor":7.0},{"not_picked":["Compile Driver","Stack"],"picked":"Creative AI","floor":11.0},{"not_picked":["Ball Lightning","Rip and Tear"],"picked":"Sweeping Beam","floor":13.0},{"not_picked":["Glacier","Hologram"],"picked":"Redo","floor":14.0},{"not_picked":["Fission","Electrodynamics"],"picked":"Machine Learning","floor":16.0},{"not_picked":["Redo","Barrage+1"],"picked":"Force Field","floor":18.0},{"not_picked":["Steam Power","Redo"],"picked":"Self Repair+1","floor":21.0},{"not_picked":["Lockon+1","Steam","Sweeping Beam"],"picked":"SKIP","floor":22.0},{"not_picked":["Coolheaded+1","Steam+1","Self Repair"],"picked":"SKIP","floor":24.0},{"not_picked":["Streamline","Coolheaded"],"picked":"Skim","floor":27.0},{"not_picked":["Reboot","Electrodynamics"],"picked":"All For One","floor":33.0},{"not_picked":["Chill","Auto Shields+1"],"picked":"Leap","floor":35.0},{"not_picked":["Redo+1","Steam"],"picked":"White Noise","floor":36.0},{"not_picked":["Go for the Eyes+1","FTL"],"picked":"Gash+1","floor":38.0},{"not_picked":["Redo+1","Ball Lightning"],"picked":"Fusion+1","floor":39.0},{"not_picked":["Melter","Hologram+1"],"picked":"Darkness+1","floor":42.0},{"not_picked":["Go for the Eyes+1","Darkness"],"picked":"Capacitor+1","floor":47.0},{"not_picked":["Reinforced Body+1","Double Energy+1","Conserve Battery+1"],"picked":"SKIP","floor":48.0}],"player_experience":182625,"potions_floor_usage":[50,50],"damage_taken":[{"damage":0.0,"enemies":"Cultist","floor":1.0,"turns":4.0},{"damage":13.0,"enemies":"3 Sentries","floor":7.0,"turns":6.0},{"damage":10.0,"enemies":"Gremlin Nob","floor":11.0,"turns":4.0},{"damage":7.0,"enemies":"2 Louse","floor":13.0,"turns":3.0},{"damage":13.0,"enemies":"Jaw Worm","floor":14.0,"turns":3.0},{"damage":42.0,"enemies":"The Guardian","floor":16.0,"turns":10.0},{"damage":15.0,"enemies":"Chosen","floor":18.0,"turns":5.0},{"damage":18.0,"enemies":"3 Byrds","floor":21.0,"turns":5.0},{"damage":12.0,"enemies":"Centurion and Healer","floor":22.0,"turns":6.0},{"damage":20.0,"enemies":"3 Cultists","floor":24.0,"turns":6.0},{"damage":15.0,"enemies":"Slaver and Parasite","floor":27.0,"turns":6.0},{"damage":56.0,"enemies":"Champ","floor":33.0,"turns":10.0},{"damage":12.0,"enemies":"3 Shapes","floor":35.0,"turns":3.0},{"damage":38.0,"floor":36.0,"turns":7.0},{"damage":0.0,"enemies":"Orb Walker","floor":38.0,"turns":4.0},{"damage":2.0,"enemies":"Sphere and 2 Shapes","floor":39.0,"turns":4.0},{"damage":38.0,"enemies":"2 Orb Walkers","floor":42.0,"turns":5.0},{"damage":0.0,"enemies":"4 Shapes","floor":47.0,"turns":3.0},{"damage":0.0,"enemies":"Maw","floor":48.0,"turns":8.0},{"damage":64,"enemies":"Donu and Deca","floor":50,"turns":4}],"relics_obtained":[{"floor":7.0,"key":"Du-Vu Doll"},{"floor":9.0,"key":"Ornamental Fan"},{"floor":11.0,"key":"Happy Flower"},{"floor":26.0,"key":"Bottled Flame"},{"floor":36.0,"key":"Mango"},{"floor":42.0,"key":"Regal Pillow"},{"floor":42.0,"key":"Bag of Marbles"},{"floor":43.0,"key":"Whetstone"}],"event_choices":[{"event_name":"World of Goop","player_choice":"Gather Gold","floor":2.0,"damage_taken":0.0},{"event_name":"Living Wall","player_choice":"Grow","floor":3.0,"damage_taken":0.0},{"event_name":"Match and Keep!","player_choice":"1 cards matched","floor":5.0,"damage_taken":0.0},{"event_name":"Back to Basics","player_choice":"Simplicity","floor":19.0,"damage_taken":0.0},{"event_name":"Beggar","player_choice":"Gave Gold","floor":29.0,"damage_taken":0.0},{"event_name":"Knowing Skull","player_choice":"GOLD ","floor":31.0,"damage_taken":0.0},{"event_name":"Mysterious Sphere","player_choice":"Fight","floor":36.0,"damage_taken":0.0},{"event_name":"The Lab","player_choice":"Got Potions","floor":41.0,"damage_taken":0.0},{"event_name":"Transmorgrifier","player_choice":"Transform","floor":44.0,"damage_taken":0.0}],"boss_relics":[{"not_picked":["Runic Dome","Runic Pyramid"],"picked":"Nuclear Battery"},{"not_picked":["Eternal Feather","Velvet Choker"],"picked":"Black Star"}],"items_purged_floors":[],"potions_floor_spawned":[7,13,21,27,36,48],"seed_played":"-5990428285257454843","killed_by":"Donu and Deca","ascension_level":0,"potions_obtained":[{"floor":7.0,"key":"Block Potion"},{"floor":13.0,"key":"Energy Potion"},{"floor":21.0,"key":"Fire Potion"},{"floor":27.0,"key":"Regen Potion"},{"floor":36.0,"key":"Strength Potion"},{"floor":41.0,"key":"Ancient Potion"},{"floor":48.0,"key":"SteroidPotion"}],"is_trial":false}