{"gold_per_floor":[366,291,308,308,179,179,212,227,227,260,33,92,106,138,138,216,216,228,16,16,30,50,50,82,82,82,82,114,114,130,158,158,158],"floor_reached":33,"playtime":1284,"items_purged":["Strike_R"],"score":642,"play_id":"2c1cbe53-74c3-4ced-8252-960c684385ec","local_time":"20190212233651","is_ascension_mode":true,"campfire_choices":[{"data":"Combust","floor":6,"key":"SMITH"},{"data":"Combust","floor":15,"key":"SMITH"},{"floor":23,"key":"REST"},{"floor":25,"key":"REST"},{"floor":27,"key":"REST"},{"floor":29,"key":"REST"},{"floor":32,"key":"REST"}],"neow_cost":"TEN_PERCENT_HP_LOSS","seed_source_timestamp":2242912242702939,"circlet_count":0,"master_deck":["AscendersBane","Strike_R+1","Strike_R+1","Strike_R+1","Defend_R+1","Defend_R+1","Defend_R+1","Defend_R+1","Bash","Iron Wave","Combust+1","Cleave","Anger","Combust+1","Feel No Pain+1","Sentinel","Headbutt","Iron Wave","Dark Embrace+1","Second Wind","True Grit","True Grit","Clothesline+1","Spot Weakness","Barricade+1"],"relics":["Burning Blood","Happy Flower","Frozen Egg 2","Red Skull","Sling","Bird Faced Urn","PreservedInsect","Fusion Hammer","Membership Card","Centennial Puzzle","Question Card","Darkstone Periapt","Champion Belt"],"potions_floor_usage":[7,10,16,18,24,24],"damage_taken":[{"damage":12,"enemies":"Jaw Worm","floor":1,"turns":5},{"damage":1,"enemies":"Small Slimes","floor":3,"turns":4},{"damage":12,"enemies":"3 Sentries","floor":7,"turns":6},{"damage":0,"enemies":"2 Louse","floor":8,"turns":2},{"damage":36,"enemies":"Lagavulin","floor":10,"turns":6},{"damage":9,"enemies":"3 Sentries","floor":12,"turns":4},{"damage":10,"enemies":"Blue Slaver","floor":13,"turns":3},{"damage":19,"enemies":"3 Sentries","floor":14,"turns":4},{"damage":9,"enemies":"Slime Boss","floor":16,"turns":6},{"damage":35,"enemies":"3 Byrds","floor":18,"turns":4},{"damage":18,"enemies":"Shell Parasite","floor":21,"turns":5},{"damage":38,"enemies":"Cultist and Chosen","floor":22,"turns":6},{"damage":25,"enemies":"Gremlin Leader","floor":24,"turns":5},{"damage":35,"enemies":"Slavers","floor":28,"turns":4},{"damage":22,"enemies":"Centurion and Healer","floor":30,"turns":5},{"damage":21,"enemies":"Gremlin Leader","floor":31,"turns":4},{"damage":77,"enemies":"Automaton","floor":33,"turns":8}],"seed_played":"-5571647845270616172","potions_obtained":[{"floor":1,"key":"EssenceOfSteel"},{"floor":3,"key":"Energy Potion"},{"floor":7,"key":"Poison Potion"},{"floor":10,"key":"FearPotion"},{"floor":18,"key":"SkillPotion"},{"floor":21,"key":"AttackPotion"}],"is_trial":false,"path_per_floor":["M","?","M","?","$","R","E","M","T","E","$","?","M","E","R","B",null,"M","$","?","M","M","R","E","R","T","R","E","R","M","E","R","B"],"character_chosen":"IRONCLAD","items_purchased":["Cleave","Sling","Membership Card"],"campfire_rested":5,"item_purchase_floors":[5,11,19],"current_hp_per_floor":[62,62,67,72,72,72,66,72,72,42,42,39,39,32,32,35,64,43,43,43,39,15,36,25,46,46,67,42,63,55,44,65,0],"gold":158,"neow_bonus":"TWO_FIFTY_GOLD","is_prod":false,"is_daily":false,"chose_seed":false,"campfire_upgraded":2,"win_rate":0,"timestamp":1550032611,"path_taken":["M","?","M","?","$","R","E","M","T","E","$","?","M","E","R","BOSS","M","$","?","M","M","R","E","R","T","R","E","R","M","E","R","BOSS"],"build_version":"2019-01-23","purchased_purges":1,"victory":false,"max_hp_per_floor":[68,68,68,73,73,73,73,73,73,73,73,73,73,73,73,73,73,73,73,73,73,73,73,73,73,73,73,73,73,73,73,73,73],"card_choices":[{"not_picked":["Pummel","Thunderclap"],"picked":"Iron Wave","floor":1},{"not_picked":["Armaments","Thunderclap"],"picked":"Combust","floor":3},{"not_picked":["Havoc","Pommel Strike"],"picked":"Anger","floor":7},{"not_picked":["Power Through","Body Slam"],"picked":"Combust","floor":8},{"not_picked":["Double Tap","Body Slam"],"picked":"Feel No Pain+1","floor":10},{"not_picked":["Perfected Strike","Clash"],"picked":"Sentinel","floor":12},{"not_picked":["Heavy Blade","Cleave"],"picked":"Headbutt","floor":13},{"not_picked":["Carnage","Warcry"],"picked":"Iron Wave","floor":14},{"not_picked":["Double Tap","Barricade+1"],"picked":"Dark Embrace+1","floor":16},{"not_picked":["Power Through","Shockwave"],"picked":"Second Wind","floor":18},{"not_picked":["Clothesline","Shrug It Off"],"picked":"True Grit","floor":21},{"not_picked":["Carnage","Heavy Blade"],"picked":"True Grit","floor":22},{"not_picked":["Shrug It Off","Heavy Blade"],"picked":"Clothesline+1","floor":24},{"not_picked":["Dual Wield","Reaper","True Grit"],"picked":"Spot Weakness","floor":28},{"not_picked":["Spot Weakness","Clothesline","Body Slam","Pommel Strike"],"picked":"SKIP","floor":30},{"not_picked":["Infernal Blade+1","Clash","Body Slam"],"picked":"Barricade+1","floor":31}],"player_experience":751889,"relics_obtained":[{"floor":7,"key":"Happy Flower"},{"floor":9,"key":"Frozen Egg 2"},{"floor":10,"key":"Red Skull"},{"floor":12,"key":"Bird Faced Urn"},{"floor":14,"key":"PreservedInsect"},{"floor":24,"key":"Centennial Puzzle"},{"floor":26,"key":"Question Card"},{"floor":28,"key":"Darkstone Periapt"},{"floor":31,"key":"Champion Belt"}],"event_choices":[{"cards_removed":["Strike_R"],"damage_healed":0,"gold_gain":0,"player_choice":"Card Removal","damage_taken":0,"max_hp_gain":0,"max_hp_loss":0,"event_name":"The Cleric","floor":2,"gold_loss":75},{"damage_healed":0,"gold_gain":0,"player_choice":"Donut","damage_taken":0,"max_hp_gain":5,"max_hp_loss":0,"event_name":"Big Fish","floor":4,"gold_loss":0},{"damage_healed":0,"gold_gain":30,"player_choice":"Searched \u00273\u0027 times","damage_taken":0,"max_hp_gain":0,"max_hp_loss":0,"event_name":"Dead Adventurer","floor":12,"gold_loss":0},{"damage_healed":0,"gold_gain":0,"player_choice":"Simplicity","damage_taken":0,"max_hp_gain":0,"max_hp_loss":0,"event_name":"Back to Basics","floor":20,"gold_loss":0,"cards_upgraded":["Strike_R","Strike_R","Strike_R","Defend_R","Defend_R","Defend_R","Defend_R"]}],"is_beta":false,"boss_relics":[{"not_picked":["Snecko Eye","Lizard Tail"],"picked":"Fusion Hammer"}],"items_purged_floors":[5],"is_endless":false,"potions_floor_spawned":[1,3,7,10,18,21],"killed_by":"Automaton","ascension_level":20}