{"gold_per_floor":[117,128,148,5,22,22,22,22,22,54,54,70,70,20,20,140,140,165,165,65,88,88,88,102,102,128,128,128,162,179,197,197,197],"floor_reached":33,"playtime":1219,"items_purged":["Strike_R","Strike_R"],"score":396,"play_id":"d3708bc4-d77c-4cd7-941c-f78fff23118a","local_time":"20190107200857","is_ascension_mode":true,"campfire_choices":[{"data":"Searing Blow","floor":6,"key":"SMITH"},{"data":"Searing Blow+1","floor":8,"key":"SMITH"},{"data":"Searing Blow+2","floor":11,"key":"SMITH"},{"floor":15,"key":"REST"},{"data":"Searing Blow+3","floor":23,"key":"SMITH"},{"data":"Searing Blow+4","floor":25,"key":"SMITH"},{"data":"Searing Blow+5","floor":28,"key":"SMITH"},{"floor":32,"key":"REST"}],"neow_cost":"PERCENT_DAMAGE","seed_source_timestamp":1532072959347530,"circlet_count":0,"master_deck":["Strike_R","Strike_R","Strike_R","Defend_R","Defend_R","Defend_R","Defend_R","Bash","Second Wind","Searing Blow+6","Battle Trance","Warcry","Feed","Battle Trance+1","RitualDagger","Warcry"],"relics":["Burning Blood","Question Card","Singing Bowl","Bloody Idol","Black Star","Mercury Hourglass","Blood Vial","Gremlin Horn","Ornamental Fan"],"potions_floor_usage":[10,16,16,24,29,29],"damage_taken":[{"damage":11,"enemies":"Cultist","floor":1,"turns":4},{"damage":7,"enemies":"Small Slimes","floor":2,"turns":4},{"damage":13,"enemies":"2 Louse","floor":3,"turns":5},{"damage":1,"enemies":"Exordium Wildlife","floor":5,"turns":4},{"damage":33,"enemies":"Gremlin Nob","floor":10,"turns":4},{"damage":13,"enemies":"Red Slaver","floor":12,"turns":4},{"damage":42,"enemies":"The Guardian","floor":16,"turns":9},{"damage":15,"enemies":"Chosen","floor":18,"turns":6},{"damage":13,"enemies":"Shell Parasite","floor":21,"turns":5},{"damage":17,"enemies":"3 Cultists","floor":24,"turns":4},{"damage":39,"enemies":"Gremlin Leader","floor":29,"turns":6},{"damage":2,"enemies":"Cultist and Chosen","floor":30,"turns":3},{"damage":21,"enemies":"Snecko","floor":31,"turns":4},{"damage":78,"enemies":"Collector","floor":33,"turns":5}],"seed_played":"7419301095375568820","potions_obtained":[{"floor":3,"key":"Poison Potion"},{"floor":5,"key":"Ancient Potion"},{"floor":10,"key":"LiquidBronze"},{"floor":16,"key":"Block Potion"},{"floor":21,"key":"Energy Potion"},{"floor":30,"key":"SteroidPotion"}],"is_trial":false,"path_per_floor":["M","M","M","$","M","R","?","R","T","E","R","M","?","$","R","B",null,"M","T","$","M","?","R","M","R","T","?","R","E","M","M","R","B"],"character_chosen":"IRONCLAD","items_purchased":["Searing Blow","Weak Potion"],"campfire_rested":2,"item_purchase_floors":[4,14],"current_hp_per_floor":[62,61,54,54,59,59,59,59,59,32,32,27,27,27,54,18,73,67,67,67,65,65,65,61,61,66,60,60,36,47,41,72,0],"gold":197,"neow_bonus":"TWENTY_PERCENT_HP_BONUS","is_prod":false,"is_daily":false,"chose_seed":false,"campfire_upgraded":6,"win_rate":0,"timestamp":1546909737,"path_taken":["M","?","?","$","M","R","?","R","T","E","R","M","?","?","R","BOSS","M","?","$","?","?","R","M","R","T","?","R","E","M","M","R","BOSS"],"build_version":"2019-01-03v4","purchased_purges":2,"victory":false,"max_hp_per_floor":[96,96,96,96,96,96,96,96,96,96,96,98,91,91,91,91,91,94,94,94,99,99,99,101,101,101,101,101,103,103,105,105,105],"card_choices":[{"not_picked":["Headbutt","Twin Strike","Clothesline"],"picked":"SKIP","floor":1},{"not_picked":["Clash","Armaments","Bloodletting"],"picked":"SKIP","floor":2},{"not_picked":["Perfected Strike","Headbutt"],"picked":"Second Wind","floor":3},{"not_picked":["Armaments","Warcry"],"picked":"Battle Trance","floor":5},{"not_picked":["Blood for Blood","Evolve","Offering"],"picked":"Warcry","floor":10},{"not_picked":["Inflame","Dual Wield","True Grit","Fire Breathing"],"picked":"Singing Bowl","floor":12},{"not_picked":["Impervious","Fiend Fire","Juggernaut"],"picked":"Feed","floor":16},{"not_picked":["Sword Boomerang","Flame Barrier","Carnage+1"],"picked":"Battle Trance+1","floor":18},{"not_picked":["Pommel Strike","Headbutt","Anger","Body Slam"],"picked":"Singing Bowl","floor":21},{"not_picked":["Hemokinesis+1","Sword Boomerang","Intimidate","Sever Soul"],"picked":"Singing Bowl","floor":24},{"not_picked":["Metallicize+1","Flex+1","Clash","Sentinel"],"picked":"Singing Bowl","floor":29},{"not_picked":["Pommel Strike","Corruption+1","Rage"],"picked":"Warcry","floor":30},{"not_picked":["True Grit","Havoc+1","Warcry","Berserk"],"picked":"Singing Bowl","floor":31}],"player_experience":340037,"relics_obtained":[{"floor":9,"key":"Question Card"},{"floor":10,"key":"Singing Bowl"},{"floor":19,"key":"Mercury Hourglass"},{"floor":26,"key":"Blood Vial"},{"floor":29,"key":"Gremlin Horn"},{"floor":29,"key":"Ornamental Fan"}],"event_choices":[{"damage_healed":0,"gold_gain":0,"player_choice":"Leave","damage_taken":0,"max_hp_gain":0,"max_hp_loss":0,"event_name":"The Cleric","floor":7,"gold_loss":0},{"damage_healed":0,"gold_gain":0,"player_choice":"Lose Max HP","damage_taken":0,"relics_obtained":["Golden Idol"],"max_hp_gain":0,"max_hp_loss":7,"event_name":"Golden Idol","floor":13,"gold_loss":0},{"damage_healed":0,"gold_gain":0,"player_choice":"Gave Idol","damage_taken":0,"relics_obtained":["Bloody Idol"],"max_hp_gain":0,"max_hp_loss":0,"event_name":"Forgotten Altar","floor":22,"relics_lost":["Golden Idol"],"gold_loss":0},{"damage_healed":0,"gold_gain":0,"player_choice":"Joined the Cult","damage_taken":6,"max_hp_gain":0,"max_hp_loss":0,"event_name":"Nest","floor":27,"gold_loss":0,"cards_obtained":["RitualDagger"]}],"is_beta":false,"boss_relics":[{"not_picked":["Fusion Hammer","Philosopher\u0027s Stone"],"picked":"Black Star"}],"items_purged_floors":[4,20],"is_endless":false,"potions_floor_spawned":[3,5,10,16,21,30],"killed_by":"Collector","ascension_level":8}