{"gold_per_floor":[116,116,116,116,41,41,53,53,108,108,143,156,169,204,204,282,312,328,428,35,55,55,55,87,87,112,112,126,206,81,91,91,168,168,183,183,1182,1197,1216,1216,1251,1251,1277,1277,1291,1291,388,14,14,14,14,14,14,14],"floor_reached":54,"playtime":2642,"items_purged":["Regret","Strike_R","Bite","Normality","Normality"],"score":1381,"play_id":"3fe0fba3-aece-4796-9718-d238912f3586","local_time":"20190124135918","is_ascension_mode":true,"campfire_choices":[{"data":"Inflame","floor":6,"key":"SMITH"},{"data":"Hemokinesis","floor":8,"key":"SMITH"},{"data":"Bash","floor":10,"key":"SMITH"},{"data":"True Grit","floor":15,"key":"SMITH"},{"floor":23,"key":"REST"},{"data":"Feed","floor":27,"key":"SMITH"},{"data":"Metallicize","floor":32,"key":"SMITH"},{"floor":40,"key":"RECALL"},{"data":"Iron Wave","floor":44,"key":"SMITH"},{"data":"Shrug It Off","floor":46,"key":"SMITH"},{"data":"Defend_R","floor":49,"key":"SMITH"},{"data":"Defend_R","floor":52,"key":"SMITH"}],"neow_cost":"NONE","seed_source_timestamp":565141688852736,"circlet_count":0,"master_deck":["AscendersBane","Defend_R","Defend_R","Defend_R+1","Defend_R+1","Bash+1","Inflame+1","Hemokinesis+1","Iron Wave+1","Metallicize+1","Shrug It Off+1","True Grit+1","Feed+1","Clumsy","Feel No Pain+1","Inflame+1","Rage+1","Ghostly","Ghostly","Ghostly","Ghostly","Ghostly","Bite","Bite","Bite","Bite","Brutality+1","Metallicize+1","Intimidate+1","Hemokinesis+1","Inflame+1","Inflame+1","Metamorphosis+1","Flash of Steel+1","Sentinel+1","Feel No Pain+1","Pommel Strike+1"],"relics":["Burning Blood","NeowsBlessing","Omamori","Anchor","Kunai","Pocketwatch","Calling Bell","Tiny Chest","Gremlin Horn","Champion Belt","FossilizedHelix","Frozen Egg 2","PreservedInsect","StoneCalendar","Molten Egg 2","Coffee Dripper","Darkstone Periapt","Calipers","Pen Nib","Art of War","Toxic Egg 2"],"potions_floor_usage":[14,16,19,19,33,33,41,50,50],"damage_taken":[{"damage":0,"enemies":"Small Slimes","floor":1,"turns":1},{"damage":0,"enemies":"2 Louse","floor":7,"turns":1},{"damage":0,"enemies":"3 Sentries","floor":11,"turns":2},{"damage":2,"enemies":"Jaw Worm","floor":12,"turns":2},{"damage":23,"enemies":"Exordium Thugs","floor":13,"turns":5},{"damage":14,"enemies":"Gremlin Nob","floor":14,"turns":4},{"damage":21,"enemies":"Hexaghost","floor":16,"turns":9},{"damage":29,"enemies":"2 Thieves","floor":18,"turns":5},{"damage":13,"enemies":"Colosseum Slavers","floor":19,"turns":7},{"damage":35,"enemies":"Colosseum Nobs","floor":19,"turns":8},{"damage":2,"enemies":"Shell Parasite","floor":21,"turns":15},{"damage":2,"enemies":"Book of Stabbing","floor":24,"turns":7},{"damage":12,"enemies":"3 Cultists","floor":28,"turns":7},{"damage":0,"enemies":"Centurion and Healer","floor":31,"turns":8},{"damage":28,"enemies":"Collector","floor":33,"turns":11},{"damage":10,"enemies":"3 Darklings","floor":35,"turns":7},{"damage":12,"enemies":"3 Shapes","floor":38,"turns":7},{"damage":11,"enemies":"Jaw Worm Horde","floor":39,"turns":7},{"damage":6,"enemies":"Nemesis","floor":41,"turns":7},{"damage":4,"enemies":"Transient","floor":45,"turns":5},{"damage":42,"enemies":"Time Eater","floor":50,"turns":12},{"damage":48,"enemies":"Shield and Spear","floor":54,"turns":3}],"seed_played":"7076089360463285050","potions_obtained":[{"floor":1,"key":"AttackPotion"},{"floor":12,"key":"Fire Potion"},{"floor":14,"key":"Ancient Potion"},{"floor":18,"key":"EssenceOfSteel"},{"floor":38,"key":"PowerPotion"},{"floor":39,"key":"Explosive Potion"},{"floor":41,"key":"LiquidBronze"}],"is_trial":false,"path_per_floor":["M","?","?","?","$","R","M","R","T","R","E","M","M","E","R","B",null,"M","?","$","M","?","R","E","?","T","R","M","T","$","M","R","B",null,"M","T","?","M","M","R","E","?","T","R","M","R","$","$","R","B",null,"R","$","E"],"character_chosen":"IRONCLAD","items_purchased":["PreservedInsect","PowerPotion","Inflame+1","Dexterity Potion","Art of War","Toxic Egg 2","Inflame+1","Metamorphosis+1","Flash of Steel+1","Sentinel+1","Feel No Pain+1","Pommel Strike+1"],"campfire_rested":1,"item_purchase_floors":[20,20,20,20,47,47,47,47,47,48,48,48],"current_hp_per_floor":[74,74,74,74,74,74,75,75,75,75,75,75,58,50,50,35,65,42,9,9,16,16,28,35,30,30,30,34,34,34,38,38,34,37,38,38,50,54,54,54,54,51,51,51,51,51,51,51,51,21,44,44,44,0],"gold":14,"neow_bonus":"THREE_ENEMY_KILL","is_prod":false,"is_daily":false,"chose_seed":false,"campfire_upgraded":10,"win_rate":0,"timestamp":1548356358,"path_taken":["M","?","?","?","$","R","M","R","T","R","E","M","?","E","R","BOSS","M","?","$","M","?","R","E","?","T","R","M","?","$","M","R","BOSS","M","?","?","M","M","R","E","?","T","R","M","R","?","$","R","BOSS","R","$","E"],"build_version":"2019-01-23","purchased_purges":5,"victory":false,"max_hp_per_floor":[75,75,75,75,75,75,75,75,75,75,75,75,75,75,75,75,75,75,78,78,81,40,40,43,30,30,30,34,34,34,38,38,38,38,38,38,50,54,54,54,54,51,51,51,51,51,51,51,51,51,51,51,51,51],"card_choices":[{"not_picked":["Rupture","Clash"],"picked":"Inflame","floor":1},{"not_picked":["Havoc","Clothesline"],"picked":"Hemokinesis","floor":7},{"not_picked":["Perfected Strike","Havoc"],"picked":"Iron Wave","floor":11},{"not_picked":["Twin Strike","Clash"],"picked":"Metallicize","floor":12},{"not_picked":["Burning Pact","Thunderclap"],"picked":"Shrug It Off","floor":13},{"not_picked":["Spot Weakness","Power Through"],"picked":"True Grit","floor":14},{"not_picked":["Berserk","Exhume"],"picked":"Feed","floor":16},{"not_picked":["Sword Boomerang","Evolve","Headbutt"],"picked":"SKIP","floor":18},{"not_picked":["Armaments","Warcry"],"picked":"Feel No Pain+1","floor":19},{"not_picked":["Warcry","Headbutt"],"picked":"Rage+1","floor":21},{"not_picked":["Heavy Blade","Fire Breathing+1","Blood for Blood"],"picked":"SKIP","floor":24},{"not_picked":["Flame Barrier+1","Clash","Twin Strike"],"picked":"SKIP","floor":28},{"not_picked":["Warcry","Body Slam+1","Thunderclap+1"],"picked":"SKIP","floor":31},{"not_picked":["Barricade+1","Juggernaut+1"],"picked":"Brutality+1","floor":33},{"not_picked":["Sentinel","Clash+1"],"picked":"Metallicize+1","floor":35},{"not_picked":["Second Wind","Uppercut+1"],"picked":"Intimidate+1","floor":38},{"not_picked":["Sentinel","Havoc","Bloodletting+1"],"picked":"SKIP","floor":39},{"not_picked":["Burning Pact","Rage"],"picked":"Hemokinesis+1","floor":41},{"not_picked":["Iron Wave+1","Thunderclap+1"],"picked":"Inflame+1","floor":45}],"player_experience":412513,"relics_obtained":[{"floor":9,"key":"Anchor"},{"floor":11,"key":"Kunai"},{"floor":14,"key":"Pocketwatch"},{"floor":17,"key":"Tiny Chest"},{"floor":17,"key":"Gremlin Horn"},{"floor":17,"key":"Champion Belt"},{"floor":19,"key":"FossilizedHelix"},{"floor":19,"key":"Frozen Egg 2"},{"floor":24,"key":"StoneCalendar"},{"floor":29,"key":"Molten Egg 2"},{"floor":36,"key":"Darkstone Periapt"},{"floor":41,"key":"Calipers"},{"floor":43,"key":"Pen Nib"}],"event_choices":[{"cards_removed":["Strike_R"],"damage_healed":0,"gold_gain":0,"player_choice":"Forget","damage_taken":0,"max_hp_gain":0,"max_hp_loss":0,"event_name":"Living Wall","floor":2,"gold_loss":0},{"damage_healed":0,"gold_gain":0,"player_choice":"Box","damage_taken":0,"relics_obtained":["Omamori"],"max_hp_gain":0,"max_hp_loss":0,"event_name":"Big Fish","floor":3,"gold_loss":0,"cards_obtained":["Regret"]},{"damage_healed":0,"gold_gain":0,"player_choice":"Bought 0 Potions","damage_taken":0,"max_hp_gain":0,"max_hp_loss":0,"event_name":"The Woman in Blue","floor":4,"gold_loss":0},{"damage_healed":0,"gold_gain":0,"player_choice":"Fight","damage_taken":0,"max_hp_gain":0,"max_hp_loss":0,"event_name":"Colosseum","floor":19,"gold_loss":0},{"damage_healed":0,"gold_gain":0,"player_choice":"Fought Nobs","damage_taken":0,"max_hp_gain":0,"max_hp_loss":0,"event_name":"Colosseum","floor":19,"gold_loss":0},{"damage_healed":0,"gold_gain":0,"player_choice":"Became a Ghost","damage_taken":0,"max_hp_gain":0,"max_hp_loss":41,"event_name":"Ghosts","floor":22,"gold_loss":0,"cards_obtained":["Ghostly","Ghostly","Ghostly","Ghostly","Ghostly"]},{"damage_healed":0,"gold_gain":0,"player_choice":"Became a vampire","damage_taken":0,"max_hp_gain":0,"max_hp_loss":13,"event_name":"Vampires","floor":25,"gold_loss":0,"cards_obtained":["Bite","Bite","Bite","Bite","Bite"]},{"damage_healed":0,"gold_gain":999,"player_choice":"Gold","damage_taken":0,"max_hp_gain":0,"max_hp_loss":0,"event_name":"MindBloom","floor":37,"gold_loss":0,"cards_obtained":["Normality","Normality"]},{"damage_healed":0,"gold_gain":0,"player_choice":"Max HP","damage_taken":0,"max_hp_gain":0,"max_hp_loss":3,"event_name":"Winding Halls","floor":42,"gold_loss":0}],"is_beta":false,"boss_relics":[{"not_picked":["White Beast Statue","Snecko Eye"],"picked":"Calling Bell"},{"not_picked":["Runic Dome","Runic Cube"],"picked":"Coffee Dripper"}],"items_purged_floors":[5,20,30,47,48],"is_endless":false,"potions_floor_spawned":[1,12,13,14,18,24,28,31,38,39,41],"killed_by":"Shield and Spear","ascension_level":14}