{"gold_per_floor":[114,131,131,151,8,8,25,25,25,25,54,54,54,80,80,180,180,198,216,248,266,278,278,297,297,344,344,373,1,36,36,36,131,131,146,166,185,199,219,219,247,247,247,20,37,37,52,70,70,70],"floor_reached":51,"playtime":2202,"items_purged":["Writhe","Decay"],"score":1072,"play_id":"59216859-df67-45b7-a141-a4cdf991a192","local_time":"20190110142224","is_ascension_mode":true,"campfire_choices":[{"data":"Bash","floor":6,"key":"SMITH"},{"data":"Shrug It Off","floor":8,"key":"SMITH"},{"data":"Metallicize","floor":12,"key":"SMITH"},{"data":"Metallicize","floor":15,"key":"SMITH"},{"data":"Rampage","floor":23,"key":"SMITH"},{"data":"RitualDagger","floor":27,"key":"SMITH"},{"floor":32,"key":"REST"},{"data":"Dark Embrace","floor":40,"key":"SMITH"},{"floor":49,"key":"REST"}],"neow_cost":"NONE","seed_source_timestamp":71914720328499,"circlet_count":0,"master_deck":["AscendersBane","Bash+1","Cleave","Metallicize+1","Shrug It Off+1","Metallicize+1","Pummel+1","Dropkick+1","Iron Wave","Rampage+1","RitualDagger+1","Iron Wave","Warcry","Impervious","Double Tap","Sentinel","Reckless Charge","Flex","Clothesline","Impervious","Juggernaut","Dark Embrace+1","Seeing Red","Shockwave","Battle Trance"],"relics":["Burning Blood","Happy Flower","Vajra","Mercury Hourglass","Bottled Tornado","Anchor","Cursed Key","Red Mask","Orichalcum","Charon\u0027s Ashes","Shuriken","Potion Belt","Pandora\u0027s Box","Red Skull","Bag of Marbles"],"potions_floor_usage":[11,20,28,30,33,33,39,41,41,42,50,50,50,50,50],"damage_taken":[{"damage":23,"enemies":"Small Slimes","floor":1,"turns":5},{"damage":10,"enemies":"Cultist","floor":2,"turns":4},{"damage":12,"enemies":"Jaw Worm","floor":4,"turns":3},{"damage":12,"enemies":"Looter","floor":7,"turns":3},{"damage":9,"enemies":"3 Sentries","floor":11,"turns":7},{"damage":19,"enemies":"Lagavulin","floor":14,"turns":9},{"damage":48,"enemies":"Hexaghost","floor":16,"turns":13},{"damage":4,"enemies":"2 Thieves","floor":18,"turns":4},{"damage":0,"enemies":"Chosen","floor":19,"turns":4},{"damage":0,"enemies":"Masked Bandits","floor":20,"turns":3},{"damage":5,"enemies":"Centurion and Healer","floor":21,"turns":6},{"damage":22,"enemies":"Sentry and Sphere","floor":22,"turns":6},{"damage":0,"enemies":"Cultist and Chosen","floor":24,"turns":6},{"damage":29,"enemies":"Book of Stabbing","floor":28,"turns":6},{"damage":10,"enemies":"Slavers","floor":30,"turns":4},{"damage":77,"enemies":"Champ","floor":33,"turns":10},{"damage":0,"enemies":"3 Shapes","floor":35,"turns":2},{"damage":7,"enemies":"3 Darklings","floor":36,"turns":4},{"damage":10,"enemies":"4 Shapes","floor":37,"turns":4},{"damage":14,"enemies":"Sphere and 2 Shapes","floor":38,"turns":4},{"damage":6,"enemies":"Writhing Mass","floor":39,"turns":5},{"damage":31,"enemies":"Giant Head","floor":41,"turns":9},{"damage":0,"enemies":"Jaw Worm Horde","floor":42,"turns":1},{"damage":12,"enemies":"Spire Growth","floor":45,"turns":5},{"damage":0,"enemies":"3 Darklings","floor":47,"turns":3},{"damage":5,"enemies":"Writhing Mass","floor":48,"turns":4},{"damage":69,"enemies":"Donu and Deca","floor":50,"turns":7}],"seed_played":"-4860584361212452793","potions_obtained":[{"floor":4,"key":"BloodPotion"},{"floor":7,"key":"Weak Potion"},{"floor":11,"key":"FairyPotion"},{"floor":14,"key":"Explosive Potion"},{"floor":30,"key":"AttackPotion"},{"floor":31,"key":"SmokeBomb"},{"floor":31,"key":"Poison Potion"},{"floor":31,"key":"Explosive Potion"},{"floor":33,"key":"Weak Potion"},{"floor":36,"key":"Poison Potion"},{"floor":37,"key":"SteroidPotion"},{"floor":39,"key":"SkillPotion"},{"floor":47,"key":"BloodPotion"},{"floor":48,"key":"Ancient Potion"}],"is_trial":false,"path_per_floor":["M","M","?","M","$","R","M","R","T","$","E","R","?","E","R","B",null,"M","M","?","M","M","R","M","?","T","R","E","$","E","?","R","B",null,"M","M","M","M","M","R","E","M","T","$","M","?","M","M","R","B",null],"character_chosen":"IRONCLAD","items_purchased":["Vajra","Shuriken","Dexterity Potion","Seeing Red","FearPotion"],"campfire_rested":2,"item_purchase_floors":[5,29,29,44,44],"current_hp_per_floor":[55,51,51,45,45,45,39,39,39,39,44,44,70,57,57,15,64,66,72,78,79,63,63,69,63,63,63,40,40,36,36,60,14,64,70,69,65,57,57,57,32,38,38,38,32,32,38,39,63,8],"gold":70,"neow_bonus":"RANDOM_COMMON_RELIC","is_prod":false,"is_daily":false,"chose_seed":false,"campfire_upgraded":7,"win_rate":0,"timestamp":1547148144,"path_taken":["M","M","?","?","$","R","M","R","T","?","E","R","?","E","R","BOSS","M","M","?","M","M","R","M","?","T","R","E","$","E","?","R","BOSS","M","M","M","?","M","R","E","M","T","$","?","?","M","M","R","BOSS"],"build_version":"2019-01-03v4","purchased_purges":2,"victory":true,"max_hp_per_floor":[80,80,80,80,80,80,80,80,80,80,80,80,80,80,80,80,80,80,80,80,80,80,80,80,80,80,80,80,80,80,80,80,80,80,80,80,80,80,80,80,80,80,80,80,80,80,80,80,80,80],"card_choices":[{"not_picked":["Dual Wield","Hemokinesis"],"picked":"Cleave","floor":1},{"not_picked":["Reckless Charge","Armaments"],"picked":"Metallicize","floor":2},{"not_picked":["Anger","Body Slam"],"picked":"Shrug It Off","floor":4},{"not_picked":["Armaments","Reckless Charge"],"picked":"Metallicize","floor":7},{"not_picked":["Anger","Thunderclap","Battle Trance"],"picked":"SKIP","floor":11},{"not_picked":["Evolve","Feel No Pain","Body Slam"],"picked":"SKIP","floor":14},{"not_picked":["Sever Soul","Anger"],"picked":"Pummel+1","floor":18},{"not_picked":["Cleave","Flex+1"],"picked":"Dropkick+1","floor":19},{"not_picked":["Evolve","Clash"],"picked":"Iron Wave","floor":21},{"not_picked":["Flex","Warcry"],"picked":"Rampage","floor":22},{"not_picked":["Headbutt","Cleave+1","Sword Boomerang+1"],"picked":"SKIP","floor":24},{"not_picked":["Dual Wield","Wild Strike"],"picked":"Iron Wave","floor":28},{"not_picked":["Rupture","Armaments"],"picked":"Warcry","floor":30},{"not_picked":["Demon Form","Barricade"],"picked":"Impervious","floor":33},{"not_picked":["Armaments","Pommel Strike","Whirlwind"],"picked":"SKIP","floor":35},{"not_picked":["Sever Soul","Anger","Twin Strike+1"],"picked":"SKIP","floor":36},{"not_picked":["Clothesline+1","Thunderclap+1"],"picked":"Dark Embrace","floor":37},{"not_picked":["Second Wind","Headbutt","True Grit+1"],"picked":"SKIP","floor":38},{"not_picked":["Havoc+1","Sword Boomerang+1","Anger"],"picked":"SKIP","floor":39},{"not_picked":["Combust+1","Clothesline","Armaments+1"],"picked":"SKIP","floor":41},{"not_picked":["Twin Strike+1","Perfected Strike","Havoc"],"picked":"SKIP","floor":45},{"not_picked":["Flex","Bloodletting"],"picked":"Shockwave","floor":47},{"not_picked":["Twin Strike+1","Bludgeon"],"picked":"Battle Trance","floor":48}],"player_experience":363443,"relics_obtained":[{"floor":9,"key":"Mercury Hourglass"},{"floor":11,"key":"Bottled Tornado"},{"floor":14,"key":"Anchor"},{"floor":20,"key":"Red Mask"},{"floor":26,"key":"Orichalcum"},{"floor":28,"key":"Charon\u0027s Ashes"},{"floor":30,"key":"Potion Belt"},{"floor":41,"key":"Red Skull"},{"floor":43,"key":"Bag of Marbles"}],"event_choices":[{"cards_removed":["Strike_R"],"damage_healed":0,"gold_gain":0,"player_choice":"Purged","damage_taken":0,"max_hp_gain":0,"max_hp_loss":0,"event_name":"Purifier","floor":3,"gold_loss":0},{"damage_healed":26,"gold_gain":0,"player_choice":"Banana","damage_taken":0,"max_hp_gain":0,"max_hp_loss":0,"event_name":"Big Fish","floor":13,"gold_loss":0},{"damage_healed":0,"gold_gain":0,"player_choice":"Fought Bandits","damage_taken":0,"max_hp_gain":0,"max_hp_loss":0,"event_name":"Masked Bandits","floor":20,"gold_loss":0},{"damage_healed":0,"gold_gain":0,"player_choice":"Joined the Cult","damage_taken":6,"max_hp_gain":0,"max_hp_loss":0,"event_name":"Nest","floor":25,"gold_loss":0,"cards_obtained":["RitualDagger"]},{"damage_healed":0,"gold_gain":0,"player_choice":"Got Potions","damage_taken":0,"max_hp_gain":0,"max_hp_loss":0,"event_name":"Lab","floor":31,"gold_loss":0},{"cards_removed":["Armaments"],"damage_healed":0,"gold_gain":0,"player_choice":"Purged","damage_taken":0,"max_hp_gain":0,"max_hp_loss":0,"event_name":"Purifier","floor":46,"gold_loss":0}],"is_beta":false,"boss_relics":[{"not_picked":["Runic Dome","White Beast Statue"],"picked":"Cursed Key"},{"not_picked":["Eternal Feather","Runic Pyramid"],"picked":"Pandora\u0027s Box"}],"items_purged_floors":[29,44],"is_endless":false,"potions_floor_spawned":[4,7,11,14,16,18,19,30,33,36,37,39,42,47,48],"ascension_level":10}