{"gold_per_floor":[119,139,139,19,19,19,50,50,73,107,107,107,125,156,156,247,247,268,159,173,29,48,88,88,128,128,146,146,346,362,402,402,495,495,515,528,528,528,528,559,579,614,637,762,781,802,802,11,11,11],"floor_reached":50,"playtime":3139,"items_purged":[],"score":1377,"play_id":"fb7819c1-db2e-41bd-b745-3d7b95cac474","local_time":"20190127192625","is_ascension_mode":true,"campfire_choices":[{"data":"Sunder","floor":6.0,"key":"SMITH"},{"data":"Hologram","floor":12.0,"key":"SMITH"},{"data":"Zap","floor":15.0,"key":"SMITH"},{"floor":32.0,"key":"REST"},{"data":"Defragment","floor":47.0,"key":"SMITH"},{"floor":49.0,"key":"REST"}],"neow_cost":"NONE","seed_source_timestamp":292709264170018,"circlet_count":0,"master_deck":["AscendersBane","Strike_B+1","Strike_B+1","Strike_B+1","Strike_B+1","Defend_B+1","Defend_B+1","Defend_B+1","Zap+1","Dualcast+1","Blizzard","Defragment","Sunder+1","Hologram+1","Gash+1","Rebound+1","Gash+1","Core Surge+1","Hologram+1","Chaos","Gash+1","Defragment+1","Auto Shields+1","Core Surge+1","Leap+1","Streamline+1","Stack","Rip and Tear+1","Electrodynamics","Gash+1","Loop","The Bomb","Dark Shackles","Madness","Coolheaded+1","Coolheaded+1","Gash+1","Leap+1","Buffer","Melter+1","Rainbow","Loop","Reinforced Body","Beam Cell+1","Master of Strategy","Rebound+1"],"special_seed":0,"relics":["Cracked Core","NeowsBlessing","Potion Belt","Golden Idol","PreservedInsect","Molten Egg 2","Letter Opener","Dream Catcher","Black Star","Gremlin Horn","Pen Nib","Bird Faced Urn","Vajra","Bag of Preparation","Anchor","Mummified Hand","Blood Vial","War Paint","White Beast Statue","Orichalcum","Bottled Lightning","Thread and Needle","Happy Flower","Regal Pillow","Ginger","Ornamental Fan"],"potions_floor_usage":[50,50],"damage_taken":[{"damage":0.0,"enemies":"Cultist","floor":1.0,"turns":1.0},{"damage":0.0,"enemies":"Jaw Worm","floor":2.0,"turns":1.0},{"damage":0.0,"enemies":"Lagavulin","floor":7.0,"turns":1.0},{"damage":17.0,"enemies":"3 Sentries","floor":10.0,"turns":4.0},{"damage":0.0,"enemies":"Small Slimes","floor":13.0,"turns":3.0},{"damage":16.0,"enemies":"Gremlin Nob","floor":14.0,"turns":3.0},{"damage":0.0,"enemies":"Slime Boss","floor":16.0,"turns":6.0},{"damage":1.0,"enemies":"Spheric Guardian","floor":18.0,"turns":3.0},{"damage":0.0,"enemies":"Chosen","floor":20.0,"turns":3.0},{"damage":25.0,"enemies":"3 Cultists","floor":22.0,"turns":5.0},{"damage":0.0,"enemies":"Slavers","floor":23.0,"turns":1.0},{"damage":33.0,"enemies":"Book of Stabbing","floor":25.0,"turns":4.0},{"damage":1.0,"enemies":"Sentry and Sphere","floor":27.0,"turns":3.0},{"damage":0.0,"enemies":"Cultist and Chosen","floor":30.0,"turns":4.0},{"damage":0.0,"enemies":"Slavers","floor":31.0,"turns":3.0},{"damage":24.0,"enemies":"Collector","floor":33.0,"turns":8.0},{"damage":19.0,"enemies":"3 Darklings","floor":35.0,"turns":4.0},{"damage":0.0,"enemies":"3 Shapes","floor":36.0,"turns":2.0},{"damage":6.0,"enemies":"Reptomancer","floor":40.0,"turns":4.0},{"damage":0.0,"enemies":"Transient","floor":41.0,"turns":5.0},{"damage":35.0,"enemies":"Nemesis","floor":42.0,"turns":7.0},{"damage":6.0,"enemies":"Mind Bloom Boss Battle","floor":44.0,"turns":7.0},{"damage":0.0,"enemies":"Sphere and 2 Shapes","floor":45.0,"turns":4.0},{"damage":0.0,"enemies":"4 Shapes","floor":46.0,"turns":4.0},{"damage":77,"enemies":"Time Eater","floor":50,"turns":15}],"seed_played":"7185981124061641376","potions_obtained":[{"floor":2.0,"key":"Fire Potion"},{"floor":10.0,"key":"SpeedPotion"},{"floor":13.0,"key":"Regen Potion"},{"floor":16.0,"key":"EntropicBrew"},{"floor":18.0,"key":"Poison Potion"},{"floor":23.0,"key":"LiquidBronze"},{"floor":27.0,"key":"Block Potion"},{"floor":33.0,"key":"Poison Potion"},{"floor":35.0,"key":"Swift Potion"},{"floor":36.0,"key":"Explosive Potion"},{"floor":39.0,"key":"EntropicBrew"},{"floor":39.0,"key":"EssenceOfSteel"},{"floor":40.0,"key":"SkillPotion"},{"floor":41.0,"key":"Fire Potion"},{"floor":42.0,"key":"FocusPotion"},{"floor":44.0,"key":"PowerPotion"},{"floor":45.0,"key":"SkillPotion"},{"floor":46.0,"key":"SkillPotion"}],"is_trial":false,"path_per_floor":["M","M","?","$","?","R","E","?","T","E","T","R","M","E","R","B",null,"M","?","M","$","M","E","?","E","T","M","?","?","M","E","R","B",null,"M","M","?","?","?","E","M","E","T","?","M","M","R","$","R","B"],"character_chosen":"DEFECT","items_purchased":["Sunder","Hologram","Pen Nib","Rainbow","Loop","Reinforced Body","Beam Cell+1","Master of Strategy","Ornamental Fan","Energy Potion"],"campfire_rested":2,"item_purchase_floors":[4,4,21,48,48,48,48,48,48,48],"current_hp_per_floor":[64,64,57,57,57,57,57,57,57,40,40,40,40,33,33,33,56,55,55,55,55,30,30,30,1,1,2,2,2,6,6,25,7,50,37,39,39,29,29,31,37,12,12,14,20,22,22,22,56,0],"gold":11,"neow_bonus":"THREE_ENEMY_KILL","is_prod":false,"is_daily":false,"chose_seed":false,"campfire_upgraded":4,"win_rate":0,"timestamp":1548613585,"path_taken":["M","M","?","$","?","R","E","?","T","E","?","R","M","E","R","BOSS","M","?","M","$","?","E","?","E","T","?","?","?","?","E","R","BOSS","M","M","?","?","?","E","?","E","T","?","M","M","R","$","R","BOSS"],"build_version":"2019-01-23","purchased_purges":0,"victory":false,"max_hp_per_floor":[71,71,71,71,71,71,71,64,64,64,64,64,64,64,64,64,64,64,64,64,64,64,64,64,64,64,64,64,64,64,64,64,64,64,64,64,64,64,64,64,64,64,64,64,64,64,64,64,64,64],"card_choices":[{"not_picked":["Compile Driver","Recycle"],"picked":"Blizzard","floor":1.0},{"not_picked":["Leap","Turbo"],"picked":"Defragment","floor":2.0},{"not_picked":["Turbo","Redo"],"picked":"Recycle","floor":7.0},{"not_picked":["Rebound","Go for the Eyes"],"picked":"Gash","floor":10.0},{"not_picked":["Stack","Barrage+1"],"picked":"Rebound+1","floor":13.0},{"not_picked":["Recycle","Tempest"],"picked":"Gash+1","floor":14.0},{"not_picked":["Meteor Strike+1","Machine Learning"],"picked":"Core Surge+1","floor":16.0},{"not_picked":["Defragment","Lockon+1"],"picked":"Hologram+1","floor":18.0},{"not_picked":["Steam","Conserve Battery"],"picked":"Chaos","floor":20.0},{"not_picked":["Barrage+1","Hologram+1"],"picked":"Gash+1","floor":22.0},{"not_picked":["Steam","Redo+1"],"picked":"Defragment","floor":23.0},{"not_picked":["Recycle","Leap"],"picked":"Core Surge+1","floor":25.0},{"not_picked":["Steam","Loop"],"picked":"Leap+1","floor":27.0},{"not_picked":["Heatsinks","Redo"],"picked":"Streamline+1","floor":30.0},{"not_picked":["Barrage+1","Turbo"],"picked":"Stack","floor":31.0},{"not_picked":["Redo","Skim"],"picked":"Rip and Tear+1","floor":32.0},{"not_picked":["Machine Learning","Hyperbeam+1"],"picked":"Electrodynamics","floor":33.0},{"not_picked":["Go for the Eyes+1","Steam Power"],"picked":"Gash+1","floor":35.0},{"not_picked":["Redo+1","Heatsinks"],"picked":"Loop","floor":36.0},{"not_picked":["Secret Weapon","Madness"],"picked":"The Bomb","floor":38.0},{"not_picked":["Finesse","Trip"],"picked":"Dark Shackles","floor":38.0},{"not_picked":["Trip","Impatience"],"picked":"Madness","floor":38.0},{"not_picked":["Rebound+1","Tempest"],"picked":"Coolheaded+1","floor":40.0},{"not_picked":["Rebound+1","Ball Lightning+1"],"picked":"Coolheaded+1","floor":41.0},{"not_picked":["Seek","Sweeping Beam+1"],"picked":"Gash+1","floor":42.0},{"not_picked":["Compile Driver+1","Rebound+1"],"picked":"Leap+1","floor":44.0},{"not_picked":["Beam Cell+1","Redo+1"],"picked":"Buffer","floor":45.0},{"not_picked":["Conserve Battery","Hologram+1"],"picked":"Melter+1","floor":46.0},{"not_picked":["Redo","Darkness"],"picked":"Rebound+1","floor":49.0}],"player_experience":605479,"relics_obtained":[{"floor":7.0,"key":"Potion Belt"},{"floor":9.0,"key":"PreservedInsect"},{"floor":10.0,"key":"Molten Egg 2"},{"floor":11.0,"key":"Letter Opener"},{"floor":14.0,"key":"Dream Catcher"},{"floor":23.0,"key":"Bird Faced Urn"},{"floor":23.0,"key":"Vajra"},{"floor":25.0,"key":"Bag of Preparation"},{"floor":25.0,"key":"Anchor"},{"floor":26.0,"key":"Mummified Hand"},{"floor":31.0,"key":"Blood Vial"},{"floor":31.0,"key":"War Paint"},{"floor":40.0,"key":"Orichalcum"},{"floor":40.0,"key":"Bottled Lightning"},{"floor":42.0,"key":"Thread and Needle"},{"floor":42.0,"key":"Happy Flower"},{"floor":43.0,"key":"Regal Pillow"},{"floor":44.0,"key":"Ginger"}],"event_choices":[{"cards_removed":["Defend_B"],"damage_healed":0.0,"max_hp_gain":0.0,"max_hp_loss":0.0,"gold_gain":0.0,"event_name":"Golden Wing","player_choice":"Card Removal","floor":3.0,"gold_loss":0.0,"damage_taken":7.0},{"damage_healed":0.0,"max_hp_gain":0.0,"max_hp_loss":0.0,"gold_gain":0.0,"event_name":"The Cleric","player_choice":"Leave","floor":5.0,"gold_loss":0.0,"damage_taken":0.0},{"damage_healed":0.0,"max_hp_gain":0.0,"max_hp_loss":7.0,"gold_gain":0.0,"event_name":"Golden Idol","player_choice":"Lose Max HP","floor":8.0,"gold_loss":0.0,"damage_taken":0.0,"relics_obtained":["Golden Idol"]},{"damage_healed":0.0,"max_hp_gain":0.0,"max_hp_loss":0.0,"gold_gain":0.0,"event_name":"WeMeetAgain","player_choice":"Paid Gold","floor":19.0,"gold_loss":109.0,"damage_taken":0.0,"relics_obtained":["Gremlin Horn"]},{"damage_healed":0.0,"max_hp_gain":0.0,"max_hp_loss":0.0,"gold_gain":0.0,"cards_transformed":["Recycle"],"event_name":"Transmorgrifier","player_choice":"Transformed","floor":24.0,"gold_loss":0.0,"damage_taken":0.0,"cards_obtained":["Auto Shields"]},{"damage_healed":0.0,"max_hp_gain":0.0,"max_hp_loss":0.0,"gold_gain":0.0,"event_name":"Back to Basics","player_choice":"Simplicity","floor":28.0,"gold_loss":0.0,"damage_taken":0.0,"cards_upgraded":["Strike_B","Strike_B","Strike_B","Strike_B","Defend_B","Defend_B","Defend_B"]},{"damage_healed":0.0,"max_hp_gain":0.0,"max_hp_loss":0.0,"gold_gain":250.0,"event_name":"The Joust","player_choice":"Bet on Owner","floor":29.0,"gold_loss":50.0,"damage_taken":0.0},{"damage_healed":0.0,"max_hp_gain":0.0,"max_hp_loss":0.0,"gold_gain":0.0,"event_name":"Tomb of Lord Red Mask","player_choice":"Ignored","floor":37.0,"gold_loss":0.0,"damage_taken":0.0},{"damage_healed":0.0,"max_hp_gain":0.0,"max_hp_loss":0.0,"gold_gain":0.0,"event_name":"SensoryStone","player_choice":"Memory 3","floor":38.0,"gold_loss":0.0,"damage_taken":10.0},{"damage_healed":0.0,"max_hp_gain":0.0,"max_hp_loss":0.0,"gold_gain":0.0,"event_name":"Lab","player_choice":"Got Potions","floor":39.0,"gold_loss":0.0,"damage_taken":0.0},{"damage_healed":0.0,"max_hp_gain":0.0,"max_hp_loss":0.0,"gold_gain":0.0,"event_name":"MindBloom","player_choice":"Fight","floor":44.0,"gold_loss":0.0,"damage_taken":0.0}],"is_beta":false,"boss_relics":[{"not_picked":["Lizard Tail","Nuclear Battery"],"picked":"Black Star"},{"not_picked":["Empty Cage","Snecko Eye"],"picked":"White Beast Statue"}],"items_purged_floors":[],"is_endless":false,"potions_floor_spawned":[2,10,13,16,18,23,27,33,35,36,40,41,42,44,45,46],"killed_by":"Time Eater","ascension_level":15}