{"gold_per_floor":[111,127,144,162,174,207,207,221,246,266,279,297,297,14,14,117,117,137,137,148,98,115,115,134,134,183,202,220,240,240,155,155,250,250,267,137,137,151,161,181,181,181,181,131,141,141,53,69,69,69,69,69,19,44,44],"floor_reached":55,"playtime":3279,"items_purged":["Strike_B","Strike_B","Strike_B","Defend_B","Defend_B","Defend_B"],"score":629,"play_id":"e02349b1-ce99-485b-88cd-5df095e98fc9","local_time":"20190105234439","is_ascension_mode":false,"campfire_choices":[{"floor":7.0,"key":"REST"},{"floor":13.0,"key":"REST"},{"data":"Storm","floor":15.0,"key":"SMITH"},{"data":"Creative AI","floor":23.0,"key":"SMITH"},{"floor":30.0,"key":"REST"},{"data":"Defragment","floor":32.0,"key":"SMITH"},{"floor":42.0,"key":"REST"},{"floor":49.0,"key":"RECALL"},{"data":"Seek","floor":52.0,"key":"SMITH"}],"neow_cost":"PERCENT_DAMAGE","seed_source_timestamp":0,"circlet_count":0,"master_deck":["Zap","Dualcast","Leap","Defragment+1","Melter","Go for the Eyes+1","Thunder Strike","Glacier","Storm+1","Rebound+1","Cold Snap","Creative AI+1","Core Surge","Genetic Algorithm+1","Defragment+1","Coolheaded+1","Ball Lightning+1","Loop","Seek+1","Skim","Defragment","Chill+1","Redo+1","BootSequence","Hologram"],"special_seed":0,"relics":["Cracked Core","Smiling Mask","PreservedInsect","Lizard Tail","Darkstone Periapt","Whetstone","Centennial Puzzle","Inserter","Dodecahedron","Bronze Scales"],"potions_floor_usage":[55],"damage_taken":[{"damage":1.0,"enemies":"Cultist","floor":1.0,"turns":3.0},{"damage":0.0,"enemies":"Small Slimes","floor":2.0,"turns":2.0},{"damage":6.0,"enemies":"Jaw Worm","floor":3.0,"turns":3.0},{"damage":3.0,"enemies":"Red Slaver","floor":4.0,"turns":4.0},{"damage":1.0,"enemies":"Looter","floor":5.0,"turns":2.0},{"damage":20.0,"enemies":"3 Sentries","floor":6.0,"turns":9.0},{"damage":17.0,"enemies":"Exordium Thugs","floor":8.0,"turns":6.0},{"damage":1.0,"enemies":"Blue Slaver","floor":10.0,"turns":4.0},{"damage":2.0,"enemies":"2 Fungi Beasts","floor":11.0,"turns":4.0},{"damage":5.0,"enemies":"Large Slime","floor":12.0,"turns":6.0},{"damage":24.0,"enemies":"The Guardian","floor":16.0,"turns":9.0},{"damage":22.0,"enemies":"3 Byrds","floor":18.0,"turns":5.0},{"damage":10.0,"enemies":"Chosen","floor":20.0,"turns":5.0},{"damage":4.0,"enemies":"Snecko","floor":22.0,"turns":4.0},{"damage":19.0,"enemies":"Sentry and Sphere","floor":24.0,"turns":3.0},{"damage":14.0,"enemies":"Snake Plant","floor":27.0,"turns":6.0},{"damage":21.0,"enemies":"Shelled Parasite and Fungi","floor":28.0,"turns":5.0},{"damage":0.0,"enemies":"Chosen and Byrds","floor":29.0,"turns":4.0},{"damage":42.0,"enemies":"Automaton","floor":33.0,"turns":11.0},{"damage":0.0,"enemies":"Orb Walker","floor":35.0,"turns":4.0},{"damage":46.0,"enemies":"3 Shapes","floor":38.0,"turns":4.0},{"damage":17.0,"enemies":"Writhing Mass","floor":39.0,"turns":7.0},{"damage":9.0,"enemies":"Maw","floor":40.0,"turns":9.0},{"damage":25.0,"enemies":"Sphere and 2 Shapes","floor":45.0,"turns":7.0},{"damage":3.0,"enemies":"Jaw Worm Horde","floor":48.0,"turns":5.0},{"damage":17.0,"enemies":"Donu and Deca","floor":50.0,"turns":11.0},{"damage":24.0,"enemies":"Shield and Spear","floor":54.0,"turns":8.0},{"damage":66,"enemies":"The Heart","floor":55,"turns":12}],"seed_played":"5844831103810998503","potions_obtained":[{"floor":1.0,"key":"SpeedPotion"},{"floor":3.0,"key":"Block Potion"},{"floor":6.0,"key":"LiquidBronze"},{"floor":11.0,"key":"Ancient Potion"},{"floor":12.0,"key":"EssenceOfSteel"},{"floor":18.0,"key":"FocusPotion"},{"floor":27.0,"key":"FocusPotion"},{"floor":29.0,"key":"SpeedPotion"},{"floor":33.0,"key":"Fruit Juice"},{"floor":39.0,"key":"FairyPotion"},{"floor":45.0,"key":"SpeedPotion"},{"floor":54.0,"key":"FearPotion"}],"is_trial":false,"path_per_floor":["M","M","M","M","M","E","R","M","T","M","M","M","R","$","R","B",null,"M","?","M","$","M","R","M","?","T","M","M","M","R","?","R","B",null,"M","$","?","M","M","M","?","R","T","$","M","?","$","M","R","B",null,"R","$","E","B"],"character_chosen":"DEFECT","items_purchased":["PreservedInsect","Creative AI","Defragment","BootSequence"],"campfire_rested":4,"item_purchase_floors":[14,14,36,47],"current_hp_per_floor":[53,53,47,44,43,23,45,28,28,27,25,20,42,42,42,18,75,53,59,49,49,45,45,26,17,17,3,25,25,49,49,49,7,81,81,81,81,40,23,14,14,39,39,39,14,14,14,11,11,8,86,86,86,62,0],"gold":44,"neow_bonus":"REMOVE_TWO","is_prod":false,"is_daily":false,"chose_seed":false,"campfire_upgraded":4,"win_rate":0,"timestamp":1546699479,"path_taken":["M","M","?","M","?","E","R","M","T","?","M","M","R","?","R","BOSS","M","?","M","$","M","R","M","?","T","M","M","M","R","?","R","BOSS","M","$","?","?","M","M","?","R","T","?","M","?","$","M","R","BOSS","R","$","E","BOSS"],"build_version":"2019-01-03v4","purchased_purges":6,"victory":false,"max_hp_per_floor":[75,75,75,75,75,75,75,75,75,75,75,75,75,75,75,75,75,75,81,81,81,81,81,81,81,81,81,81,81,81,81,81,81,81,81,81,81,86,86,86,86,86,86,86,86,86,86,86,86,86,86,86,86,86,86],"card_choices":[{"not_picked":["Reprogram","Sweeping Beam"],"picked":"Leap","floor":1.0},{"not_picked":["Sunder","Stack"],"picked":"Defragment","floor":2.0},{"not_picked":["Rebound","Gash"],"picked":"Melter","floor":3.0},{"not_picked":["Sweeping Beam","Capacitor"],"picked":"Go for the Eyes","floor":4.0},{"not_picked":["Aggregate","Gash"],"picked":"Thunder Strike","floor":5.0},{"not_picked":["Barrage","Chaos","Turbo"],"picked":"SKIP","floor":6.0},{"not_picked":["Ball Lightning","Hologram"],"picked":"Glacier","floor":8.0},{"not_picked":["Leap","Beam Cell"],"picked":"Storm","floor":10.0},{"not_picked":["Barrage","Go for the Eyes"],"picked":"Rebound","floor":11.0},{"not_picked":["White Noise","Leap"],"picked":"Cold Snap","floor":12.0},{"not_picked":["Rainbow","Echo Form"],"picked":"Core Surge","floor":16.0},{"not_picked":["Compile Driver+1","Stack","Fusion"],"picked":"SKIP","floor":18.0},{"not_picked":["Gash","Steam"],"picked":"Genetic Algorithm+1","floor":20.0},{"not_picked":["Leap","Blizzard+1"],"picked":"Defragment+1","floor":22.0},{"not_picked":["Turbo","Redo"],"picked":"Coolheaded+1","floor":24.0},{"not_picked":["Conserve Battery","Thunder Strike"],"picked":"Ball Lightning+1","floor":27.0},{"not_picked":["Turbo","Steam"],"picked":"Loop","floor":28.0},{"not_picked":["Conserve Battery","Go for the Eyes","Steam"],"picked":"SKIP","floor":29.0},{"not_picked":["Multi-Cast","Echo Form"],"picked":"Seek","floor":33.0},{"not_picked":["Stack+1","Rebound+1"],"picked":"Skim","floor":35.0},{"not_picked":["Melter","Coolheaded+1","Genetic Algorithm+1"],"picked":"SKIP","floor":38.0},{"not_picked":["Storm+1","Scrape+1"],"picked":"Chill+1","floor":39.0},{"not_picked":["Compile Driver","Force Field+1"],"picked":"Redo+1","floor":40.0},{"not_picked":["Ball Lightning","Loop","Streamline+1"],"picked":"SKIP","floor":45.0},{"not_picked":["Gash+1","Chaos","Sunder+1"],"picked":"SKIP","floor":48.0},{"not_picked":["Beam Cell+1","Darkness"],"picked":"Hologram","floor":54.0}],"player_experience":126654,"relics_obtained":[{"floor":6.0,"key":"Smiling Mask"},{"floor":26.0,"key":"Whetstone"},{"floor":43.0,"key":"Dodecahedron"},{"floor":54.0,"key":"Bronze Scales"}],"event_choices":[{"damage_healed":0.0,"max_hp_gain":0.0,"max_hp_loss":0.0,"gold_gain":0.0,"event_name":"The Mausoleum","player_choice":"Opened","floor":19.0,"gold_loss":0.0,"damage_taken":0.0,"relics_obtained":["Darkstone Periapt"],"cards_obtained":["Writhe"]},{"damage_healed":0.0,"max_hp_gain":0.0,"max_hp_loss":0.0,"gold_gain":0.0,"event_name":"Cursed Tome","player_choice":"Stopped","floor":25.0,"gold_loss":0.0,"damage_taken":9.0},{"damage_healed":0.0,"max_hp_gain":0.0,"max_hp_loss":0.0,"gold_gain":0.0,"event_name":"Addict","player_choice":"Obtained Relic","floor":31.0,"gold_loss":85.0,"damage_taken":0.0,"relics_obtained":["Centennial Puzzle"]},{"cards_removed":["Writhe"],"damage_healed":0.0,"max_hp_gain":0.0,"max_hp_loss":0.0,"gold_gain":0.0,"event_name":"Fountain of Cleansing","player_choice":"Removed Curses","floor":37.0,"gold_loss":0.0,"damage_taken":0.0},{"damage_healed":0.0,"max_hp_gain":0.0,"max_hp_loss":0.0,"gold_gain":0.0,"event_name":"Mysterious Sphere","player_choice":"Ignored","floor":41.0,"gold_loss":0.0,"damage_taken":0.0},{"damage_healed":0.0,"max_hp_gain":0.0,"max_hp_loss":0.0,"gold_gain":0.0,"event_name":"Tomb of Lord Red Mask","player_choice":"Ignored","floor":46.0,"gold_loss":0.0,"damage_taken":0.0}],"is_beta":false,"boss_relics":[{"not_picked":["Nuclear Battery","Fusion Hammer"],"picked":"Lizard Tail"},{"not_picked":["Snecko Eye","Cursed Key"],"picked":"Inserter"}],"items_purged_floors":[14,21,36,44,47,53],"is_endless":false,"potions_floor_spawned":[1,3,6,11,12,18,27,29,33,39,45,48,54],"killed_by":"The Heart","ascension_level":0}