{"gold_per_floor":[119,133,4,4,4,40,40,71,83,131,143,155,180,213,225,333,345,382,394,25,25,25,25,59,59,85,85,159,159,183,196,196,196],"floor_reached":33,"playtime":1190,"items_purged":["Normality","Juggernaut"],"score":578,"play_id":"18f4a41b-0582-4e2c-9ff9-1c4ae352182e","local_time":"20190126161509","is_ascension_mode":true,"campfire_choices":[{"data":"Carnage","floor":7,"key":"SMITH"},{"data":"True Grit","floor":12,"key":"SMITH"},{"data":"Whirlwind","floor":15,"key":"SMITH"},{"data":"Offering","floor":23,"key":"SMITH"},{"data":"Sentinel","floor":25,"key":"SMITH"},{"floor":27,"key":"RECALL"},{"floor":29,"key":"REST"},{"floor":32,"key":"REST"}],"neow_cost":"CURSE","seed_source_timestamp":747595411900605,"circlet_count":0,"master_deck":["AscendersBane","Bash","Offering","Headbutt","Carnage+1","Whirlwind+1","Flame Barrier","True Grit+1","Intimidate","Offering+1","Feel No Pain","Hemokinesis","Thunderclap","Sentinel+1","Inflame","Evolve","Limit Break","Corruption","Writhe","RitualDagger","Bite","Bite","Bite","Bite","Bite","Seeing Red+1","Inflame","Seeing Red","True Grit+1"],"relics":["Burning Blood","Golden Idol","Pear","MawBank","Bronze Scales","FossilizedHelix","Pandora\u0027s Box","Du-Vu Doll","Bottled Lightning","Prayer Wheel","Tiny Chest"],"potions_floor_usage":[8,10,28,28],"damage_taken":[{"damage":7,"enemies":"Small Slimes","floor":1,"turns":3},{"damage":8,"enemies":"2 Louse","floor":2,"turns":2},{"damage":21,"enemies":"3 Sentries","floor":6,"turns":7},{"damage":19,"enemies":"Lagavulin","floor":8,"turns":5},{"damage":36,"enemies":"3 Sentries","floor":10,"turns":7},{"damage":0,"enemies":"Jaw Worm","floor":13,"turns":2},{"damage":0,"enemies":"Gremlin Gang","floor":14,"turns":2},{"damage":18,"enemies":"Slime Boss","floor":16,"turns":8},{"damage":9,"enemies":"Spheric Guardian","floor":18,"turns":3},{"damage":26,"enemies":"Book of Stabbing","floor":24,"turns":3},{"damage":45,"enemies":"Gremlin Leader","floor":28,"turns":4},{"damage":9,"enemies":"Chosen","floor":30,"turns":3},{"damage":16,"enemies":"3 Cultists","floor":31,"turns":5},{"damage":72,"enemies":"Collector","floor":33,"turns":3}],"seed_played":"1266885515349176434","potions_obtained":[{"floor":2,"key":"Weak Potion"},{"floor":8,"key":"Regen Potion"},{"floor":16,"key":"LiquidBronze"},{"floor":30,"key":"EssenceOfSteel"}],"is_trial":false,"path_per_floor":["M","M","$","?","?","E","R","E","T","E","?","R","M","M","R","B",null,"M","?","$","?","?","R","E","R","T","R","E","R","M","M","R","B"],"character_chosen":"IRONCLAD","items_purchased":["Block Potion","Bottled Lightning"],"campfire_rested":2,"item_purchase_floors":[3,20],"current_hp_per_floor":[67,65,65,70,70,65,65,52,52,37,30,30,36,42,42,30,69,66,66,66,60,57,57,45,45,45,45,12,29,36,34,51,0],"gold":196,"neow_bonus":"THREE_RARE_CARDS","is_prod":false,"is_daily":false,"chose_seed":false,"campfire_upgraded":5,"win_rate":0,"timestamp":1548537309,"path_taken":["M","M","$","?","?","E","R","E","T","E","?","R","?","?","R","BOSS","M","?","$","?","?","R","E","R","T","R","E","R","M","M","R","BOSS"],"build_version":"2019-01-23","purchased_purges":2,"victory":false,"max_hp_per_floor":[75,75,75,80,72,82,82,82,82,82,82,82,82,82,82,82,82,82,82,82,82,57,57,57,57,57,57,57,57,57,57,57,57],"card_choices":[{"not_picked":["Berserk","Exhume"],"picked":"Offering","floor":0},{"not_picked":["Seeing Red","Sword Boomerang"],"picked":"Headbutt","floor":1},{"not_picked":["Armaments","Clash"],"picked":"Carnage","floor":2},{"not_picked":["Hemokinesis","Havoc"],"picked":"Whirlwind","floor":6},{"not_picked":["Armaments","Infernal Blade"],"picked":"Flame Barrier","floor":8},{"not_picked":["Armaments","Anger"],"picked":"True Grit","floor":10},{"not_picked":["Sword Boomerang","Clash","Armaments"],"picked":"SKIP","floor":13},{"not_picked":["Dropkick","Dual Wield"],"picked":"Intimidate","floor":14},{"not_picked":["Berserk","Double Tap"],"picked":"Offering","floor":16},{"not_picked":["Sword Boomerang","Pommel Strike"],"picked":"Corruption","floor":18},{"not_picked":["Warcry","Sever Soul"],"picked":"Seeing Red+1","floor":24},{"not_picked":["Infernal Blade","Headbutt"],"picked":"Inflame","floor":28},{"not_picked":["Ghostly Armor","Battle Trance"],"picked":"Seeing Red","floor":30},{"not_picked":["Pommel Strike","Sword Boomerang","Searing Blow"],"picked":"SKIP","floor":30},{"not_picked":["Hemokinesis","Sword Boomerang"],"picked":"True Grit+1","floor":31},{"not_picked":["Cleave","Sever Soul","Headbutt"],"picked":"SKIP","floor":31}],"player_experience":471980,"relics_obtained":[{"floor":6,"key":"Pear"},{"floor":8,"key":"MawBank"},{"floor":9,"key":"Bronze Scales"},{"floor":10,"key":"FossilizedHelix"},{"floor":24,"key":"Prayer Wheel"},{"floor":28,"key":"Tiny Chest"}],"event_choices":[{"damage_healed":0,"gold_gain":0,"player_choice":"Donut","damage_taken":0,"max_hp_gain":5,"max_hp_loss":0,"event_name":"Big Fish","floor":4,"gold_loss":0},{"damage_healed":0,"gold_gain":0,"player_choice":"Lose Max HP","damage_taken":0,"relics_obtained":["Golden Idol"],"max_hp_gain":0,"max_hp_loss":8,"event_name":"Golden Idol","floor":5,"gold_loss":0},{"cards_removed":["Strike_R"],"damage_healed":0,"gold_gain":0,"player_choice":"Card Removal","damage_taken":7,"max_hp_gain":0,"max_hp_loss":0,"event_name":"Golden Wing","floor":11,"gold_loss":0},{"damage_healed":0,"gold_gain":0,"player_choice":"Opened","damage_taken":0,"relics_obtained":["Du-Vu Doll"],"max_hp_gain":0,"max_hp_loss":0,"event_name":"The Mausoleum","floor":19,"gold_loss":0,"cards_obtained":["Writhe"]},{"damage_healed":0,"gold_gain":0,"player_choice":"Joined the Cult","damage_taken":6,"max_hp_gain":0,"max_hp_loss":0,"event_name":"Nest","floor":21,"gold_loss":0,"cards_obtained":["RitualDagger"]},{"damage_healed":0,"gold_gain":0,"player_choice":"Became a vampire","damage_taken":0,"max_hp_gain":0,"max_hp_loss":25,"event_name":"Vampires","floor":22,"gold_loss":0,"cards_obtained":["Bite","Bite","Bite","Bite","Bite"]}],"is_beta":false,"boss_relics":[{"not_picked":["Fusion Hammer","Empty Cage"],"picked":"Pandora\u0027s Box"}],"items_purged_floors":[3,20],"is_endless":false,"potions_floor_spawned":[2,8,16,18,30],"killed_by":"Collector","ascension_level":17}