{"gold_per_floor":[117,117,77,77,152,152,152,152,152,172,192,208,240,240,240,342,342,355,370,370,370,219,219,219,238,284,284,128,162,162,162,162,261,261,274,288,42,42,58,58,72,72,72,72,83,118,30,30,30,30],"floor_reached":50,"playtime":2702,"items_purged":[],"score":535,"play_id":"6649b0a5-0305-4527-863c-b03481769ac4","local_time":"20180728172212","is_ascension_mode":true,"campfire_choices":[{"data":"Zap","floor":6,"key":"SMITH"},{"floor":8,"key":"REST"},{"data":"Go for the Eyes","floor":15,"key":"SMITH"},{"data":"Rainbow","floor":23,"key":"SMITH"},{"data":"Zap","floor":27,"key":"SMITH"},{"floor":30,"key":"REST"},{"floor":32,"key":"REST"},{"floor":40,"key":"REST"},{"floor":44,"key":"REST"},{"floor":49,"key":"REST"}],"neow_cost":"NONE","seed_source_timestamp":1446472929158810,"circlet_count":0,"master_deck":["Defend_B+1","Defend_B","Defend_B","Zap+1","Dualcast+1","Cold Snap+1","Leap","Go for the Eyes+1","Melter","Ball Lightning","All For One","Reprogram+1","Auto Shields+1","Conserve Battery+1","Capacitor","Zap+1","Rainbow+1","Double Energy+1","Defragment","Sweeping Beam+1","Flash of Steel+1","Writhe"],"relics":["Cracked Core","Pen Nib","Dodecahedron","Matryoshka","Astrolabe","Bag of Marbles","Potion Belt","Centennial Puzzle","Oddly Smooth Stone","Toxic Egg 2","Busted Crown","Toy Ornithopter","Bottled Lightning","Ginger","Molten Egg 2"],"potions_floor_usage":[12,19,33,38,46,50,50],"damage_taken":[{"damage":2,"enemies":"Jaw Worm","floor":1,"turns":3},{"damage":0,"enemies":"2 Louse","floor":10,"turns":2},{"damage":0,"enemies":"Cultist","floor":11,"turns":2},{"damage":10,"enemies":"Lots of Slimes","floor":12,"turns":4},{"damage":6,"enemies":"3 Sentries","floor":13,"turns":7},{"damage":40,"enemies":"Hexaghost","floor":16,"turns":10},{"damage":0,"enemies":"Spheric Guardian","floor":18,"turns":2},{"damage":9,"enemies":"2 Thieves","floor":19,"turns":4},{"damage":6,"enemies":"Centurion and Healer","floor":25,"turns":4},{"damage":30,"enemies":"Slavers","floor":29,"turns":7},{"damage":55,"enemies":"Collector","floor":33,"turns":12},{"damage":61,"enemies":"3 Darklings","floor":35,"turns":5},{"damage":11,"enemies":"Orb Walker","floor":36,"turns":4},{"damage":0,"enemies":"3 Darklings","floor":38,"turns":1},{"damage":4,"enemies":"4 Shapes","floor":39,"turns":6},{"damage":12,"enemies":"Sphere and 2 Shapes","floor":41,"turns":4},{"damage":2,"enemies":"Transient","floor":45,"turns":5},{"damage":31,"enemies":"Nemesis","floor":46,"turns":7},{"damage":74,"enemies":"Awakened One","floor":50,"turns":11}],"seed_played":"-5014154898823894088","potions_obtained":[{"floor":3,"key":"Regen Potion"},{"floor":3,"key":"AttackPotion"},{"floor":3,"key":"Explosive Potion"},{"floor":11,"key":"FocusPotion"},{"floor":19,"key":"SmokeBomb"},{"floor":33,"key":"AttackPotion"},{"floor":35,"key":"EssenceOfSteel"},{"floor":39,"key":"SteroidPotion"},{"floor":41,"key":"SpeedPotion"}],"is_trial":false,"path_per_floor":["M","?","?","$","?","R","?","R","T","M","M","M","E","?","R","B",null,"M","M","?","?","$","R","?","M","T","R","$","E","R","?","R","B",null,"M","M","$","M","M","R","M","?","T","R","M","E","$","?","R"],"character_chosen":"DEFECT","items_purchased":["Bag of Marbles","Oddly Smooth Stone","Toy Ornithopter","Defragment","Flash of Steel+1"],"campfire_rested":6,"item_purchase_floors":[22,28,37,37,47],"current_hp_per_floor":[73,58,58,58,47,47,47,69,69,69,69,68,62,62,62,22,75,75,66,66,66,66,66,66,60,60,60,60,30,52,38,62,7,80,19,8,8,11,7,31,19,19,19,43,41,13,13,33,57,0],"gold":30,"neow_bonus":"RANDOM_COMMON_RELIC","is_prod":false,"is_daily":false,"chose_seed":false,"campfire_upgraded":4,"win_rate":0,"timestamp":1532823732,"path_taken":["M","?","?","$","?","R","?","R","T","?","M","M","E","?","R","BOSS","M","M","?","?","$","R","?","?","T","R","$","E","R","?","R","BOSS","M","M","$","M","M","R","M","?","T","R","?","E","$","?","R","BOSS"],"build_version":"2018-07-26","purchased_purges":0,"victory":false,"max_hp_per_floor":[75,75,75,75,75,75,75,75,75,75,75,75,75,75,75,75,75,75,75,75,75,75,75,75,75,75,75,75,75,75,80,80,80,80,80,80,80,80,80,80,80,80,80,80,80,80,80,80,80,80],"card_choices":[{"not_picked":["Gash","Steam"],"picked":"Cold Snap","floor":1},{"not_picked":["Hologram","Doom and Gloom"],"picked":"Leap","floor":10},{"not_picked":["Chill","Darkness"],"picked":"Go for the Eyes","floor":11},{"not_picked":["Cold Snap","Barrage","Steam"],"picked":"SKIP","floor":12},{"not_picked":["Core Surge","Cold Snap"],"picked":"Melter","floor":13},{"not_picked":["Buffer","Thunder Strike"],"picked":"All For One","floor":16},{"not_picked":["Undo","Rebound","Compile Driver"],"picked":"SKIP","floor":18},{"not_picked":["Stack+1","Conserve Battery","Sunder"],"picked":"SKIP","floor":19},{"not_picked":["Barrage+1","Cold Snap","Rebound"],"picked":"SKIP","floor":25},{"not_picked":["Loop","Streamline"],"picked":"Double Energy+1","floor":29},{"not_picked":["Static Discharge+1"],"picked":"SKIP","floor":35},{"not_picked":["Turbo+1"],"picked":"SKIP","floor":36},{"not_picked":["Barrage"],"picked":"SKIP","floor":39},{"not_picked":["Barrage+1"],"picked":"SKIP","floor":41},{"not_picked":[],"picked":"Sweeping Beam+1","floor":45},{"not_picked":["Lockon+1"],"picked":"SKIP","floor":46}],"player_experience":212870,"relics_obtained":[{"floor":9,"key":"Dodecahedron"},{"floor":13,"key":"Matryoshka"},{"floor":26,"key":"Potion Belt"},{"floor":26,"key":"Centennial Puzzle"},{"floor":29,"key":"Toxic Egg 2"},{"floor":43,"key":"Bottled Lightning"},{"floor":43,"key":"Ginger"},{"floor":46,"key":"Molten Egg 2"}],"event_choices":[{"event_name":"Shining Light","player_choice":"Entered Light","floor":2,"damage_taken":0},{"event_name":"The Woman in Blue","player_choice":"Bought 3 Potions","floor":3,"damage_taken":0},{"event_name":"World of Goop","player_choice":"Gather Gold","floor":5,"damage_taken":0},{"event_name":"Accursed Blacksmith","player_choice":"Forge","floor":7,"damage_taken":0},{"event_name":"Living Wall","player_choice":"Change","floor":14,"damage_taken":0},{"event_name":"Match and Keep!","player_choice":"3 cards matched","floor":20,"damage_taken":0},{"event_name":"Purifier","player_choice":"One Purge","floor":21,"damage_taken":0},{"event_name":"Vampires","player_choice":"Ignored","floor":24,"damage_taken":0},{"event_name":"Forgotten Altar","player_choice":"Shed Blood","floor":31,"damage_taken":0},{"event_name":"Mysterious Sphere","player_choice":"Ignore","floor":42,"damage_taken":0},{"event_name":"Winding Halls","player_choice":"Writhe","floor":48,"damage_taken":0}],"is_beta":false,"boss_relics":[{"not_picked":["Runic Pyramid","Orrery"],"picked":"Astrolabe"},{"not_picked":["Inserter","Empty Cage"],"picked":"Busted Crown"}],"items_purged_floors":[],"is_endless":false,"potions_floor_spawned":[11,19,33,35,38,39,41],"killed_by":"Awakened One","ascension_level":2}