{"path_per_floor":["M","M","?","?","M","E","M","R","T","M","R","?","M","?","R","B",null,"M","M","T","M","M","R","$","?","T","E","$","E","M","$","R","B",null,"M","M","$","?","M","E","R","M","T","?","R","$","?","M","R","B"],"character_chosen":"IRONCLAD","items_purchased":["Apotheosis","Rampage","Flame Barrier","Bag of Marbles","Shuriken","Offering"],"gold_per_floor":[116,128,128,128,142,186,211,211,264,289,289,289,312,363,363,492,492,511,530,553,572,586,586,216,131,199,234,234,273,286,213,213,332,370,390,404,257,257,282,322,322,337,337,337,337,21,21,37,37,37],"floor_reached":51,"campfire_rested":4,"playtime":2952,"current_hp_per_floor":[80,80,60,44,50,33,24,24,24,16,40,40,37,37,61,54,80,78,51,51,49,42,42,42,42,42,52,52,35,25,25,49,15,85,85,85,85,85,40,27,52,54,64,64,64,64,64,95,95,16],"items_purged":["Defend_R"],"gold":37,"score":811,"play_id":"bc5b7f01-eb6e-41f6-a24d-6f68b334e978","local_time":"20180421103132","is_prod":false,"is_daily":false,"chose_seed":false,"is_ascension_mode":true,"campfire_upgraded":4,"timestamp":1524331892,"path_taken":["M","M","?","?","M","E","M","R","T","M","R","?","?","?","R","BOSS","M","M","?","M","?","R","$","?","T","E","$","E","?","$","R","BOSS","M","M","$","?","M","E","R","M","T","?","R","$","?","?","R","BOSS"],"build_version":"2018-04-19","seed_source_timestamp":900306954091014,"purchased_purges":2,"victory":true,"master_deck":["Strike_R+1","Strike_R","Strike_R+1","Defend_R","Defend_R","Defend_R+1","Bash+1","Rage","Infernal Blade+1","Flex","Whirlwind","Demon Form+1","Reaper","Shrug It Off","Thunderclap+1","Apotheosis+1","Rampage+1","Limit Break","Flame Barrier","Pommel Strike","Heavy Blade+1","Heavy Blade+1","Spot Weakness+1","Shrug It Off+1","Shrug It Off+1","Headbutt+1","Offering"],"max_hp_per_floor":[80,80,80,80,80,80,80,80,80,80,80,80,80,80,80,80,80,80,80,80,80,80,80,80,80,80,80,80,80,80,80,80,80,85,85,85,85,85,85,85,85,85,95,95,95,95,95,95,95,95],"relics":["Burning Blood","Golden Idol","Vajra","Tiny Chest","Dream Catcher","Velvet Choker","Blood Vial","Prayer Wheel","Ornamental Fan","Bird Faced Urn","Lantern","Tiny House","Bag of Marbles","Centennial Puzzle","Pear","Shuriken"],"card_choices":[{"not_picked":["Warcry","Iron Wave"],"picked":"Rage","floor":1},{"not_picked":["Reckless Charge","Twin Strike"],"picked":"Infernal Blade","floor":2},{"not_picked":["Anger","Havoc"],"picked":"Flex","floor":5},{"not_picked":["Iron Wave","Havoc"],"picked":"Whirlwind","floor":13},{"not_picked":["Seeing Red","Sentinel"],"picked":"Demon Form","floor":15},{"not_picked":["Brutality","Dark Embrace"],"picked":"Reaper","floor":16},{"not_picked":["Carnage","True Grit"],"picked":"Shrug It Off","floor":21},{"not_picked":["Sword Boomerang","Feel No Pain"],"picked":"Thunderclap","floor":22},{"not_picked":["Thunderclap","Burning Pact"],"picked":"Limit Break","floor":27},{"not_picked":["Clash","Sentinel"],"picked":"Pommel Strike","floor":32},{"not_picked":["Sword Boomerang","Twin Strike"],"picked":"Heavy Blade","floor":35},{"not_picked":["Shockwave","Ghostly Armor"],"picked":"Heavy Blade","floor":36},{"not_picked":["Demon Form","Rage"],"picked":"Spot Weakness","floor":39},{"not_picked":["True Grit","Iron Wave"],"picked":"Shrug It Off","floor":40},{"not_picked":["Clash","Cleave"],"picked":"Shrug It Off","floor":41},{"not_picked":["Havoc","True Grit"],"picked":"Headbutt","floor":42}],"player_experience":96912,"potions_floor_usage":[6,16,16,27,27,33,33,40,48,50,50],"damage_taken":[{"damage":2,"enemies":"Small Slimes","floor":1,"turns":3},{"damage":1,"enemies":"Cultist","floor":2,"turns":4},{"damage":0,"enemies":"Jaw Worm","floor":5,"turns":3},{"damage":23,"enemies":"Lagavulin","floor":6,"turns":6},{"damage":15,"enemies":"2 Fungi Beasts","floor":7,"turns":4},{"damage":14,"enemies":"Gremlin Gang","floor":10,"turns":4},{"damage":9,"enemies":"Red Slaver","floor":13,"turns":3},{"damage":28,"enemies":"Hexaghost","floor":16,"turns":9},{"damage":8,"enemies":"Chosen","floor":18,"turns":5},{"damage":33,"enemies":"3 Byrds","floor":19,"turns":4},{"damage":17,"enemies":"Snecko","floor":21,"turns":5},{"damage":15,"enemies":"3 Cultists","floor":22,"turns":4},{"damage":32,"enemies":"Gremlin Leader","floor":27,"turns":6},{"damage":54,"enemies":"Slavers","floor":29,"turns":4},{"damage":18,"enemies":"Snake Plant","floor":30,"turns":3},{"damage":50,"enemies":"Automaton","floor":33,"turns":12},{"damage":12,"enemies":"Orb Walker","floor":35,"turns":3},{"damage":15,"enemies":"3 Darklings","floor":36,"turns":4},{"damage":66,"enemies":"Maw","floor":39,"turns":8},{"damage":50,"enemies":"Giant Head","floor":40,"turns":7},{"damage":8,"enemies":"4 Shapes","floor":42,"turns":5},{"damage":14,"enemies":"3 Darklings","floor":48,"turns":6},{"damage":94,"enemies":"Time Eater","floor":50,"turns":7}],"event_choices":[{"event_name":"Golden Idol","player_choice":"Take Damage","floor":3,"damage_taken":0},{"event_name":"Shining Light","player_choice":"Entered Light","floor":4,"damage_taken":0},{"event_name":"Accursed Blacksmith","player_choice":"Rummage","floor":12,"damage_taken":0},{"event_name":"Golden Wing","player_choice":"Gained Gold","floor":14,"damage_taken":0},{"event_name":"Addict","player_choice":"Obtained Relic","floor":25,"damage_taken":0},{"event_name":"Match and Keep!","player_choice":"0 cards matched","floor":38,"damage_taken":0},{"event_name":"Purifier","player_choice":"One Purge","floor":44,"damage_taken":0},{"event_name":"Bonfire Elementals","player_choice":"BASIC","floor":47,"damage_taken":0}],"boss_relics":[{"not_picked":["Ectoplasm","Lizard Tail"],"picked":"Velvet Choker"},{"not_picked":["Philosopher\u0027s Stone","Astrolabe"],"picked":"Tiny House"}],"potions_floor_spawned":[2,5,6,7,18,29,30,39,40,42],"seed_played":"-5517748199544157840","ascension_level":2,"is_trial":false}