{"gold_per_floor":[361,90,104,104,118,118,143,143,143,176,193,213,243,223,223,297,297,309,341,341,356,373,373,404,424,449,349,369,369,383,383,383,462,462,477,353,363,375,1,1,101,101,101,101,118,118,132,144,144,144],"floor_reached":51,"playtime":3644,"items_purged":["Pain","Strike_G","Strike_G"],"score":1200,"play_id":"8f8e24e3-a790-4676-8461-8df926f100e7","local_time":"20190305231951","is_ascension_mode":true,"campfire_choices":[{"data":"Quick Slash","floor":6,"key":"SMITH"},{"data":"Neutralize","floor":8,"key":"SMITH"},{"floor":15,"key":"REST"},{"floor":23,"key":"REST"},{"floor":29,"key":"REST"},{"data":"Cloak And Dagger","floor":32,"key":"SMITH"},{"data":"Footwork","floor":40,"key":"SMITH"},{"data":"Flechettes","floor":42,"key":"SMITH"},{"floor":49,"key":"REST"}],"neow_cost":"CURSE","seed_source_timestamp":777240752350201,"circlet_count":0,"master_deck":["AscendersBane","Defend_G","Defend_G","Defend_G","Defend_G","Defend_G","Strike_G","Strike_G","Strike_G","Survivor","Neutralize+1","Sucker Punch","Well Laid Plans","Die Die Die","Quick Slash+1","Backflip","Cloak And Dagger+1","Dash","Heel Hook","Backstab","Glass Knife","PiercingWail","Blur","Dodge and Roll","PiercingWail","Slice","Blade Dance+1","Malaise","Dodge and Roll","Footwork+1","Endless Agony","Flechettes+1","Bullet Time","Caltrops","Deflect+1","Caltrops","Outmaneuver","Noxious Fumes"],"relics":["Ring of the Serpent","Pocketwatch","Ornamental Fan","Mango","Shuriken","Art of War","Red Mask","Dodecahedron","Oddly Smooth Stone","Runic Pyramid","Ice Cream","Bottled Tornado"],"potions_floor_usage":[7,16,18,22,22,24,33,38,50,50],"damage_taken":[{"damage":12,"enemies":"Small Slimes","floor":1,"turns":6},{"damage":0,"enemies":"Cultist","floor":3,"turns":4},{"damage":1,"enemies":"2 Louse","floor":5,"turns":2},{"damage":5,"enemies":"3 Sentries","floor":7,"turns":5},{"damage":8,"enemies":"Gremlin Nob","floor":10,"turns":4},{"damage":1,"enemies":"Exordium Thugs","floor":11,"turns":4},{"damage":4,"enemies":"Large Slime","floor":12,"turns":5},{"damage":2,"enemies":"Lagavulin","floor":13,"turns":5},{"damage":8,"enemies":"Hexaghost","floor":16,"turns":9},{"damage":5,"enemies":"Shell Parasite","floor":18,"turns":5},{"damage":17,"enemies":"Masked Bandits","floor":19,"turns":5},{"damage":0,"enemies":"3 Byrds","floor":21,"turns":5},{"damage":17,"enemies":"Snecko","floor":22,"turns":4},{"damage":13,"enemies":"Book of Stabbing","floor":24,"turns":8},{"damage":17,"enemies":"Snake Plant","floor":25,"turns":6},{"damage":4,"enemies":"3 Cultists","floor":28,"turns":6},{"damage":0,"enemies":"Shelled Parasite and Fungi","floor":30,"turns":7},{"damage":42,"enemies":"Automaton","floor":33,"turns":10},{"damage":0,"enemies":"3 Shapes","floor":35,"turns":3},{"damage":3,"enemies":"Orb Walker","floor":37,"turns":5},{"damage":14,"enemies":"Sphere and 2 Shapes","floor":38,"turns":6},{"damage":0,"enemies":"Mind Bloom Boss Battle","floor":41,"turns":8},{"damage":1,"enemies":"Transient","floor":45,"turns":5},{"damage":13,"enemies":"3 Darklings","floor":47,"turns":8},{"damage":0,"enemies":"Sphere and 2 Shapes","floor":48,"turns":7},{"damage":47,"enemies":"Time Eater","floor":50,"turns":12}],"seed_played":"-6950620935664697541","potions_obtained":[{"floor":3,"key":"Dexterity Potion"},{"floor":5,"key":"Strength Potion"},{"floor":12,"key":"PowerPotion"},{"floor":14,"key":"Energy Potion"},{"floor":18,"key":"GamblersBrew"},{"floor":19,"key":"Strength Potion"},{"floor":22,"key":"GhostInAJar"},{"floor":25,"key":"EssenceOfSteel"},{"floor":33,"key":"Dexterity Potion"},{"floor":37,"key":"Explosive Potion"}],"is_trial":false,"path_per_floor":["M","$","M","?","M","R","E","R","T","E","M","M","E","?","R","B",null,"M","?","?","M","M","R","E","M","T","$","M","R","M","?","R","B",null,"M","$","M","M","$","R","?","R","T","?","M","$","M","M","R","B",null],"character_chosen":"THE_SILENT","items_purchased":["Well Laid Plans","Die Die Die","Footwork","Endless Agony","Bullet Time","Caltrops","Strength Potion"],"campfire_rested":4,"item_purchase_floors":[2,2,36,36,39,39,39],"current_hp_per_floor":[47,47,47,47,46,46,41,41,55,47,46,42,40,40,64,56,74,69,52,52,52,35,59,46,29,29,29,25,49,49,90,90,48,80,80,80,77,63,63,63,63,63,63,63,62,62,49,49,76,29],"gold":144,"neow_bonus":"TWO_FIFTY_GOLD","is_prod":false,"is_daily":false,"chose_seed":false,"campfire_upgraded":5,"win_rate":0,"timestamp":1551845991,"path_taken":["M","$","M","?","M","R","E","R","T","E","M","?","E","?","R","BOSS","M","?","?","?","M","R","E","M","T","$","M","R","M","?","R","BOSS","M","$","M","?","$","R","?","R","T","?","M","?","M","M","R","BOSS"],"build_version":"2019-01-23","purchased_purges":3,"victory":true,"max_hp_per_floor":[66,66,66,66,66,66,66,66,80,80,80,80,80,80,80,80,80,80,80,80,80,80,80,80,80,80,80,80,80,80,90,90,90,90,90,90,90,90,90,90,90,90,90,90,90,90,90,90,90,90],"card_choices":[{"not_picked":["Deadly Poison","Quick Slash"],"picked":"Sucker Punch","floor":1},{"not_picked":["Outmaneuver","Deflect"],"picked":"Quick Slash","floor":3},{"not_picked":["Deadly Poison","Sucker Punch"],"picked":"Backflip","floor":5},{"not_picked":["Poisoned Stab","Backflip"],"picked":"Doppelganger","floor":7},{"not_picked":["Eviscerate","Acrobatics"],"picked":"Cloak And Dagger","floor":10},{"not_picked":["Deflect","Sucker Punch"],"picked":"Dash","floor":11},{"not_picked":["Sucker Punch","Prepared"],"picked":"Heel Hook","floor":12},{"not_picked":["Backflip","Slice"],"picked":"Backstab","floor":13},{"not_picked":["Grand Finale","Tools of the Trade"],"picked":"Glass Knife","floor":16},{"not_picked":["Underhanded Strike","Tactician","Reflex"],"picked":"SKIP","floor":18},{"not_picked":["All Out Attack","Blade Dance"],"picked":"PiercingWail","floor":19},{"not_picked":["Catalyst","Prepared"],"picked":"Blur","floor":21},{"not_picked":["PiercingWail","Reflex"],"picked":"Dodge and Roll","floor":22},{"not_picked":["Phantasmal Killer","Prepared"],"picked":"PiercingWail","floor":24},{"not_picked":["Masterful Stab","Tactician","Outmaneuver"],"picked":"SKIP","floor":25},{"not_picked":["Choke+1","Dodge and Roll"],"picked":"Slice","floor":28},{"not_picked":["Dash","Flying Knee"],"picked":"Blade Dance+1","floor":30},{"not_picked":["A Thousand Cuts","Phantasmal Killer"],"picked":"Malaise","floor":33},{"not_picked":["Underhanded Strike","Slice"],"picked":"Dodge and Roll","floor":35},{"not_picked":["Dagger Throw","Sucker Punch","Deadly Poison+1"],"picked":"SKIP","floor":37},{"not_picked":["Escape Plan","Predator"],"picked":"Flechettes","floor":38},{"not_picked":["Poisoned Stab","Slice+1"],"picked":"Deflect+1","floor":41},{"not_picked":["Unload","Poisoned Stab"],"picked":"Caltrops","floor":45},{"not_picked":["Prepared+1","Acrobatics+1"],"picked":"Outmaneuver","floor":47},{"not_picked":["Catalyst+1","Quick Slash+1"],"picked":"Noxious Fumes","floor":48}],"player_experience":487030,"relics_obtained":[{"floor":7,"key":"Ornamental Fan"},{"floor":9,"key":"Mango"},{"floor":10,"key":"Shuriken"},{"floor":13,"key":"Art of War"},{"floor":19,"key":"Red Mask"},{"floor":24,"key":"Dodecahedron"},{"floor":26,"key":"Oddly Smooth Stone"},{"floor":41,"key":"Ice Cream"},{"floor":43,"key":"Bottled Tornado"}],"event_choices":[{"damage_healed":0,"gold_gain":0,"player_choice":"Gave Potion","damage_taken":0,"relics_obtained":["Pocketwatch"],"max_hp_gain":0,"max_hp_loss":0,"event_name":"WeMeetAgain","floor":4,"gold_loss":0},{"damage_healed":0,"gold_gain":0,"player_choice":"Bought 1 Potion","damage_taken":0,"max_hp_gain":0,"max_hp_loss":0,"event_name":"The Woman in Blue","floor":14,"gold_loss":0},{"damage_healed":0,"gold_gain":0,"player_choice":"Fought Bandits","damage_taken":0,"max_hp_gain":0,"max_hp_loss":0,"event_name":"Masked Bandits","floor":19,"gold_loss":0},{"damage_healed":0,"gold_gain":0,"player_choice":"Ignored","damage_taken":0,"max_hp_gain":0,"max_hp_loss":0,"event_name":"N\u0027loth","floor":20,"gold_loss":0},{"cards_removed":["Doppelganger"],"damage_healed":31,"gold_gain":0,"player_choice":"Offered Rare","damage_taken":0,"max_hp_gain":10,"max_hp_loss":0,"event_name":"Bonfire Elementals","floor":31,"gold_loss":0},{"damage_healed":0,"gold_gain":0,"player_choice":"Fight","damage_taken":0,"max_hp_gain":0,"max_hp_loss":0,"event_name":"MindBloom","floor":41,"gold_loss":0},{"damage_healed":0,"gold_gain":0,"player_choice":"Ignored","damage_taken":0,"max_hp_gain":0,"max_hp_loss":0,"event_name":"Mysterious Sphere","floor":44,"gold_loss":0}],"is_beta":false,"boss_relics":[{"not_picked":["Velvet Choker","WristBlade"],"picked":"Ring of the Serpent"},{"not_picked":["Snecko Eye","Coffee Dripper"],"picked":"Runic Pyramid"}],"items_purged_floors":[2,27,39],"is_endless":false,"potions_floor_spawned":[3,5,12,18,19,22,25,33,37,45],"ascension_level":16}