{"gold_per_floor":[109,123,141,141,141,141,28,28,28,28,78,101,101,116,116,210,210,229,247,247],"floor_reached":20,"playtime":587,"items_purged":[],"score":287,"play_id":"05409c7e-80d6-4282-92b4-5121b45936df","local_time":"20190226150226","is_ascension_mode":true,"campfire_choices":[{"floor":6.0,"key":"REST"},{"data":"Zap","floor":10.0,"key":"SMITH"},{"data":"Dualcast","floor":13,"key":"SMITH"},{"floor":15,"key":"REST"}],"neow_cost":"PERCENT_DAMAGE","seed_source_timestamp":543897915658296,"circlet_count":0,"master_deck":["AscendersBane","Strike_B","Strike_B","Strike_B","Defend_B","Defend_B","Defend_B","Defend_B","Zap+1","Dualcast+1","Seek","Go for the Eyes","Conserve Battery","Sunder+1","Loop","Cold Snap","All For One","Gash"],"special_seed":0,"relics":["Cracked Core","Golden Idol","Girya","Fusion Hammer"],"potions_floor_usage":[12,16],"damage_taken":[{"damage":3.0,"enemies":"2 Louse","floor":1.0,"turns":3.0},{"damage":4.0,"enemies":"Small Slimes","floor":2.0,"turns":4.0},{"damage":0.0,"enemies":"Cultist","floor":3.0,"turns":3.0},{"damage":0,"enemies":"Large Slime","floor":12,"turns":4},{"damage":0,"enemies":"Gremlin Gang","floor":14,"turns":4},{"damage":40,"enemies":"Hexaghost","floor":16,"turns":9},{"damage":3,"enemies":"Chosen","floor":18,"turns":4},{"damage":40,"enemies":"2 Thieves","floor":19,"turns":4},{"damage":16,"enemies":"Snake Plant","floor":20,"turns":2}],"seed_played":"-2514513544751870005","potions_obtained":[{"floor":1.0,"key":"Strength Potion"},{"floor":12,"key":"Energy Potion"},{"floor":19,"key":"GamblersBrew"}],"is_trial":false,"path_per_floor":["M","M","M","?","?","R","$","?","T","R","?","M","R","M","R","B",null,"M","M","M"],"character_chosen":"DEFECT","items_purchased":["Sunder","Regen Potion"],"campfire_rested":2,"item_purchase_floors":[7,7],"current_hp_per_floor":[43,39,39,32,8,29,29,29,29,29,22,31,31,31,52,12,56,53,13,0],"gold":247,"neow_bonus":"THREE_RARE_CARDS","is_prod":false,"is_daily":false,"chose_seed":false,"campfire_upgraded":2,"win_rate":0,"timestamp":1551222146,"path_taken":["M","M","M","?","?","R","$","?","T","R","?","M","R","M","R","BOSS","M","?","M"],"build_version":"2019-01-23","purchased_purges":0,"victory":false,"max_hp_per_floor":[71,71,71,71,71,71,71,71,71,71,71,71,71,71,71,71,71,71,71,71],"card_choices":[{"not_picked":["Multi-Cast","Rainbow"],"picked":"Seek","floor":0.0},{"not_picked":["Leap","Chaos"],"picked":"Go for the Eyes","floor":1.0},{"not_picked":["Force Field","Auto Shields"],"picked":"Conserve Battery","floor":2.0},{"not_picked":["Rebound","Redo","Stack"],"picked":"SKIP","floor":3.0},{"not_picked":["Ball Lightning","Double Energy"],"picked":"Loop","floor":12},{"not_picked":["Leap","Auto Shields"],"picked":"Cold Snap","floor":14},{"not_picked":["Seek","Thunder Strike"],"picked":"All For One","floor":16},{"not_picked":["Compile Driver","Rebound+1"],"picked":"Gash","floor":18},{"not_picked":["Streamline","Go for the Eyes","Turbo+1"],"picked":"SKIP","floor":19}],"player_experience":539239,"relics_obtained":[{"floor":9.0,"key":"Girya"}],"event_choices":[{"cards_removed":["Strike_B"],"damage_healed":0.0,"max_hp_gain":0.0,"max_hp_loss":0.0,"gold_gain":0.0,"event_name":"Golden Wing","player_choice":"Card Removal","floor":4.0,"gold_loss":0.0,"damage_taken":7.0},{"damage_healed":0.0,"max_hp_gain":0.0,"max_hp_loss":0.0,"gold_gain":0.0,"event_name":"Golden Idol","player_choice":"Take Damage","floor":5.0,"gold_loss":0.0,"damage_taken":24.0,"relics_obtained":["Golden Idol"]},{"damage_healed":0.0,"max_hp_gain":0.0,"max_hp_loss":0.0,"gold_gain":0.0,"event_name":"Living Wall","player_choice":"Grow","floor":8.0,"gold_loss":0.0,"damage_taken":0.0,"cards_upgraded":["Sunder"]},{"damage_healed":0,"gold_gain":50,"player_choice":"Touch","damage_taken":7,"max_hp_gain":0,"max_hp_loss":0,"event_name":"FaceTrader","floor":11,"gold_loss":0}],"is_beta":false,"boss_relics":[{"not_picked":["Runic Dome","White Beast Statue"],"picked":"Fusion Hammer"}],"items_purged_floors":[],"is_endless":false,"potions_floor_spawned":[1,12,19],"killed_by":"Snake Plant","ascension_level":15}