{"gold_per_floor":[119,133,133,283,295,295,308,36,62,23,23,41,69,0,0,79,79,95,95,95,106,52,52],"floor_reached":23,"playtime":1396,"items_purged":[],"score":378,"play_id":"e0a6d029-afd5-40c1-9935-a81c4601456e","local_time":"20190306023126","is_ascension_mode":true,"campfire_choices":[{"data":"Genetic Algorithm","floor":6.0,"key":"SMITH"},{"data":"Hologram","floor":11.0,"key":"SMITH"},{"data":"Creative AI","floor":15.0,"key":"SMITH"}],"neow_cost":"PERCENT_DAMAGE","seed_source_timestamp":472566995309137,"circlet_count":0,"master_deck":["AscendersBane","Strike_B+1","Strike_B+1","Strike_B+1","Defend_B+1","Defend_B+1","Defend_B+1","Defend_B+1","Zap","Dualcast","Reinforced Body","Gash","Genetic Algorithm+1","Doubt","Hologram+1","Rebound","Gash","Glacier","Creative AI+1","Steam Power","Reinforced Body","Sweeping Beam","Multi-Cast","Coolheaded","Ghostly","Ghostly","Ghostly","Cold Snap","Cold Snap"],"special_seed":0,"relics":["Cracked Core","Bird Faced Urn","Orichalcum","Lantern","Cables","Eternal Feather"],"potions_floor_usage":[23],"damage_taken":[{"damage":4.0,"enemies":"2 Louse","floor":1.0,"turns":3.0},{"damage":5.0,"enemies":"Small Slimes","floor":2.0,"turns":3.0},{"damage":4.0,"enemies":"Cultist","floor":5.0,"turns":4.0},{"damage":3.0,"enemies":"3 Louse","floor":7.0,"turns":3.0},{"damage":7.0,"enemies":"Large Slime","floor":12.0,"turns":5.0},{"damage":7.0,"enemies":"Lagavulin","floor":13.0,"turns":11.0},{"damage":23.0,"enemies":"The Guardian","floor":16.0,"turns":15.0},{"damage":35.0,"enemies":"Shell Parasite","floor":18.0,"turns":10.0},{"damage":10.0,"enemies":"2 Thieves","floor":21.0,"turns":5.0},{"damage":42,"enemies":"Gremlin Leader","floor":23,"turns":8}],"seed_played":"6159966965163035506","potions_obtained":[{"floor":1.0,"key":"Fire Potion"},{"floor":2.0,"key":"Weak Potion"},{"floor":7.0,"key":"Energy Potion"},{"floor":21.0,"key":"PowerPotion"}],"is_trial":false,"path_per_floor":["M","M","?","?","M","R","M","$","T","$","R","M","E","?","R","B",null,"M","?","?","M","$","E"],"character_chosen":"DEFECT","items_purchased":["Gash","Glacier","Creative AI","Steam Power","Cold Snap"],"campfire_rested":0,"item_purchase_floors":[8,8,8,10,22],"current_hp_per_floor":[42,37,37,37,33,33,30,30,30,30,30,25,38,38,38,47,65,48,35,35,25,25,0],"gold":52,"neow_bonus":"ONE_RARE_RELIC","is_prod":false,"is_daily":false,"chose_seed":false,"campfire_upgraded":3,"win_rate":0,"timestamp":1551835886,"path_taken":["M","M","?","?","M","R","M","$","T","$","R","M","E","?","R","BOSS","M","?","?","M","$","E"],"build_version":"2019-01-23","purchased_purges":0,"victory":false,"max_hp_per_floor":[71,71,71,71,71,71,71,71,71,71,71,71,71,71,71,71,71,71,35,35,35,35,35],"card_choices":[{"not_picked":["Storm","Stack"],"picked":"Reinforced Body","floor":1.0},{"not_picked":["Leap","BootSequence"],"picked":"Gash","floor":2.0},{"not_picked":["Streamline","Melter"],"picked":"Hologram","floor":5.0},{"not_picked":["Compile Driver","Conserve Battery"],"picked":"Rebound","floor":7.0},{"not_picked":["Compile Driver","Storm"],"picked":"Reinforced Body","floor":12.0},{"not_picked":["Stack","Recycle"],"picked":"Sweeping Beam","floor":13.0},{"not_picked":["Biased Cognition","Fission"],"picked":"Multi-Cast","floor":16.0},{"not_picked":["Stack+1","White Noise"],"picked":"Coolheaded","floor":18.0},{"not_picked":["Conserve Battery","Steam+1"],"picked":"Cold Snap","floor":21.0}],"player_experience":827557,"relics_obtained":[{"floor":9.0,"key":"Orichalcum"},{"floor":13.0,"key":"Lantern"}],"event_choices":[{"damage_healed":0.0,"max_hp_gain":0.0,"max_hp_loss":0.0,"gold_gain":0.0,"cards_transformed":["Strike_B"],"event_name":"Living Wall","player_choice":"Change","floor":3.0,"gold_loss":0.0,"damage_taken":0.0,"cards_obtained":["Genetic Algorithm"]},{"damage_healed":0.0,"max_hp_gain":0.0,"max_hp_loss":0.0,"gold_gain":150.0,"event_name":"Liars Game","player_choice":"AGREE","floor":4.0,"gold_loss":0.0,"damage_taken":0.0,"cards_obtained":["Doubt"]},{"damage_healed":0.0,"max_hp_gain":0.0,"max_hp_loss":0.0,"gold_gain":0.0,"event_name":"WeMeetAgain","player_choice":"Paid Gold","floor":14.0,"gold_loss":69.0,"damage_taken":0.0,"relics_obtained":["Cables"]},{"damage_healed":0.0,"max_hp_gain":0.0,"max_hp_loss":36.0,"gold_gain":0.0,"event_name":"Ghosts","player_choice":"Became a Ghost","floor":19.0,"gold_loss":0.0,"damage_taken":0.0,"cards_obtained":["Ghostly","Ghostly","Ghostly"]},{"damage_healed":0.0,"max_hp_gain":0.0,"max_hp_loss":0.0,"gold_gain":0.0,"event_name":"Back to Basics","player_choice":"Simplicity","floor":20.0,"gold_loss":0.0,"damage_taken":0.0,"cards_upgraded":["Strike_B","Strike_B","Strike_B","Defend_B","Defend_B","Defend_B","Defend_B"]}],"is_beta":false,"boss_relics":[{"not_picked":["White Beast Statue","Snecko Eye"],"picked":"Eternal Feather"}],"items_purged_floors":[],"is_endless":false,"potions_floor_spawned":[1,2,7,21],"killed_by":"Gremlin Leader","ascension_level":20}