{"gold_per_floor":[113,123,140,140,151,179,104,104,156,174,208,224,224,249,249,350,350,367,383,394,408,423,423,436,436,484,503,0,0,10,10,10,105,105,115,115,131,131,143,143,159,159,205,225,225,238,238,21,21,21],"floor_reached":51,"playtime":2275,"items_purged":["Fusion"],"score":915,"play_id":"f723bd02-2297-47f1-a1d6-a4407f867aac","local_time":"20190205181155","is_ascension_mode":true,"campfire_choices":[{"floor":8.0,"key":"REST"},{"floor":13.0,"key":"REST"},{"floor":15.0,"key":"REST"},{"floor":23.0,"key":"REST"},{"floor":25.0,"key":"REST"},{"floor":29.0,"key":"REST"},{"floor":32.0,"key":"REST"},{"floor":40.0,"key":"REST"},{"floor":42.0,"key":"REST"},{"floor":47.0,"key":"REST"},{"floor":49.0,"key":"REST"}],"neow_cost":"CURSE","seed_source_timestamp":0,"circlet_count":0,"master_deck":["Strike_B","Defend_B","Defend_B","Defend_B","Defend_B","Zap","Dualcast","Streamline","Gash","FTL","Hologram","Steam Power","Seek","All For One","Echo Form","Gash+1","Skim+1","Leap+1","Leap","All For One","Beam Cell","Buffer","Rebound+1","Steam+1","Leap","Scrape+1","Go for the Eyes+1","Gash+1","Leap","BootSequence+1","Master of Strategy","Gash","Beam Cell+1"],"special_seed":0,"relics":["Cracked Core","Matryoshka","PreservedInsect","Oddly Smooth Stone","Omamori","Boot","Nuclear Battery","Dream Catcher","Art of War","Empty Cage","Lantern"],"potions_floor_usage":[],"damage_taken":[{"damage":3.0,"enemies":"2 Louse","floor":1.0,"turns":3.0},{"damage":1.0,"enemies":"Cultist","floor":2.0,"turns":3.0},{"damage":0.0,"enemies":"Small Slimes","floor":3.0,"turns":3.0},{"damage":7.0,"enemies":"2 Fungi Beasts","floor":5.0,"turns":4.0},{"damage":35.0,"enemies":"Lagavulin","floor":6.0,"turns":5.0},{"damage":2.0,"enemies":"3 Louse","floor":10.0,"turns":2.0},{"damage":16.0,"enemies":"Gremlin Nob","floor":11.0,"turns":3.0},{"damage":8.0,"enemies":"Lots of Slimes","floor":12.0,"turns":4.0},{"damage":4.0,"enemies":"Lagavulin","floor":14.0,"turns":4.0},{"damage":52.0,"enemies":"Hexaghost","floor":16.0,"turns":8.0},{"damage":14.0,"enemies":"Shell Parasite","floor":18.0,"turns":3.0},{"damage":0.0,"enemies":"Spheric Guardian","floor":19.0,"turns":3.0},{"damage":12.0,"enemies":"Snecko","floor":20.0,"turns":3.0},{"damage":32.0,"enemies":"Snake Plant","floor":21.0,"turns":3.0},{"damage":4.0,"enemies":"Cultist and Chosen","floor":22.0,"turns":3.0},{"damage":14.0,"enemies":"Centurion and Healer","floor":24.0,"turns":4.0},{"damage":14.0,"enemies":"Snake Plant","floor":27.0,"turns":5.0},{"damage":28.0,"enemies":"Snecko","floor":30.0,"turns":5.0},{"damage":21.0,"enemies":"Collector","floor":33.0,"turns":6.0},{"damage":8.0,"enemies":"3 Shapes","floor":35.0,"turns":3.0},{"damage":9.0,"enemies":"3 Darklings","floor":37.0,"turns":4.0},{"damage":0.0,"enemies":"Transient","floor":38.0,"turns":1.0},{"damage":18.0,"enemies":"4 Shapes","floor":39.0,"turns":5.0},{"damage":38.0,"enemies":"Writhing Mass","floor":41.0,"turns":5.0},{"damage":2.0,"enemies":"Sphere and 2 Shapes","floor":44.0,"turns":4.0},{"damage":10.0,"enemies":"4 Shapes","floor":46.0,"turns":3.0},{"damage":43,"enemies":"Awakened One","floor":50,"turns":10}],"seed_played":"6913109919093520771","potions_obtained":[{"floor":5.0,"key":"Swift Potion"},{"floor":6.0,"key":"Dexterity Potion"},{"floor":11.0,"key":"Strength Potion"},{"floor":12.0,"key":"Energy Potion"},{"floor":16.0,"key":"PowerPotion"},{"floor":18.0,"key":"Regen Potion"},{"floor":20.0,"key":"Energy Potion"},{"floor":27.0,"key":"PowerPotion"},{"floor":35.0,"key":"FearPotion"},{"floor":36.0,"key":"Block Potion"},{"floor":36.0,"key":"Poison Potion"},{"floor":36.0,"key":"SmokeBomb"},{"floor":39.0,"key":"Explosive Potion"},{"floor":44.0,"key":"Explosive Potion"}],"is_trial":false,"path_per_floor":["M","M","M","?","M","E","$","R","T","M","E","M","R","E","R","B",null,"M","M","M","M","M","R","M","R","T","M","?","R","M","?","R","B",null,"M","?","M","M","M","R","M","R","T","M","?","M","R","$","R","B",null],"character_chosen":"DEFECT","items_purchased":["Master of Strategy","Gash"],"campfire_rested":11,"item_purchase_floors":[48,48],"current_hp_per_floor":[65,64,64,64,57,22,22,44,44,42,26,18,40,36,58,6,58,44,53,41,9,5,27,13,35,35,21,21,43,15,15,37,16,60,52,52,43,43,25,47,9,31,31,29,29,19,41,41,63,20],"gold":21,"neow_bonus":"TRANSFORM_TWO_CARDS","is_prod":false,"is_daily":false,"chose_seed":false,"campfire_upgraded":0,"win_rate":0,"timestamp":1549357915,"path_taken":["M","M","M","?","M","E","$","R","T","M","E","M","R","E","R","BOSS","M","M","M","M","?","R","M","R","T","M","?","R","M","?","R","BOSS","M","?","M","?","M","R","M","R","T","M","?","M","R","$","R","BOSS"],"build_version":"2019-01-23","purchased_purges":1,"victory":true,"max_hp_per_floor":[75,75,75,75,75,75,75,75,75,75,75,75,75,75,75,75,75,75,75,75,75,75,75,75,75,75,75,75,75,75,75,75,75,75,75,75,75,75,75,75,75,75,75,75,75,75,75,75,75,75],"card_choices":[{"not_picked":["Go for the Eyes","Sweeping Beam"],"picked":"Streamline","floor":1.0},{"not_picked":["Recycle","Leap"],"picked":"Gash","floor":2.0},{"not_picked":["Doom and Gloom","Barrage","Recycle"],"picked":"SKIP","floor":3.0},{"not_picked":["Conserve Battery","Streamline"],"picked":"FTL","floor":5.0},{"not_picked":["Redo","Seek"],"picked":"Gash","floor":6.0},{"not_picked":["White Noise","Coolheaded"],"picked":"Hologram","floor":10.0},{"not_picked":["Darkness","Redo"],"picked":"Steam Power","floor":11.0},{"not_picked":["Go for the Eyes","Chaos"],"picked":"Seek","floor":12.0},{"not_picked":["Turbo","Skim"],"picked":"All For One","floor":14.0},{"not_picked":["Reboot","Fission"],"picked":"Echo Form","floor":16.0},{"not_picked":["Turbo","Heatsinks+1"],"picked":"Gash+1","floor":18.0},{"not_picked":["Ball Lightning+1","Turbo","Redo"],"picked":"SKIP","floor":19.0},{"not_picked":["Hello World","Recycle","Sunder+1"],"picked":"SKIP","floor":20.0},{"not_picked":["Leap","Turbo+1"],"picked":"Skim+1","floor":21.0},{"not_picked":["Reprogram","Streamline"],"picked":"Leap+1","floor":22.0},{"not_picked":["Fusion","Streamline","Thunder Strike"],"picked":"SKIP","floor":24.0},{"not_picked":["Conserve Battery","Redo"],"picked":"Leap","floor":27.0},{"not_picked":["Conserve Battery+1","Redo"],"picked":"All For One","floor":30.0},{"not_picked":["Conserve Battery","Hyperbeam"],"picked":"Beam Cell","floor":32.0},{"not_picked":["Thunder Strike","Seek"],"picked":"Buffer","floor":33.0},{"not_picked":["Steam Power+1","Chill+1"],"picked":"Rebound+1","floor":35.0},{"not_picked":["Loop","Chaos+1","Rip and Tear"],"picked":"SKIP","floor":37.0},{"not_picked":["Barrage","Streamline+1"],"picked":"Steam+1","floor":39.0},{"not_picked":["Cold Snap","Lockon+1"],"picked":"Leap","floor":40.0},{"not_picked":["Recycle+1","Redo"],"picked":"Scrape+1","floor":41.0},{"not_picked":["Coolheaded+1","Stack"],"picked":"Go for the Eyes+1","floor":42.0},{"not_picked":["Meteor Strike","Tempest"],"picked":"Gash+1","floor":44.0},{"not_picked":["Reprogram","Doom and Gloom+1"],"picked":"Leap","floor":46.0},{"not_picked":["Conserve Battery","Chill+1"],"picked":"BootSequence+1","floor":47.0},{"not_picked":["Barrage+1","Stack"],"picked":"Beam Cell+1","floor":49.0}],"player_experience":259520,"relics_obtained":[{"floor":6.0,"key":"Matryoshka"},{"floor":9.0,"key":"PreservedInsect"},{"floor":9.0,"key":"Oddly Smooth Stone"},{"floor":11.0,"key":"Omamori"},{"floor":14.0,"key":"Boot"},{"floor":26.0,"key":"Dream Catcher"},{"floor":26.0,"key":"Art of War"},{"floor":43.0,"key":"Lantern"}],"event_choices":[{"cards_removed":["Doubt"],"damage_healed":0.0,"max_hp_gain":0.0,"max_hp_loss":0.0,"gold_gain":0.0,"event_name":"Purifier","player_choice":"Purged","floor":4.0,"gold_loss":0.0,"damage_taken":0.0},{"damage_healed":0.0,"max_hp_gain":0.0,"max_hp_loss":0.0,"gold_gain":0.0,"event_name":"Masked Bandits","player_choice":"Paid Fearfully","floor":28.0,"gold_loss":503.0,"damage_taken":0.0},{"damage_healed":0.0,"max_hp_gain":0.0,"max_hp_loss":0.0,"gold_gain":0.0,"event_name":"Vampires","player_choice":"Ignored","floor":31.0,"gold_loss":0.0,"damage_taken":0.0},{"damage_healed":0.0,"max_hp_gain":0.0,"max_hp_loss":0.0,"gold_gain":0.0,"event_name":"Lab","player_choice":"Got Potions","floor":36.0,"gold_loss":0.0,"damage_taken":0.0},{"cards_removed":["Gash"],"damage_healed":0.0,"max_hp_gain":0.0,"max_hp_loss":0.0,"gold_gain":0.0,"event_name":"Falling","player_choice":"Removed Attack","floor":45.0,"gold_loss":0.0,"damage_taken":0.0}],"is_beta":false,"boss_relics":[{"not_picked":["Fusion Hammer","Astrolabe"],"picked":"Nuclear Battery"},{"not_picked":["Calling Bell","Busted Crown"],"picked":"Empty Cage"}],"items_purged_floors":[7],"is_endless":false,"potions_floor_spawned":[5,6,11,12,16,18,20,27,35,38,39,44],"ascension_level":6}