{"gold_per_floor":[117,117,130,150,75,75,0,0,0,26,46,61,61,73,73,174,174,186,204,204,204,204,221,69,99,99,99,127,143,143],"floor_reached":30,"playtime":1067,"items_purged":["Strike_R","Strike_R"],"score":270,"play_id":"293970e8-dd0c-4af2-ac69-848608f9f558","local_time":"20190228192436","is_ascension_mode":false,"campfire_choices":[{"data":"Whirlwind","floor":6,"key":"SMITH"},{"data":"Dual Wield","floor":8,"key":"SMITH"},{"data":"Rage","floor":15,"key":"SMITH"}],"neow_cost":"TEN_PERCENT_HP_LOSS","seed_source_timestamp":808426593757817,"circlet_count":0,"master_deck":["Strike_R","Defend_R","Defend_R","Defend_R","Defend_R","Bash","Whirlwind+1","Dual Wield+1","Rage+1","Thunderclap+1","Dropkick"],"relics":["Burning Blood","Dodecahedron","Bag of Marbles","Black Star","Prayer Wheel","Blood Vial","Letter Opener","Incense Burner","MutagenicStrength","Smiling Mask","Bottled Flame"],"potions_floor_usage":[16,23,28,30,30],"damage_taken":[{"damage":10,"enemies":"Small Slimes","floor":1,"turns":4},{"damage":6,"enemies":"Cultist","floor":3,"turns":4},{"damage":5,"enemies":"Jaw Worm","floor":4,"turns":4},{"damage":21,"enemies":"3 Sentries","floor":10,"turns":4},{"damage":0,"enemies":"2 Fungi Beasts","floor":11,"turns":1},{"damage":5,"enemies":"Red Slaver","floor":12,"turns":6},{"damage":10,"enemies":"Looter","floor":14,"turns":3},{"damage":30,"enemies":"The Guardian","floor":16,"turns":10},{"damage":10,"enemies":"2 Thieves","floor":18,"turns":2},{"damage":19,"enemies":"Shell Parasite","floor":19,"turns":9},{"damage":28,"enemies":"Chosen and Byrds","floor":23,"turns":7},{"damage":18,"enemies":"Gremlin Leader","floor":25,"turns":6},{"damage":12,"enemies":"Slavers","floor":28,"turns":3},{"damage":0,"enemies":"Shelled Parasite and Fungi","floor":29,"turns":5},{"damage":52,"enemies":"Book of Stabbing","floor":30,"turns":6}],"seed_played":"3920738360178080039","potions_obtained":[{"floor":1,"key":"FearPotion"},{"floor":11,"key":"Strength Potion"},{"floor":12,"key":"PowerPotion"},{"floor":25,"key":"Block Potion"},{"floor":28,"key":"LiquidBronze"},{"floor":29,"key":"GamblersBrew"}],"is_trial":false,"path_per_floor":["M","?","M","M","$","R","$","R","T","E","M","M","$","M","R","B",null,"M","M","?","T","?","M","$","E","T","?","E","M","E"],"character_chosen":"IRONCLAD","items_purchased":["Dual Wield","SpeedPotion"],"campfire_rested":0,"item_purchase_floors":[7,24],"current_hp_per_floor":[68,68,68,69,69,69,69,69,69,54,60,61,61,57,57,33,72,68,55,72,72,72,50,50,38,38,38,34,42,0],"gold":143,"neow_bonus":"REMOVE_TWO","is_prod":false,"is_daily":false,"chose_seed":false,"campfire_upgraded":3,"win_rate":0,"timestamp":1551399876,"path_taken":["M","?","M","M","$","R","?","R","T","E","M","M","$","M","R","BOSS","M","?","?","?","?","?","$","E","T","?","E","M","E"],"build_version":"2019-01-23","purchased_purges":2,"victory":false,"max_hp_per_floor":[72,72,72,72,72,72,72,72,72,72,72,72,72,72,72,72,72,72,72,72,72,72,72,72,72,72,72,72,72,72],"card_choices":[{"not_picked":["Evolve","Havoc","Wild Strike"],"picked":"SKIP","floor":1},{"not_picked":["Body Slam","Sword Boomerang"],"picked":"Whirlwind","floor":3},{"not_picked":["Body Slam","Twin Strike","Perfected Strike"],"picked":"SKIP","floor":4},{"not_picked":["Sentinel","Clash","Rupture"],"picked":"SKIP","floor":10},{"not_picked":["Havoc","Headbutt","Feel No Pain"],"picked":"SKIP","floor":11},{"not_picked":["Warcry","Pommel Strike","Entrench"],"picked":"SKIP","floor":12},{"not_picked":["Perfected Strike","Clash"],"picked":"Rage","floor":14},{"not_picked":["Body Slam+1","Havoc","Sword Boomerang"],"picked":"SKIP","floor":18},{"not_picked":["Battle Trance","Disarm+1"],"picked":"Thunderclap","floor":19},{"not_picked":["Body Slam","Whirlwind","Thunderclap"],"picked":"SKIP","floor":23},{"not_picked":["Intimidate+1","Cleave","Clash"],"picked":"SKIP","floor":23},{"not_picked":["Perfected Strike","Metallicize"],"picked":"Dropkick","floor":25},{"not_picked":["Anger","Armaments","Headbutt+1"],"picked":"SKIP","floor":28},{"not_picked":["Pommel Strike","Fire Breathing","Headbutt+1"],"picked":"SKIP","floor":29},{"not_picked":["Heavy Blade","Pommel Strike","Juggernaut"],"picked":"SKIP","floor":29}],"player_experience":852359,"relics_obtained":[{"floor":9,"key":"Dodecahedron"},{"floor":10,"key":"Bag of Marbles"},{"floor":21,"key":"Prayer Wheel"},{"floor":25,"key":"Blood Vial"},{"floor":25,"key":"Letter Opener"},{"floor":26,"key":"Incense Burner"},{"floor":28,"key":"Smiling Mask"},{"floor":28,"key":"Bottled Flame"}],"event_choices":[{"damage_healed":0,"gold_gain":0,"player_choice":"Ignored","damage_taken":0,"max_hp_gain":0,"max_hp_loss":0,"event_name":"NoteForYourself","floor":2,"gold_loss":0},{"damage_healed":24,"gold_gain":0,"player_choice":"Heal","damage_taken":0,"max_hp_gain":0,"max_hp_loss":0,"event_name":"The Library","floor":20,"gold_loss":0},{"damage_healed":0,"gold_gain":0,"player_choice":"Upgraded","damage_taken":0,"max_hp_gain":0,"max_hp_loss":0,"event_name":"Upgrade Shrine","floor":22,"gold_loss":0,"cards_upgraded":["Thunderclap"]},{"damage_healed":0,"gold_gain":0,"player_choice":"Inject Mutagens","damage_taken":0,"relics_obtained":["MutagenicStrength"],"max_hp_gain":0,"max_hp_loss":0,"event_name":"Drug Dealer","floor":27,"gold_loss":0}],"is_beta":false,"boss_relics":[{"not_picked":["Runic Dome","Coffee Dripper"],"picked":"Black Star"}],"items_purged_floors":[5,24],"is_endless":false,"potions_floor_spawned":[1,11,12,14,25,28,29],"killed_by":"Book of Stabbing","ascension_level":0}