{"gold_per_floor":[216,232,232,83,98,124,137,151,174,190,204,204,204,218,218,321,321,332,345,357,357],"floor_reached":21,"playtime":1133,"items_purged":["Strike_G"],"score":234,"play_id":"84921972-dcaa-422a-bd00-834174779bf6","local_time":"20190126134836","is_ascension_mode":true,"campfire_choices":[{"data":"Caltrops","floor":13,"key":"SMITH"},{"floor":15,"key":"REST"}],"neow_cost":"NONE","seed_source_timestamp":64751055177092,"circlet_count":0,"master_deck":["Defend_G","Defend_G","Defend_G","Defend_G","Defend_G","Strike_G","Strike_G","Strike_G","Survivor","Neutralize+1","Expertise","Escape Plan","Cloak And Dagger","Poisoned Stab","Cloak And Dagger","Poisoned Stab","Caltrops+1","Flying Knee","Backflip","Venomology","Cloak And Dagger","Backflip+1"],"relics":["Ring of the Serpent","Snake Skull","Juzu Bracelet"],"potions_floor_usage":[8,16,16,20,20],"damage_taken":[{"damage":8,"enemies":"2 Louse","floor":1,"turns":3},{"damage":4,"enemies":"Jaw Worm","floor":2,"turns":6},{"damage":0,"enemies":"Cultist","floor":5,"turns":5},{"damage":24,"enemies":"Lagavulin","floor":6,"turns":7},{"damage":0,"enemies":"Blue Slaver","floor":7,"turns":3},{"damage":1,"enemies":"Exordium Thugs","floor":8,"turns":2},{"damage":0,"enemies":"Red Slaver","floor":10,"turns":3},{"damage":8,"enemies":"Looter","floor":11,"turns":3},{"damage":3,"enemies":"Exordium Wildlife","floor":14,"turns":3},{"damage":15,"enemies":"Hexaghost","floor":16,"turns":7},{"damage":23,"enemies":"2 Thieves","floor":18,"turns":5},{"damage":10,"enemies":"3 Byrds","floor":19,"turns":4},{"damage":22,"enemies":"Shelled Parasite and Fungi","floor":20,"turns":6},{"damage":0,"enemies":"Centurion and Healer","floor":21,"turns":1}],"seed_played":"-5142548776820323009","potions_obtained":[{"floor":1,"key":"SneckoOil"},{"floor":2,"key":"Poison Potion"},{"floor":5,"key":"Swift Potion"},{"floor":7,"key":"Explosive Potion"},{"floor":14,"key":"SkillPotion"},{"floor":19,"key":"SteroidPotion"},{"floor":20,"key":"SpeedPotion"}],"is_trial":false,"path_per_floor":["M","M","?","$","M","E","M","M","T","M","M","?","R","M","R","B",null,"M","M","M","M"],"character_chosen":"THE_SILENT","items_purchased":["Cloak And Dagger","Poisoned Stab"],"campfire_rested":1,"item_purchase_floors":[4,4],"current_hp_per_floor":[62,58,51,51,51,27,27,26,26,26,18,18,18,15,36,21,58,35,25,3,3],"gold":357,"neow_bonus":"HUNDRED_GOLD","is_prod":false,"is_daily":false,"chose_seed":false,"campfire_upgraded":1,"win_rate":0,"timestamp":1548539316,"path_taken":["M","M","?","$","M","E","M","M","T","M","M","?","R","M","R","BOSS","M","M","M","M"],"build_version":"2019-01-23","purchased_purges":1,"victory":false,"max_hp_per_floor":[70,70,70,70,70,70,70,70,70,70,70,70,70,70,70,70,70,70,70,70,70],"card_choices":[{"not_picked":["Heel Hook","Calculated Gamble"],"picked":"Expertise","floor":1},{"not_picked":["Expertise","Calculated Gamble"],"picked":"Escape Plan","floor":2},{"not_picked":["Sucker Punch","Finisher"],"picked":"Cloak And Dagger","floor":5},{"not_picked":["Dagger Throw","PiercingWail"],"picked":"Poisoned Stab","floor":6},{"not_picked":["Tactician","Slice"],"picked":"Caltrops","floor":7},{"not_picked":["Deflect","Dagger Throw","Dodge and Roll"],"picked":"SKIP","floor":8},{"not_picked":["Tactician","Eviscerate","Sucker Punch"],"picked":"SKIP","floor":10},{"not_picked":["Concentrate","Reflex"],"picked":"Flying Knee","floor":11},{"not_picked":["Underhanded Strike","Night Terror"],"picked":"Backflip","floor":14},{"not_picked":["Phantasmal Killer","Storm of Steel"],"picked":"Venomology","floor":16},{"not_picked":["Masterful Stab","Sucker Punch","Acrobatics"],"picked":"SKIP","floor":18},{"not_picked":["Slice+1","Eviscerate"],"picked":"Cloak And Dagger","floor":19},{"not_picked":["Poisoned Stab","Escape Plan+1"],"picked":"Backflip+1","floor":20}],"player_experience":231991,"relics_obtained":[{"floor":6,"key":"Snake Skull"},{"floor":9,"key":"Juzu Bracelet"}],"event_choices":[{"cards_removed":["Strike_G"],"damage_healed":0,"gold_gain":0,"player_choice":"Card Removal","damage_taken":7,"max_hp_gain":0,"max_hp_loss":0,"event_name":"Golden Wing","floor":3,"gold_loss":0},{"damage_healed":0,"gold_gain":0,"player_choice":"Forge","damage_taken":0,"max_hp_gain":0,"max_hp_loss":0,"event_name":"Accursed Blacksmith","floor":12,"gold_loss":0,"cards_upgraded":["Neutralize"]}],"is_beta":false,"boss_relics":[{"not_picked":["Pandora\u0027s Box","Coffee Dripper"],"picked":"Ring of the Serpent"}],"items_purged_floors":[4],"is_endless":false,"potions_floor_spawned":[1,2,5,7,14,19,20],"killed_by":"Centurion and Healer","ascension_level":5}