{"gold_per_floor":[209,226,226,226,246,246,15,15,41,60,76,111,111,129,129,234,234,254,11,11,31,0,29,29,40,40,40,73,91,91,91,91,196,196,207,207,29,46,146,146,180,180,255,63,63,45,75,75,75,75],"floor_reached":51,"playtime":4073,"items_purged":["Strike_B","Shame","Parasite","Clumsy"],"score":1253,"play_id":"8eb09e3e-bc0a-4ce5-8c31-a2470829d6ad","local_time":"20190212152359","is_ascension_mode":true,"campfire_choices":[{"data":"Defragment","floor":6.0,"key":"SMITH"},{"floor":13,"key":"REST"},{"data":"Zap","floor":15,"key":"SMITH"},{"data":"Seek","floor":24,"key":"SMITH"},{"data":"Buffer","floor":27,"key":"SMITH"},{"data":"Defragment","floor":30,"key":"SMITH"},{"floor":32,"key":"REST"},{"data":"Loop","floor":40,"key":"SMITH"},{"floor":42,"key":"REST"},{"data":"Go for the Eyes","floor":45,"key":"SMITH"},{"data":"Defragment","floor":49,"key":"SMITH"}],"neow_cost":"NONE","seed_source_timestamp":0,"circlet_count":0,"master_deck":["Strike_B+1","Strike_B+1","Strike_B+1","Defend_B","Defend_B","Defend_B","Defend_B+1","Zap+1","Dualcast","Defragment+1","Seek+1","Conserve Battery","Go for the Eyes+1","Buffer+1","FTL","Defragment+1","Self Repair","Glacier+1","Machine Learning","Loop+1","Flash of Steel","Defragment+1","Finesse"],"special_seed":0,"relics":["Cracked Core","Happy Flower","Membership Card","Bronze Scales","Torii","Calling Bell","Omamori","Dead Branch","Dodecahedron","Incense Burner","Girya","Mummified Hand","Gambling Chip","Potion Belt","Philosopher\u0027s Stone","Whetstone","Bird Faced Urn","Kunai","Regal Pillow","Ancient Tea Set"],"potions_floor_usage":[12,23,23,41,41,50,50],"damage_taken":[{"damage":0.0,"enemies":"2 Louse","floor":1.0,"turns":2.0},{"damage":0.0,"enemies":"Small Slimes","floor":2.0,"turns":3.0},{"damage":2.0,"enemies":"Jaw Worm","floor":5.0,"turns":4.0},{"damage":6.0,"enemies":"Looter","floor":10.0,"turns":3.0},{"damage":0.0,"enemies":"Large Slime","floor":11.0,"turns":4.0},{"damage":35,"enemies":"Lagavulin","floor":12,"turns":8},{"damage":7,"enemies":"3 Louse","floor":14,"turns":3},{"damage":4,"enemies":"Hexaghost","floor":16,"turns":9},{"damage":0,"enemies":"3 Byrds","floor":18,"turns":3},{"damage":0,"enemies":"Chosen","floor":21,"turns":4},{"damage":36,"enemies":"Slavers","floor":23,"turns":6},{"damage":8,"enemies":"Snake Plant","floor":25,"turns":3},{"damage":19,"enemies":"Book of Stabbing","floor":28,"turns":6},{"damage":1,"enemies":"Centurion and Healer","floor":29,"turns":9},{"damage":0,"enemies":"Automaton","floor":33,"turns":14},{"damage":0,"enemies":"3 Shapes","floor":35,"turns":4},{"damage":0,"enemies":"Orb Walker","floor":38,"turns":4},{"damage":0,"enemies":"Mind Bloom Boss Battle","floor":39,"turns":6},{"damage":65,"enemies":"Reptomancer","floor":41,"turns":11},{"damage":0,"enemies":"Giant Head","floor":47,"turns":10},{"damage":43,"enemies":"Awakened One","floor":50,"turns":15}],"seed_played":"-268863064191012201","potions_obtained":[{"floor":10.0,"key":"Regen Potion"},{"floor":14,"key":"SkillPotion"},{"floor":18,"key":"GamblersBrew"},{"floor":25,"key":"Dexterity Potion"},{"floor":28,"key":"FocusPotion"},{"floor":29,"key":"Block Potion"},{"floor":38,"key":"FearPotion"},{"floor":41,"key":"SpeedPotion"}],"is_trial":false,"path_per_floor":["M","M","?","?","M","R","$","?","T","M","M","E","R","M","R","B",null,"M","$","?","M","?","E","R","M","T","R","E","M","R","?","R","B",null,"M","?","$","M","?","R","E","R","T","$","R","$","E","?","R","B",null],"character_chosen":"DEFECT","items_purchased":["Membership Card","Incense Burner","Defragment","Loop","Whetstone","Regal Pillow","Flash of Steel","Defragment"],"campfire_rested":3,"item_purchase_floors":[7,19,19,37,37,44,44,46],"current_hp_per_floor":[68,68,56,41,39,39,39,39,39,33,33,13,35,28,28,24,62,62,62,62,62,62,33,33,32,32,32,20,26,26,12,36,43,71,78,78,77,77,77,77,23,46,46,46,46,46,67,67,67,77],"gold":75,"neow_bonus":"HUNDRED_GOLD","is_prod":false,"is_daily":false,"chose_seed":false,"campfire_upgraded":8,"win_rate":0,"timestamp":1550013839,"path_taken":["M","M","?","?","M","R","$","?","T","M","M","E","R","M","R","BOSS","M","$","?","M","?","E","R","M","T","R","E","M","R","?","R","BOSS","M","?","$","M","?","R","E","R","T","$","R","$","E","?","R","BOSS"],"build_version":"2019-01-23","purchased_purges":4,"victory":true,"max_hp_per_floor":[75,75,75,75,75,75,75,75,75,75,75,75,75,75,75,75,75,75,75,75,75,75,75,75,75,75,75,75,75,75,80,80,80,80,80,80,77,77,77,77,77,77,77,77,77,77,77,77,77,77],"card_choices":[{"not_picked":["Streamline","Steam","Genetic Algorithm"],"picked":"SKIP","floor":1.0},{"not_picked":["Beam Cell","Force Field","Hello World"],"picked":"SKIP","floor":2.0},{"not_picked":["Conserve Battery","Streamline"],"picked":"Defragment","floor":5.0},{"not_picked":["Beam Cell","Static Discharge","Barrage"],"picked":"SKIP","floor":10.0},{"not_picked":["Rebound","Tempest"],"picked":"Seek","floor":11.0},{"not_picked":["Leap","Ball Lightning"],"picked":"Conserve Battery","floor":12},{"not_picked":["Gash","Steam"],"picked":"Go for the Eyes","floor":14},{"not_picked":["Meteor Strike","Rainbow"],"picked":"Buffer","floor":16},{"not_picked":["Sweeping Beam+1","Static Discharge"],"picked":"FTL","floor":18},{"not_picked":["Fusion+1","Sunder"],"picked":"Self Repair","floor":21},{"not_picked":["Hologram","Sunder","Force Field+1"],"picked":"SKIP","floor":23},{"not_picked":["Gash","Auto Shields","Steam+1"],"picked":"SKIP","floor":25},{"not_picked":["Compile Driver+1","Stack","Conserve Battery"],"picked":"SKIP","floor":28},{"not_picked":["Reinforced Body","Compile Driver"],"picked":"Glacier+1","floor":29},{"not_picked":["Fission","Buffer"],"picked":"Machine Learning","floor":33},{"not_picked":["Stack+1","Doom and Gloom+1","Streamline+1"],"picked":"SKIP","floor":35},{"not_picked":["Steam","Stack+1","Redo+1"],"picked":"SKIP","floor":38},{"not_picked":["Compile Driver+1","Static Discharge+1","Steam Power"],"picked":"SKIP","floor":41},{"not_picked":["Melter","Force Field","Hello World+1"],"picked":"SKIP","floor":47},{"not_picked":["Secret Weapon","Panacea"],"picked":"Finesse","floor":48}],"player_experience":338676,"relics_obtained":[{"floor":9.0,"key":"Bronze Scales"},{"floor":12,"key":"Torii"},{"floor":17,"key":"Omamori"},{"floor":17,"key":"Dead Branch"},{"floor":17,"key":"Dodecahedron"},{"floor":23,"key":"Mummified Hand"},{"floor":26,"key":"Gambling Chip"},{"floor":28,"key":"Potion Belt"},{"floor":39,"key":"Bird Faced Urn"},{"floor":41,"key":"Kunai"},{"floor":47,"key":"Ancient Tea Set"}],"event_choices":[{"damage_healed":0.0,"max_hp_gain":0.0,"max_hp_loss":0.0,"gold_gain":0.0,"event_name":"Scrap Ooze","player_choice":"Success","floor":3.0,"gold_loss":0.0,"damage_taken":12.0,"relics_obtained":["Happy Flower"]},{"damage_healed":0.0,"max_hp_gain":0.0,"max_hp_loss":0.0,"gold_gain":0.0,"event_name":"Shining Light","player_choice":"Entered Light","floor":4.0,"gold_loss":0.0,"damage_taken":15.0,"cards_upgraded":["Strike_B","Defend_B"]},{"damage_healed":0.0,"max_hp_gain":0.0,"max_hp_loss":0.0,"gold_gain":0.0,"event_name":"The Cleric","player_choice":"Leave","floor":8.0,"gold_loss":0.0,"damage_taken":0.0},{"damage_healed":0,"gold_gain":0,"player_choice":"Opened","damage_taken":0,"relics_obtained":["Girya"],"max_hp_gain":0,"max_hp_loss":0,"event_name":"The Mausoleum","floor":20,"gold_loss":0},{"damage_healed":0,"gold_gain":0,"player_choice":"Paid Fearfully","damage_taken":0,"max_hp_gain":0,"max_hp_loss":0,"event_name":"Masked Bandits","floor":22,"gold_loss":31},{"damage_healed":0,"gold_gain":0,"player_choice":"Shed Blood","damage_taken":19,"max_hp_gain":5,"max_hp_loss":0,"event_name":"Forgotten Altar","floor":31,"gold_loss":0},{"damage_healed":0,"gold_gain":0,"player_choice":"Ignored","damage_taken":0,"max_hp_gain":0,"max_hp_loss":0,"event_name":"Tomb of Lord Red Mask","floor":36,"gold_loss":0},{"damage_healed":0,"gold_gain":0,"player_choice":"Fight","damage_taken":0,"max_hp_gain":0,"max_hp_loss":0,"event_name":"MindBloom","floor":39,"gold_loss":0},{"damage_healed":0,"gold_gain":0,"player_choice":"Memory 1","damage_taken":0,"max_hp_gain":0,"max_hp_loss":0,"event_name":"SensoryStone","floor":48,"gold_loss":0}],"is_beta":false,"boss_relics":[{"not_picked":["Fusion Hammer","Snecko Eye"],"picked":"Calling Bell"},{"not_picked":["Empty Cage","Runic Dome"],"picked":"Philosopher\u0027s Stone"}],"items_purged_floors":[7,19,37,44],"is_endless":false,"potions_floor_spawned":[10,14,18,25,28,29,38,41],"ascension_level":6}