{"gold_per_floor":[119,119,119,15,25,25,42,57,57,132,132,159,159,173,173,274,274,293,30,40,54,54,54,74,49,49,49,49,49],"floor_reached":29,"playtime":991,"items_purged":[],"score":273,"play_id":"335ffe76-5f87-4eda-80ae-804d4ab64ca6","local_time":"20190304145031","is_ascension_mode":false,"campfire_choices":[{"data":"Zap","floor":6.0,"key":"SMITH"},{"data":"Coolheaded","floor":13.0,"key":"SMITH"},{"data":"Creative AI","floor":15.0,"key":"SMITH"},{"floor":23.0,"key":"REST"}],"neow_cost":"NONE","seed_source_timestamp":344731906400313,"circlet_count":0,"master_deck":["Strike_B","Defend_B","Defend_B","Defend_B","Zap+1","Dualcast","Gash","Hologram","Rip and Tear","Gash","Rip and Tear","Sweeping Beam","Core Surge","Coolheaded+1","Creative AI+1","Meteor Strike","Gash","Apotheosis","White Noise","Rebound","Double Energy+1","Gash+1","Scrape","Coolheaded","Ghostly","Ghostly","Ghostly","Ghostly","Ghostly","Creative AI","Chaos"],"special_seed":0,"relics":["Philosopher\u0027s Stone"],"potions_floor_usage":[29],"damage_taken":[{"damage":2.0,"enemies":"2 Louse","floor":1.0,"turns":3.0},{"damage":1.0,"enemies":"Small Slimes","floor":5.0,"turns":3.0},{"damage":0.0,"enemies":"Jaw Worm","floor":7.0,"turns":3.0},{"damage":1.0,"enemies":"Red Slaver","floor":8.0,"turns":2.0},{"damage":20.0,"enemies":"3 Sentries","floor":12.0,"turns":5.0},{"damage":4.0,"enemies":"Looter","floor":14.0,"turns":2.0},{"damage":10.0,"enemies":"Slime Boss","floor":16.0,"turns":7.0},{"damage":26.0,"enemies":"3 Byrds","floor":18.0,"turns":4.0},{"damage":42.0,"enemies":"2 Thieves","floor":20.0,"turns":4.0},{"damage":10.0,"enemies":"Snecko","floor":21.0,"turns":5.0},{"damage":22.0,"enemies":"Cultist and Chosen","floor":24.0,"turns":5.0},{"damage":11,"enemies":"Snake Plant","floor":29,"turns":2}],"seed_played":"-7075198008675901552","potions_obtained":[{"floor":1.0,"key":"Strength Potion"},{"floor":16.0,"key":"Dexterity Potion"},{"floor":20.0,"key":"Block Potion"},{"floor":24.0,"key":"PowerPotion"}],"is_trial":false,"path_per_floor":["M","?","?","$","M","R","M","M","T","?","?","E","R","M","R","B",null,"M","$","M","M","?","R","M","$","T","?","?","M"],"character_chosen":"DEFECT","items_purchased":["Hologram","Rip and Tear","Apotheosis","White Noise","Rebound","Coolheaded"],"campfire_rested":1,"item_purchase_floors":[4,4,19,19,19,25],"current_hp_per_floor":[73,66,71,71,70,70,70,69,69,58,58,38,38,34,34,24,80,54,54,12,2,2,26,4,4,4,4,4,0],"gold":49,"neow_bonus":"BOSS_RELIC","is_prod":false,"is_daily":false,"chose_seed":false,"campfire_upgraded":3,"win_rate":0,"timestamp":1551707431,"path_taken":["M","?","?","?","?","R","M","M","T","?","?","E","R","M","R","BOSS","M","$","M","M","?","R","M","$","T","?","?","M"],"build_version":"2019-01-23","purchased_purges":0,"victory":false,"max_hp_per_floor":[75,75,80,80,80,80,80,80,80,80,80,80,80,80,80,80,80,80,80,80,80,80,80,80,80,80,40,40,40],"card_choices":[{"not_picked":["Lockon","Defragment"],"picked":"Gash","floor":1.0},{"not_picked":["Turbo","Redo"],"picked":"Gash","floor":5.0},{"not_picked":["Barrage","Reprogram"],"picked":"Rip and Tear","floor":7.0},{"not_picked":["Blizzard","Hologram"],"picked":"Sweeping Beam","floor":8.0},{"not_picked":["Sweeping Beam","Leap"],"picked":"Coolheaded","floor":12.0},{"not_picked":["Defragment","Recycle"],"picked":"Creative AI","floor":14.0},{"not_picked":["Creative AI","Thunder Strike"],"picked":"Meteor Strike","floor":16.0},{"not_picked":["FTL","Sweeping Beam"],"picked":"Gash","floor":18.0},{"not_picked":["Conserve Battery","Fusion"],"picked":"Double Energy+1","floor":20.0},{"not_picked":["Compile Driver","Go for the Eyes+1"],"picked":"Gash+1","floor":21.0},{"not_picked":["Darkness","Rebound+1"],"picked":"Scrape","floor":24.0}],"player_experience":815233,"relics_obtained":[],"event_choices":[{"cards_removed":["Strike_B"],"damage_healed":0.0,"max_hp_gain":0.0,"max_hp_loss":0.0,"gold_gain":0.0,"event_name":"Golden Wing","player_choice":"Card Removal","floor":2.0,"gold_loss":0.0,"damage_taken":7.0},{"damage_healed":0.0,"max_hp_gain":5.0,"max_hp_loss":0.0,"gold_gain":0.0,"event_name":"Big Fish","player_choice":"Donut","floor":3.0,"gold_loss":0.0,"damage_taken":0.0},{"damage_healed":0.0,"max_hp_gain":0.0,"max_hp_loss":0.0,"gold_gain":75.0,"event_name":"World of Goop","player_choice":"Gather Gold","floor":10.0,"gold_loss":0.0,"damage_taken":11.0},{"damage_healed":0.0,"max_hp_gain":0.0,"max_hp_loss":0.0,"gold_gain":0.0,"cards_transformed":["Strike_B"],"event_name":"Living Wall","player_choice":"Change","floor":11.0,"gold_loss":0.0,"damage_taken":0.0,"cards_obtained":["Core Surge"]},{"damage_healed":0.0,"max_hp_gain":0.0,"max_hp_loss":0.0,"gold_gain":0.0,"event_name":"Cursed Tome","player_choice":"Ignored","floor":22.0,"gold_loss":0.0,"damage_taken":0.0},{"damage_healed":0.0,"max_hp_gain":0.0,"max_hp_loss":40.0,"gold_gain":0.0,"event_name":"Ghosts","player_choice":"Became a Ghost","floor":27.0,"gold_loss":0.0,"damage_taken":0.0,"cards_obtained":["Ghostly","Ghostly","Ghostly","Ghostly","Ghostly"]},{"damage_healed":0.0,"max_hp_gain":0.0,"max_hp_loss":0.0,"gold_gain":0.0,"cards_transformed":["Strike_B","Defend_B"],"event_name":"Drug Dealer","player_choice":"Became Test Subject","floor":28.0,"gold_loss":0.0,"damage_taken":0.0,"cards_obtained":["Creative AI","Chaos"]}],"is_beta":false,"boss_relics":[{"not_picked":["Black Star","Runic Pyramid","Inserter"]}],"items_purged_floors":[],"is_endless":false,"potions_floor_spawned":[1,16,20,24],"killed_by":"Snake Plant","ascension_level":0}