{"gold_per_floor":[11,21,38,38,54,86,86,113,113,113,113,38,8],"floor_reached":13,"playtime":723,"items_purged":["Strike_G"],"score":140,"play_id":"ef44a912-0a05-408c-b32d-3107e2de47fb","local_time":"20190204114755","is_ascension_mode":true,"campfire_choices":[{"floor":7.0,"key":"REST"},{"data":"Well Laid Plans","floor":10,"key":"SMITH"},{"data":"Venomology","floor":11,"key":"SMITH"}],"neow_cost":"NO_GOLD","seed_source_timestamp":0,"circlet_count":0,"master_deck":["AscendersBane","Defend_G","Defend_G","Defend_G","Defend_G","Defend_G","Strike_G","Strike_G","Survivor","Neutralize","Venomology+1","Infinite Blades","PiercingWail","PiercingWail","Well Laid Plans+1","Infinite Blades","Burst+1","Backflip+1"],"special_seed":0,"relics":["Ring of the Snake","Toxic Egg 2","WingedGreaves","Molten Egg 2","Darkstone Periapt"],"potions_floor_usage":[8,8,13],"damage_taken":[{"damage":4.0,"enemies":"Cultist","floor":1.0,"turns":6.0},{"damage":0.0,"enemies":"Jaw Worm","floor":2.0,"turns":6.0},{"damage":0.0,"enemies":"2 Louse","floor":3.0,"turns":6.0},{"damage":4.0,"enemies":"Blue Slaver","floor":5.0,"turns":4.0},{"damage":27.0,"enemies":"3 Sentries","floor":6.0,"turns":10.0},{"damage":13,"enemies":"Lagavulin","floor":8,"turns":10},{"damage":15,"enemies":"Exordium Thugs","floor":13,"turns":4}],"seed_played":"-6344608521144831995","potions_obtained":[{"floor":1.0,"key":"EssenceOfSteel"}],"is_trial":false,"path_per_floor":["M","M","M","?","M","E","R","E","T","R","R","$","M"],"character_chosen":"THE_SILENT","items_purchased":[],"campfire_rested":1,"item_purchase_floors":[],"current_hp_per_floor":[59,59,59,56,52,25,46,33,33,33,33,33,18],"gold":8,"neow_bonus":"TRANSFORM_TWO_CARDS","is_prod":false,"is_daily":false,"chose_seed":false,"campfire_upgraded":2,"win_rate":0,"timestamp":1549298875,"path_taken":["M","?","M","?","M","E","R","E","T","R","R","$","M"],"build_version":"2019-01-23","purchased_purges":1,"victory":false,"max_hp_per_floor":[70,70,70,70,70,70,70,70,70,70,70,70,70],"card_choices":[{"not_picked":["Underhanded Strike","Catalyst"],"picked":"PiercingWail","floor":1.0},{"not_picked":["Prepared","Bane"],"picked":"PiercingWail","floor":2.0},{"not_picked":["Blade Dance","Riddle With Holes"],"picked":"Well Laid Plans","floor":3.0},{"not_picked":["Leg Sweep+1","Choke"],"picked":"Infinite Blades","floor":5.0},{"not_picked":["Blur+1","Outmaneuver+1"],"picked":"Burst+1","floor":6.0},{"not_picked":["Slice","Sucker Punch"],"picked":"Backflip+1","floor":8}],"player_experience":672120,"relics_obtained":[{"floor":6.0,"key":"WingedGreaves"},{"floor":8,"key":"Molten Egg 2"},{"floor":9,"key":"Darkstone Periapt"}],"event_choices":[{"damage_healed":0.0,"max_hp_gain":0.0,"max_hp_loss":0.0,"gold_gain":0.0,"event_name":"Scrap Ooze","player_choice":"Success","floor":4.0,"gold_loss":0.0,"damage_taken":3.0,"relics_obtained":["Toxic Egg 2"]}],"is_beta":false,"boss_relics":[],"items_purged_floors":[12],"is_endless":false,"potions_floor_spawned":[1,5],"killed_by":"Exordium Thugs","ascension_level":10}