{"gold_per_floor":[19,19,94,111,190,219,219,219,219,219,230,250,270,78,78,175,175,155,168,186,8,308,308,340,340,364,364,376,286,296,313,313,409,409,420,438,457,477,13,13,31,46,70,84,84,100,128,0,0,0],"floor_reached":51,"playtime":3807,"items_purged":["Strike_G"],"score":728,"play_id":"d51b7043-7de9-40ff-ab2f-c9ac370ebe25","local_time":"20181024162339","is_ascension_mode":false,"campfire_choices":[{"data":"Neutralize","floor":7,"key":"SMITH"},{"floor":10,"key":"REST"},{"data":"Tactician","floor":15,"key":"SMITH"},{"data":"Panache","floor":23,"key":"SMITH"},{"floor":25,"key":"REST"},{"data":"Concentrate","floor":27,"key":"SMITH"},{"floor":32,"key":"REST"},{"floor":40,"key":"REST"},{"floor":45,"key":"REST"},{"floor":49,"key":"REST"}],"neow_cost":"NO_GOLD","seed_source_timestamp":769391007444238,"circlet_count":0,"master_deck":["Defend_G+1","Defend_G","Defend_G+1","Defend_G","Defend_G+1","Strike_G","Strike_G","Strike_G","Survivor","Neutralize+1","Tactician+1","Concentrate+1","Acrobatics+1","Concentrate+1","Panacea+1","Prepared+1","Burst+1","Acrobatics+1","Underhanded Strike","Phantasmal Killer+1","Panache+1","Shame","Tactician+1","Tactician+1","Choke","Adrenaline+1","Quick Slash","Acrobatics+1","Well Laid Plans","Flash of Steel","Reflex+1","Escape Plan+1","Footwork+1","Eviscerate+1","Calculated Gamble+1"],"relics":["Ring of the Snake","Tingsha","War Paint","Pantograph","Blood Vial","Potion Belt","Toxic Egg 2","Lizard Tail","Old Coin","Vajra","Omamori","Runic Pyramid","Art of War","PreservedInsect","Sundial","Red Mask"],"potions_floor_usage":[6,16,16,20,24,24,30,37,41,46,46,50,50,50],"damage_taken":[{"damage":0,"enemies":"Cultist","floor":1,"turns":4},{"damage":0,"enemies":"2 Louse","floor":4,"turns":2},{"damage":37,"enemies":"Gremlin Nob","floor":6,"turns":6},{"damage":0,"enemies":"Jaw Worm","floor":11,"turns":3},{"damage":11,"enemies":"3 Louse","floor":12,"turns":3},{"damage":0,"enemies":"2 Fungi Beasts","floor":13,"turns":3},{"damage":21,"enemies":"Slime Boss","floor":16,"turns":10},{"damage":20,"enemies":"2 Thieves","floor":18,"turns":4},{"damage":11,"enemies":"3 Byrds","floor":19,"turns":4},{"damage":5,"enemies":"Shelled Parasite and Fungi","floor":20,"turns":5},{"damage":25,"enemies":"Slavers","floor":24,"turns":4},{"damage":0,"enemies":"Cultist and Chosen","floor":28,"turns":5},{"damage":35,"enemies":"Centurion and Healer","floor":30,"turns":12},{"damage":0,"enemies":"Snecko","floor":31,"turns":2},{"damage":14,"enemies":"Champ","floor":33,"turns":6},{"damage":22,"enemies":"3 Shapes","floor":35,"turns":3},{"damage":39,"enemies":"3 Darklings","floor":36,"turns":3},{"damage":9,"enemies":"Transient","floor":37,"turns":5},{"damage":0,"enemies":"Spire Growth","floor":38,"turns":1},{"damage":5,"enemies":"4 Shapes","floor":41,"turns":3},{"damage":0,"enemies":"3 Darklings","floor":42,"turns":2},{"damage":16,"enemies":"Spire Growth","floor":44,"turns":3},{"damage":0,"enemies":"Maw","floor":46,"turns":4},{"damage":5,"enemies":"Nemesis","floor":47,"turns":3},{"damage":15,"enemies":"Awakened One","floor":50,"turns":4}],"seed_played":"-4700105192422702367","potions_obtained":[{"floor":4,"key":"Block Potion"},{"floor":11,"key":"SteroidPotion"},{"floor":12,"key":"PowerPotion"},{"floor":13,"key":"AttackPotion"},{"floor":18,"key":"SkillPotion"},{"floor":20,"key":"Energy Potion"},{"floor":24,"key":"SkillPotion"},{"floor":30,"key":"Weak Potion"},{"floor":36,"key":"EssenceOfSteel"},{"floor":37,"key":"Explosive Potion"},{"floor":38,"key":"SkillPotion"},{"floor":44,"key":"SkillPotion"},{"floor":47,"key":"Fire Potion"}],"is_trial":false,"path_per_floor":["M","T","?","M","T","E","R","?","T","R","M","M","M","$","R","B",null,"M","M","M","$","?","R","E","R","T","R","M","?","M","M","R","B",null,"M","M","M","M","$","R","M","M","T","M","R","M","E","?","R","B"],"character_chosen":"THE_SILENT","items_purchased":["Panacea+1","Prepared+1","Panache","GhostInAJar","Art of War","Well Laid Plans","Flash of Steel","Ancient Potion"],"campfire_rested":6,"item_purchase_floors":[14,14,21,39,39,39,39,39],"current_hp_per_floor":[70,70,59,59,59,22,22,15,15,36,38,29,31,31,31,37,70,50,41,38,38,38,38,15,36,36,36,38,38,5,7,28,41,70,48,11,4,6,6,27,24,26,26,12,33,35,32,32,53,55],"gold":0,"neow_bonus":"ONE_RARE_RELIC","is_prod":false,"is_daily":false,"chose_seed":false,"campfire_upgraded":4,"win_rate":0,"timestamp":1540412619,"path_taken":["M","?","?","M","?","E","R","?","T","R","?","M","M","?","R","BOSS","M","M","?","$","?","R","E","R","T","R","M","?","M","M","R","BOSS","M","M","M","M","$","R","M","M","T","?","R","M","E","?","R","BOSS"],"build_version":"2018-10-18","purchased_purges":1,"victory":true,"max_hp_per_floor":[70,70,70,70,70,70,70,70,70,70,70,70,70,70,70,70,70,70,70,70,70,70,70,70,70,70,70,70,70,70,70,70,70,70,70,70,70,70,70,70,70,70,70,70,70,70,70,70,70,70],"card_choices":[{"not_picked":["Quick Slash","Dodge and Roll","Poisoned Stab"],"picked":"SKIP","floor":1},{"not_picked":["Acrobatics","Malaise"],"picked":"Tactician","floor":4},{"not_picked":["Catalyst","Footwork"],"picked":"Concentrate","floor":6},{"not_picked":["Underhanded Strike","Blur+1"],"picked":"Acrobatics+1","floor":11},{"not_picked":["Accuracy","Backstab","Choke"],"picked":"SKIP","floor":12},{"not_picked":["PiercingWail+1","Cloak And Dagger+1"],"picked":"Concentrate+1","floor":13},{"not_picked":["Adrenaline+1","Wraith Form v2"],"picked":"Burst+1","floor":16},{"not_picked":["Backflip+1","Masterful Stab+1"],"picked":"Acrobatics+1","floor":18},{"not_picked":["Dodge and Roll+1","Prepared+1"],"picked":"Underhanded Strike","floor":19},{"not_picked":["Prepared+1","Dagger Spray"],"picked":"Phantasmal Killer+1","floor":20},{"not_picked":["Outmaneuver+1","Endless Agony+1"],"picked":"Tactician+1","floor":24},{"not_picked":["Cloak And Dagger+1","Dodge and Roll+1"],"picked":"Tactician+1","floor":28},{"not_picked":["Deflect+1","Sucker Punch"],"picked":"Choke","floor":30},{"not_picked":["Endless Agony","Deadly Poison+1","Poisoned Stab"],"picked":"SKIP","floor":31},{"not_picked":["Night Terror+1","Storm of Steel+1"],"picked":"Adrenaline+1","floor":33},{"not_picked":["Slice","Bane"],"picked":"Quick Slash","floor":35},{"not_picked":["Outmaneuver+1","Catalyst+1","PiercingWail+1"],"picked":"SKIP","floor":36},{"not_picked":["Flying Knee","Dagger Spray+1"],"picked":"Acrobatics+1","floor":37},{"not_picked":["Bane","Crippling Poison+1","Cloak And Dagger+1"],"picked":"SKIP","floor":38},{"not_picked":["Quick Slash+1","Finisher"],"picked":"Reflex+1","floor":41},{"not_picked":["Dagger Spray+1","Blade Dance+1"],"picked":"Escape Plan+1","floor":42},{"not_picked":["Bane","Deflect+1"],"picked":"Footwork+1","floor":44},{"not_picked":["Acrobatics+1","Riddle With Holes"],"picked":"Eviscerate+1","floor":46},{"not_picked":["Tools of the Trade","Reflex+1"],"picked":"Calculated Gamble+1","floor":47}],"player_experience":233553,"relics_obtained":[{"floor":2,"key":"War Paint"},{"floor":5,"key":"Pantograph"},{"floor":6,"key":"Blood Vial"},{"floor":9,"key":"Toxic Egg 2"},{"floor":24,"key":"Vajra"},{"floor":26,"key":"Omamori"},{"floor":43,"key":"PreservedInsect"},{"floor":47,"key":"Sundial"}],"event_choices":[{"damage_healed":0,"gold_gain":75,"player_choice":"Gather Gold","damage_taken":11,"max_hp_gain":0,"max_hp_loss":0,"event_name":"World of Goop","floor":3,"gold_loss":0},{"damage_healed":0,"gold_gain":0,"player_choice":"Success","damage_taken":7,"relics_obtained":["Potion Belt"],"max_hp_gain":0,"max_hp_loss":0,"event_name":"Scrap Ooze","floor":8,"gold_loss":0},{"damage_healed":0,"gold_gain":0,"player_choice":"Stole Relic","damage_taken":0,"relics_obtained":["Old Coin"],"max_hp_gain":0,"max_hp_loss":0,"event_name":"Addict","floor":22,"gold_loss":0,"cards_obtained":["Shame"]},{"cards_removed":["Strike_G"],"damage_healed":0,"gold_gain":0,"player_choice":"Upgrade and Remove","damage_taken":0,"max_hp_gain":0,"max_hp_loss":0,"event_name":"Designer","floor":29,"gold_loss":90,"cards_upgraded":["Defend_G"]},{"damage_healed":0,"gold_gain":0,"player_choice":"Paid","damage_taken":0,"relics_obtained":["Red Mask"],"max_hp_gain":0,"max_hp_loss":0,"event_name":"Tomb of Lord Red Mask","floor":48,"gold_loss":128}],"is_beta":false,"boss_relics":[{"not_picked":["Black Star","WristBlade"],"picked":"Lizard Tail"},{"not_picked":["Runic Dome","Astrolabe"],"picked":"Runic Pyramid"}],"items_purged_floors":[14],"is_endless":false,"potions_floor_spawned":[4,11,12,13,18,20,24,30,36,37,38,44,47],"ascension_level":0}