{"gold_per_floor":[115,33,33,208,208,208,235,235,262,262,291,291,302,302,302,302],"floor_reached":16,"playtime":348,"items_purged":[],"score":172,"play_id":"458590b0-cd35-4b09-923e-d9f96f3ecfd4","local_time":"20190224165759","is_ascension_mode":true,"campfire_choices":[{"data":"Loop","floor":6,"key":"SMITH"},{"floor":8,"key":"REST"},{"data":"Dualcast","floor":10,"key":"SMITH"},{"data":"Conserve Battery","floor":12,"key":"SMITH"},{"floor":15,"key":"REST"}],"neow_cost":"NONE","seed_source_timestamp":101898161860979,"circlet_count":0,"master_deck":["AscendersBane","Strike_B","Strike_B","Strike_B","Defend_B","Defend_B","Defend_B","Defend_B","Zap+1","Dualcast+1","Self Repair","Loop+1","Doubt","Conserve Battery+1","Chill"],"relics":["Cracked Core","DataDisk","Bronze Scales","Strawberry","Blood Vial","Potion Belt"],"potions_floor_usage":[11],"damage_taken":[{"damage":0,"enemies":"Cultist","floor":1,"turns":3},{"damage":36,"enemies":"Gremlin Nob","floor":7,"turns":5},{"damage":25,"enemies":"3 Sentries","floor":11,"turns":5},{"damage":7,"enemies":"Jaw Worm","floor":13,"turns":2},{"damage":64,"enemies":"Slime Boss","floor":16,"turns":11}],"seed_played":"-902834358711259291","potions_obtained":[{"floor":7,"key":"Fire Potion"},{"floor":11,"key":"Weak Potion"},{"floor":13,"key":"Poison Potion"}],"is_trial":false,"path_per_floor":["M","$","?","?","?","R","E","R","T","R","E","R","M","?","R","B"],"character_chosen":"DEFECT","items_purchased":["Loop"],"campfire_rested":2,"item_purchase_floors":[2],"current_hp_per_floor":[68,68,61,61,54,54,25,47,54,54,36,36,38,38,62,0],"gold":302,"neow_bonus":"UPGRADE_CARD","is_prod":false,"is_daily":false,"chose_seed":false,"campfire_upgraded":3,"win_rate":0,"timestamp":1551056279,"path_taken":["M","?","?","?","?","R","E","R","T","R","E","R","M","?","R","BOSS"],"build_version":"2019-01-23","purchased_purges":0,"victory":false,"max_hp_per_floor":[75,75,75,75,75,75,75,75,82,82,82,82,82,82,82,82],"card_choices":[{"not_picked":["Hologram","Rebound"],"picked":"Self Repair","floor":1},{"not_picked":["Storm","Barrage","Heatsinks"],"picked":"SKIP","floor":7},{"not_picked":["Compile Driver","Coolheaded"],"picked":"Conserve Battery","floor":11},{"not_picked":["White Noise","Melter"],"picked":"Chill","floor":13}],"player_experience":502243,"relics_obtained":[{"floor":7,"key":"Bronze Scales"},{"floor":9,"key":"Strawberry"},{"floor":11,"key":"Blood Vial"}],"event_choices":[{"cards_removed":["Strike_B"],"damage_healed":0,"gold_gain":0,"player_choice":"Card Removal","damage_taken":7,"max_hp_gain":0,"max_hp_loss":0,"event_name":"Golden Wing","floor":3,"gold_loss":0},{"damage_healed":0,"gold_gain":175,"player_choice":"AGREE","damage_taken":0,"max_hp_gain":0,"max_hp_loss":0,"event_name":"Liars Game","floor":4,"gold_loss":0,"cards_obtained":["Doubt"]},{"damage_healed":0,"gold_gain":0,"player_choice":"Success","damage_taken":7,"relics_obtained":["DataDisk"],"max_hp_gain":0,"max_hp_loss":0,"event_name":"Scrap Ooze","floor":5,"gold_loss":0},{"damage_healed":0,"gold_gain":0,"player_choice":"Gave Potion","damage_taken":0,"relics_obtained":["Potion Belt"],"max_hp_gain":0,"max_hp_loss":0,"event_name":"WeMeetAgain","floor":14,"gold_loss":0}],"is_beta":false,"boss_relics":[],"items_purged_floors":[],"is_endless":false,"potions_floor_spawned":[7,11,13],"killed_by":"Slime Boss","ascension_level":13}