{"gold_per_floor":[115,290,290,290,308,308,308,319,319,319,330,6,6,38,38,38],"floor_reached":16,"playtime":496,"items_purged":["Regret"],"score":123,"play_id":"22566414-2455-4c7d-8848-987ffb8de599","local_time":"20190210230033","is_ascension_mode":true,"campfire_choices":[{"data":"Dualcast","floor":7,"key":"SMITH"},{"data":"Go for the Eyes","floor":10,"key":"SMITH"},{"data":"Loop","floor":15,"key":"SMITH"}],"neow_cost":"NONE","seed_source_timestamp":2679757898725121,"circlet_count":0,"master_deck":["Strike_B","Strike_B","Strike_B","Strike_B","Defend_B","Defend_B","Defend_B","Defend_B","Zap+1","Dualcast+1","Doubt","Go for the Eyes+1","Chill","Master of Strategy","Loop+1"],"relics":["Cracked Core","NeowsBlessing","Meat on the Bone","Kunai","Potion Belt"],"potions_floor_usage":[16],"damage_taken":[{"damage":0,"enemies":"Cultist","floor":1,"turns":1},{"damage":0,"enemies":"Small Slimes","floor":5,"turns":1},{"damage":0,"enemies":"2 Louse","floor":8,"turns":1},{"damage":7,"enemies":"Red Slaver","floor":11,"turns":3},{"damage":19,"enemies":"3 Sentries","floor":14,"turns":9},{"damage":51,"enemies":"Hexaghost","floor":16,"turns":11}],"seed_played":"3043437323259894793","potions_obtained":[{"floor":1,"key":"SkillPotion"}],"is_trial":false,"path_per_floor":["M","?","?","?","M","?","R","M","T","R","M","$","?","E","R","B"],"character_chosen":"DEFECT","items_purchased":["Master of Strategy","Loop"],"campfire_rested":0,"item_purchase_floors":[12,12],"current_hp_per_floor":[75,75,75,75,75,75,75,75,75,75,68,68,68,49,49,0],"gold":38,"neow_bonus":"THREE_ENEMY_KILL","is_prod":false,"is_daily":false,"chose_seed":false,"campfire_upgraded":3,"win_rate":0,"timestamp":1549868433,"path_taken":["M","?","?","?","M","?","R","?","T","R","M","$","?","E","R","BOSS"],"build_version":"2019-01-23","purchased_purges":1,"victory":false,"max_hp_per_floor":[75,75,75,75,75,75,75,75,75,75,75,75,75,75,75,75],"card_choices":[{"not_picked":["Scrape","Redo","Streamline"],"picked":"SKIP","floor":1},{"not_picked":["Doom and Gloom","Gash"],"picked":"Go for the Eyes","floor":5},{"not_picked":["Reprogram","Melter","Turbo"],"picked":"SKIP","floor":8},{"not_picked":["Stack","Gash"],"picked":"Chill","floor":11},{"not_picked":["Blizzard","Turbo","Sweeping Beam"],"picked":"SKIP","floor":14}],"player_experience":331800,"relics_obtained":[{"floor":9,"key":"Kunai"},{"floor":14,"key":"Potion Belt"}],"event_choices":[{"damage_healed":0,"gold_gain":175,"player_choice":"AGREE","damage_taken":0,"max_hp_gain":0,"max_hp_loss":0,"event_name":"Liars Game","floor":2,"gold_loss":0,"cards_obtained":["Doubt"]},{"damage_healed":0,"gold_gain":0,"player_choice":"Grow","damage_taken":0,"max_hp_gain":0,"max_hp_loss":0,"event_name":"Living Wall","floor":3,"gold_loss":0,"cards_upgraded":["Zap"]},{"damage_healed":0,"gold_gain":0,"player_choice":"Box","damage_taken":0,"relics_obtained":["Meat on the Bone"],"max_hp_gain":0,"max_hp_loss":0,"event_name":"Big Fish","floor":4,"gold_loss":0,"cards_obtained":["Regret"]},{"damage_healed":0,"gold_gain":0,"player_choice":"Bought 0 Potions","damage_taken":0,"max_hp_gain":0,"max_hp_loss":0,"event_name":"The Woman in Blue","floor":6,"gold_loss":0},{"damage_healed":0,"gold_gain":0,"player_choice":"Leave","damage_taken":0,"max_hp_gain":0,"max_hp_loss":0,"event_name":"The Cleric","floor":13,"gold_loss":0}],"is_beta":false,"boss_relics":[],"items_purged_floors":[12],"is_endless":false,"potions_floor_spawned":[1],"killed_by":"Hexaghost","ascension_level":5}