{"gold_per_floor":[368,318,338,338,354,386,403,403,403,403,414,384,384,414,414,514,514,524,524,42,61,61,61,73,73,125,142,162,162,207,219,231,342,354,381,413,425,437,459,471,503,515,576,588,600,612,624,636,648,660,672,684,306,306],"floor_reached":54,"playtime":2499,"items_purged":["Strike_R+1"],"score":707,"play_id":"21979344-8d88-46e3-aeac-cc66720c99c8","local_time":"20190108113523","is_ascension_mode":true,"campfire_choices":[{"data":"Armaments","floor":10.0,"key":"SMITH"},{"floor":13.0,"key":"REST"},{"data":"Whirlwind","floor":15.0,"key":"SMITH"},{"floor":23.0,"key":"REST"},{"data":"Rage","floor":25.0,"key":"SMITH"},{"data":"Metallicize","floor":32.0,"key":"SMITH"},{"data":"Barricade","floor":40.0,"key":"SMITH"},{"floor":42.0,"key":"RECALL"},{"floor":46.0,"key":"REST"},{"data":"Flame Barrier","floor":49.0,"key":"SMITH"},{"data":"Rampage","floor":52.0,"key":"SMITH"}],"neow_cost":"TEN_PERCENT_HP_LOSS","seed_source_timestamp":6039755974971,"circlet_count":0,"master_deck":["Strike_R+1","Strike_R+1","Defend_R+1","Defend_R+1","Defend_R+1","Defend_R+1","Rampage+1","Twin Strike","Metallicize+1","Armaments+1","Flame Barrier+1","Shrug It Off","Whirlwind+1","Offering","Shrug It Off","Inflame+1","Flame Barrier","Rage+1","Barricade+1","Power Through","Metallicize+1","True Grit+1","Rage+1","Body Slam"],"special_seed":0,"relics":["Burning Blood","Blood Vial","Shovel","Smiling Mask","Velvet Choker","ClockworkSouvenir","Juzu Bracelet","Bag of Preparation","MawBank","Runic Cube","Boot","Pantograph"],"potions_floor_usage":[54,54],"damage_taken":[{"damage":10.0,"enemies":"Cultist","floor":1.0,"turns":5.0},{"damage":2.0,"enemies":"Small Slimes","floor":3.0,"turns":5.0},{"damage":4.0,"enemies":"2 Louse","floor":5.0,"turns":3.0},{"damage":24.0,"enemies":"Gremlin Nob","floor":6.0,"turns":4.0},{"damage":23.0,"enemies":"2 Fungi Beasts","floor":7.0,"turns":4.0},{"damage":0.0,"enemies":"Blue Slaver","floor":11.0,"turns":6.0},{"damage":8.0,"enemies":"Looter","floor":12.0,"turns":4.0},{"damage":18.0,"enemies":"Lagavulin","floor":14.0,"turns":7.0},{"damage":33.0,"enemies":"The Guardian","floor":16.0,"turns":16.0},{"damage":14.0,"enemies":"Spheric Guardian","floor":18.0,"turns":3.0},{"damage":28.0,"enemies":"Colosseum Slavers","floor":19.0,"turns":2.0},{"damage":6.0,"enemies":"2 Thieves","floor":21.0,"turns":2.0},{"damage":38.0,"enemies":"Centurion and Healer","floor":24.0,"turns":13.0},{"damage":9.0,"enemies":"Snake Plant","floor":27.0,"turns":3.0},{"damage":8.0,"enemies":"Snecko","floor":28.0,"turns":5.0},{"damage":38.0,"enemies":"Automaton","floor":33.0,"turns":11.0},{"damage":10.0,"enemies":"3 Shapes","floor":35.0,"turns":6.0},{"damage":18.0,"enemies":"3 Darklings","floor":36.0,"turns":3.0},{"damage":0.0,"enemies":"Spire Growth","floor":37.0,"turns":1.0},{"damage":15.0,"enemies":"4 Shapes","floor":39.0,"turns":11.0},{"damage":28.0,"enemies":"3 Darklings","floor":41.0,"turns":4.0},{"damage":40.0,"enemies":"Awakened One","floor":50.0,"turns":32.0},{"damage":73,"enemies":"Shield and Spear","floor":54,"turns":9}],"seed_played":"5414237881816929851","potions_obtained":[{"floor":3.0,"key":"Ancient Potion"},{"floor":5.0,"key":"Regen Potion"},{"floor":7.0,"key":"Energy Potion"},{"floor":14.0,"key":"SmokeBomb"},{"floor":18.0,"key":"Poison Potion"},{"floor":21.0,"key":"GamblersBrew"},{"floor":24.0,"key":"Regen Potion"},{"floor":27.0,"key":"Weak Potion"},{"floor":36.0,"key":"EssenceOfSteel"},{"floor":41.0,"key":"SkillPotion"}],"is_trial":false,"path_per_floor":["M","?","M","?","M","E","M","?","T","R","M","M","R","E","R","B",null,"M","?","$","M","?","R","M","R","T","M","M","?","T","?","R","B",null,"M","M","M","?","M","R","M","R","T","?","?","R","?","?","R","B",null,"R","$","E"],"character_chosen":"IRONCLAD","items_purchased":["ClockworkSouvenir","Shrug It Off","Inflame","Juzu Bracelet","Body Slam","Pantograph","Dexterity Potion"],"campfire_rested":3,"item_purchase_floors":[20,20,20,20,53,53,53],"current_hp_per_floor":[68,68,72,65,67,58,43,36,36,36,44,44,65,55,55,30,72,64,44,44,46,46,67,37,37,37,45,45,45,45,45,45,15,72,68,58,66,66,59,59,39,39,39,39,39,60,60,60,60,28,72,72,72,0],"gold":306,"neow_bonus":"TWO_FIFTY_GOLD","is_prod":false,"is_daily":false,"chose_seed":false,"campfire_upgraded":7,"win_rate":0,"timestamp":1546914923,"path_taken":["M","?","M","?","M","E","M","?","T","R","M","M","R","E","R","BOSS","M","?","$","M","?","R","M","R","T","M","M","?","?","?","R","BOSS","M","M","M","?","M","R","M","R","T","?","?","R","?","?","R","BOSS","R","$","E"],"build_version":"2019-01-03v4","purchased_purges":1,"victory":false,"max_hp_per_floor":[72,72,72,72,72,72,72,72,72,72,72,72,72,72,72,72,72,72,72,72,72,72,72,72,72,72,72,72,72,72,72,72,72,72,72,72,72,72,72,72,72,72,72,72,72,72,72,72,72,72,72,72,72,72],"card_choices":[{"not_picked":["Thunderclap","Warcry","Sword Boomerang"],"picked":"SKIP","floor":1.0},{"not_picked":["Sentinel","Wild Strike"],"picked":"Rampage","floor":3.0},{"not_picked":["Rampage","True Grit"],"picked":"Twin Strike","floor":5.0},{"not_picked":["Thunderclap","Rupture"],"picked":"Metallicize","floor":6.0},{"not_picked":["Sword Boomerang","Iron Wave"],"picked":"Armaments","floor":7.0},{"not_picked":["Whirlwind","Heavy Blade"],"picked":"Flame Barrier","floor":11.0},{"not_picked":["Shockwave","Rupture"],"picked":"Shrug It Off","floor":12.0},{"not_picked":["Wild Strike","Carnage"],"picked":"Whirlwind","floor":14.0},{"not_picked":["Bludgeon","Feed"],"picked":"Offering","floor":16.0},{"not_picked":["Perfected Strike","Cleave","Pummel"],"picked":"SKIP","floor":18.0},{"not_picked":["Ghostly Armor+1","Sword Boomerang"],"picked":"Flame Barrier","floor":21.0},{"not_picked":["Blood for Blood","Warcry+1"],"picked":"Rage","floor":24.0},{"not_picked":["True Grit","Twin Strike","Pommel Strike"],"picked":"SKIP","floor":27.0},{"not_picked":["Anger","Clothesline","Reckless Charge+1"],"picked":"SKIP","floor":28.0},{"not_picked":["Exhume","Brutality"],"picked":"Barricade","floor":33.0},{"not_picked":["Armaments","Reckless Charge"],"picked":"Power Through","floor":35.0},{"not_picked":["Rupture","Flex"],"picked":"Metallicize+1","floor":36.0},{"not_picked":["Clash+1","Anger+1"],"picked":"True Grit+1","floor":39.0},{"not_picked":["Clothesline+1","Hemokinesis"],"picked":"Rage+1","floor":41.0}],"player_experience":169808,"relics_obtained":[{"floor":6.0,"key":"Blood Vial"},{"floor":14.0,"key":"Smiling Mask"},{"floor":26.0,"key":"Bag of Preparation"},{"floor":30.0,"key":"MawBank"},{"floor":43.0,"key":"Boot"}],"event_choices":[{"cards_removed":["Strike_R"],"damage_healed":0.0,"max_hp_gain":0.0,"max_hp_loss":0.0,"gold_gain":0.0,"event_name":"The Cleric","player_choice":"Card Removal","floor":2.0,"gold_loss":50.0,"damage_taken":0.0},{"cards_removed":["Strike_R"],"damage_healed":0.0,"max_hp_gain":0.0,"max_hp_loss":0.0,"gold_gain":0.0,"event_name":"Golden Wing","player_choice":"Card Removal","floor":4.0,"gold_loss":0.0,"damage_taken":7.0},{"damage_healed":0.0,"max_hp_gain":0.0,"max_hp_loss":0.0,"gold_gain":0.0,"event_name":"Scrap Ooze","player_choice":"Success","floor":8.0,"gold_loss":0.0,"damage_taken":7.0,"relics_obtained":["Shovel"]},{"damage_healed":0.0,"max_hp_gain":0.0,"max_hp_loss":0.0,"gold_gain":0.0,"event_name":"Colosseum","player_choice":"Fight","floor":19.0,"gold_loss":0.0,"damage_taken":0.0},{"damage_healed":0.0,"max_hp_gain":0.0,"max_hp_loss":0.0,"gold_gain":0.0,"event_name":"Colosseum","player_choice":"Fled From Nobs","floor":19.0,"gold_loss":0.0,"damage_taken":0.0},{"damage_healed":0.0,"max_hp_gain":0.0,"max_hp_loss":0.0,"gold_gain":0.0,"event_name":"Beggar","player_choice":"Ignored","floor":22.0,"gold_loss":0.0,"damage_taken":0.0},{"damage_healed":0.0,"max_hp_gain":0.0,"max_hp_loss":0.0,"gold_gain":0.0,"event_name":"Back to Basics","player_choice":"Simplicity","floor":29.0,"gold_loss":0.0,"damage_taken":0.0,"cards_upgraded":["Strike_R","Strike_R","Strike_R","Defend_R","Defend_R","Defend_R","Defend_R"]},{"damage_healed":0.0,"max_hp_gain":0.0,"max_hp_loss":0.0,"gold_gain":0.0,"event_name":"Upgrade Shrine","player_choice":"Upgraded","floor":31.0,"gold_loss":0.0,"damage_taken":0.0,"cards_upgraded":["Inflame"]},{"cards_removed":["Bash"],"damage_healed":0.0,"max_hp_gain":0.0,"max_hp_loss":0.0,"gold_gain":0.0,"event_name":"Falling","player_choice":"Removed Attack","floor":38.0,"gold_loss":0.0,"damage_taken":0.0},{"damage_healed":0.0,"max_hp_gain":0.0,"max_hp_loss":0.0,"gold_gain":0.0,"event_name":"SecretPortal","player_choice":"Ignored","floor":44.0,"gold_loss":0.0,"damage_taken":0.0},{"damage_healed":0.0,"max_hp_gain":0.0,"max_hp_loss":0.0,"gold_gain":0.0,"event_name":"FaceTrader","player_choice":"Leave","floor":45.0,"gold_loss":0.0,"damage_taken":0.0},{"damage_healed":0.0,"max_hp_gain":0.0,"max_hp_loss":0.0,"gold_gain":0.0,"event_name":"Mysterious Sphere","player_choice":"Ignored","floor":47.0,"gold_loss":0.0,"damage_taken":0.0},{"damage_healed":0.0,"max_hp_gain":0.0,"max_hp_loss":0.0,"gold_gain":0.0,"event_name":"Tomb of Lord Red Mask","player_choice":"Ignored","floor":48.0,"gold_loss":0.0,"damage_taken":0.0}],"is_beta":false,"boss_relics":[{"not_picked":["Busted Crown","Calling Bell"],"picked":"Velvet Choker"},{"not_picked":["Astrolabe","Cursed Key"],"picked":"Runic Cube"}],"items_purged_floors":[53],"is_endless":false,"potions_floor_spawned":[3,5,7,14,18,21,24,27,28,36,37,41],"killed_by":"Shield and Spear","ascension_level":2}