{"gold_per_floor":[117,117,137,150,168,199,199,218,245,256,272,300,320,104,104,205,205,220,240,259,91,105,105,28,28,28,28,45,58,58,72,72,174,174,189,189,289,164,216,216,234,250,273,72,72],"floor_reached":45,"playtime":3128,"items_purged":["Strike_G","Strike_G","Defend_G","Defend_G"],"score":456,"play_id":"d9758ec8-d686-4ed5-8c40-e343da5460ca","local_time":"20190103232234","is_ascension_mode":false,"campfire_choices":[{"data":"Adrenaline","floor":7.0,"key":"SMITH"},{"data":"Adrenaline","floor":15.0,"key":"SMITH"},{"data":"Cloak And Dagger","floor":23.0,"key":"SMITH"},{"floor":30.0,"key":"REST"},{"data":"Dodge and Roll","floor":32.0,"key":"SMITH"},{"data":"Storm of Steel","floor":40,"key":"SMITH"}],"neow_cost":"NONE","seed_source_timestamp":0,"circlet_count":0,"master_deck":["Defend_G","Defend_G","Strike_G+1","Strike_G+1","Survivor","Neutralize+1","Reflex+1","Predator","Deflect","Flechettes","Adrenaline+1","Noxious Fumes","Infinite Blades","Dodge and Roll+1","Footwork","Cloak And Dagger+1","Adrenaline+1","Burst","Backflip","Well Laid Plans","Blur+1","Infinite Blades","Burst","Deflect","Adrenaline","Storm of Steel+1","Blade Dance+1","PiercingWail+1"],"special_seed":0,"relics":["Ring of the Snake","Strawberry","Lantern","WristBlade","Nloth\u0027s Gift","Mango","Empty Cage","The Specimen","Thread and Needle","Happy Flower"],"potions_floor_usage":[42],"damage_taken":[{"damage":3.0,"enemies":"Small Slimes","floor":1.0,"turns":3.0},{"damage":1.0,"enemies":"Cultist","floor":3.0,"turns":4.0},{"damage":0.0,"enemies":"2 Louse","floor":4.0,"turns":2.0},{"damage":5.0,"enemies":"Exordium Wildlife","floor":5.0,"turns":6.0},{"damage":17.0,"enemies":"Gremlin Nob","floor":6.0,"turns":4.0},{"damage":0.0,"enemies":"2 Fungi Beasts","floor":8.0,"turns":2.0},{"damage":4.0,"enemies":"3 Louse","floor":10.0,"turns":4.0},{"damage":0.0,"enemies":"Red Slaver","floor":11.0,"turns":2.0},{"damage":5.0,"enemies":"3 Sentries","floor":12.0,"turns":7.0},{"damage":0.0,"enemies":"Large Slime","floor":13.0,"turns":5.0},{"damage":20.0,"enemies":"The Guardian","floor":16.0,"turns":10.0},{"damage":7.0,"enemies":"Shell Parasite","floor":18.0,"turns":4.0},{"damage":2.0,"enemies":"2 Thieves","floor":19.0,"turns":4.0},{"damage":3.0,"enemies":"Chosen and Byrds","floor":20.0,"turns":6.0},{"damage":14.0,"enemies":"Centurion and Healer","floor":22.0,"turns":6.0},{"damage":8.0,"enemies":"Snake Plant","floor":28.0,"turns":7.0},{"damage":26.0,"enemies":"Cultist and Chosen","floor":29.0,"turns":7.0},{"damage":6.0,"enemies":"Centurion and Healer","floor":31.0,"turns":7.0},{"damage":5.0,"enemies":"Champ","floor":33.0,"turns":19.0},{"damage":1,"enemies":"3 Darklings","floor":35,"turns":6},{"damage":0,"enemies":"Mind Bloom Boss Battle","floor":37,"turns":9},{"damage":12,"enemies":"2 Orb Walkers","floor":39,"turns":6},{"damage":38,"enemies":"3 Shapes","floor":41,"turns":5},{"damage":1,"enemies":"Spire Growth","floor":42,"turns":6},{"damage":52,"enemies":"Maw","floor":45,"turns":9}],"seed_played":"2035801282841683381","potions_obtained":[{"floor":3.0,"key":"Weak Potion"},{"floor":4.0,"key":"Fire Potion"},{"floor":5.0,"key":"EssenceOfSteel"},{"floor":6.0,"key":"SteroidPotion"},{"floor":11.0,"key":"Dexterity Potion"},{"floor":13.0,"key":"Poison Potion"},{"floor":18.0,"key":"Block Potion"},{"floor":19.0,"key":"Ancient Potion"},{"floor":28.0,"key":"LiquidBronze"},{"floor":35,"key":"Dexterity Potion"},{"floor":39,"key":"GamblersBrew"}],"is_trial":false,"path_per_floor":["M","?","M","M","M","E","R","M","T","M","M","E","M","$","R","B",null,"M","M","M","$","M","R","$","?","T","$","M","M","R","M","R","B",null,"M","?","?","$","?","R","M","M","T","$","M"],"character_chosen":"THE_SILENT","items_purchased":["Adrenaline","Well Laid Plans","Infinite Blades","Strength Potion"],"campfire_rested":1,"item_purchase_floors":[14,21,24,44],"current_hp_per_floor":[67,67,66,66,61,51,51,51,51,47,47,42,42,42,42,22,77,70,68,65,65,51,51,51,51,65,65,57,31,58,52,52,47,91,90,90,90,90,78,78,40,39,39,39,0],"gold":72,"neow_bonus":"UPGRADE_CARD","is_prod":false,"is_daily":false,"chose_seed":false,"campfire_upgraded":5,"win_rate":0.0,"timestamp":1546525354,"path_taken":["M","?","M","M","M","E","R","M","T","M","M","E","M","$","R","BOSS","M","?","M","$","M","R","$","?","T","?","?","M","R","M","R","BOSS","M","?","?","?","?","R","M","M","T","$","M"],"build_version":"2018-12-20","purchased_purges":4,"victory":false,"max_hp_per_floor":[70,70,70,70,70,77,77,77,77,77,77,77,77,77,77,77,77,77,77,77,77,77,77,77,77,91,91,91,91,91,91,91,91,91,91,91,91,91,91,91,91,91,91,91,91],"card_choices":[{"not_picked":["Prepared","Distraction"],"picked":"Reflex","floor":1.0},{"not_picked":["Caltrops","Cloak And Dagger"],"picked":"Predator","floor":3.0},{"not_picked":["Prepared","Setup"],"picked":"Deflect","floor":4.0},{"not_picked":["Sucker Punch","Dagger Throw"],"picked":"Flechettes","floor":5.0},{"not_picked":["Sucker Punch","Noxious Fumes"],"picked":"Adrenaline","floor":6.0},{"not_picked":["Dodge and Roll","Flying Knee"],"picked":"Noxious Fumes","floor":8.0},{"not_picked":["Underhanded Strike","Prepared"],"picked":"Infinite Blades","floor":10.0},{"not_picked":["Dagger Spray","Noxious Fumes"],"picked":"Dodge and Roll","floor":11.0},{"not_picked":["Poisoned Stab","Deadly Poison"],"picked":"Footwork","floor":12.0},{"not_picked":["Tactician","Riddle With Holes"],"picked":"Cloak And Dagger","floor":13.0},{"not_picked":["Glass Knife","Unload"],"picked":"Burst","floor":16.0},{"not_picked":["Quick Slash","Sucker Punch+1","Underhanded Strike"],"picked":"SKIP","floor":18.0},{"not_picked":["Flechettes+1","Tactician+1","Poisoned Stab"],"picked":"SKIP","floor":19.0},{"not_picked":["Prepared","Quick Slash+1"],"picked":"Backflip","floor":20.0},{"not_picked":["Blade Dance","Dagger Spray+1"],"picked":"Blur+1","floor":22.0},{"not_picked":["Sucker Punch","Deadly Poison"],"picked":"Burst","floor":28.0},{"not_picked":["Catalyst","Dagger Spray+1"],"picked":"Deflect","floor":29.0},{"not_picked":["Outmaneuver","Quick Slash","Eviscerate+1"],"picked":"SKIP","floor":31.0},{"not_picked":["Wraith Form v2","Bullet Time"],"picked":"Adrenaline","floor":33.0},{"not_picked":["Calculated Gamble","Flying Knee+1"],"picked":"Storm of Steel","floor":35},{"not_picked":["Cloak And Dagger","Infinite Blades+1"],"picked":"Blade Dance+1","floor":37},{"not_picked":["After Image","Prepared"],"picked":"PiercingWail+1","floor":41},{"not_picked":["Sucker Punch+1","Flying Knee","Cloak And Dagger"],"picked":"SKIP","floor":42}],"player_experience":77703,"relics_obtained":[{"floor":6.0,"key":"Strawberry"},{"floor":9.0,"key":"Lantern"},{"floor":12.0,"key":"Whetstone"},{"floor":26.0,"key":"Mango"},{"floor":37,"key":"The Specimen"},{"floor":39,"key":"Thread and Needle"},{"floor":43,"key":"Happy Flower"}],"event_choices":[{"damage_healed":0.0,"max_hp_gain":0.0,"max_hp_loss":0.0,"gold_gain":0.0,"event_name":"Accursed Blacksmith","player_choice":"Forge","floor":2.0,"gold_loss":0.0,"damage_taken":0.0,"cards_upgraded":["Reflex"]},{"damage_healed":0.0,"max_hp_gain":0.0,"max_hp_loss":0.0,"gold_gain":0.0,"event_name":"N\u0027loth","player_choice":"Traded Relic","floor":25.0,"relics_lost":["Whetstone"],"gold_loss":0.0,"damage_taken":0.0,"relics_obtained":["Nloth\u0027s Gift"]},{"damage_healed":0,"gold_gain":0,"player_choice":"Memory 1","damage_taken":0,"max_hp_gain":0,"max_hp_loss":0,"event_name":"SensoryStone","floor":36,"gold_loss":0},{"damage_healed":0,"gold_gain":0,"player_choice":"Fight","damage_taken":0,"max_hp_gain":0,"max_hp_loss":0,"event_name":"MindBloom","floor":37,"gold_loss":0},{"damage_healed":0,"gold_gain":0,"player_choice":"Fight","damage_taken":0,"max_hp_gain":0,"max_hp_loss":0,"event_name":"Mysterious Sphere","floor":39,"gold_loss":0}],"is_beta":false,"boss_relics":[{"not_picked":["Tiny House","Ring of the Serpent"],"picked":"WristBlade"},{"not_picked":["Calling Bell","Eternal Feather"],"picked":"Empty Cage"}],"items_purged_floors":[14,21,38,44],"is_endless":false,"potions_floor_spawned":[3,4,5,6,11,13,18,19,28,31,35,39],"killed_by":"Maw","ascension_level":0}