{"gold_per_floor":[110,130,144,144,163,188,188,29,78,78,91,121,133],"floor_reached":13,"playtime":641,"items_purged":["Strike_G"],"score":176,"play_id":"ab6d760c-f230-4fb8-ab75-e46429d96f7e","local_time":"20190224152739","is_ascension_mode":true,"campfire_choices":[{"data":"Dagger Throw","floor":7,"key":"SMITH"}],"neow_cost":"NONE","seed_source_timestamp":448999564696212,"circlet_count":0,"master_deck":["AscendersBane","Defend_G","Defend_G","Defend_G","Defend_G","Defend_G","Strike_G","Strike_G","Strike_G","Strike_G","Survivor","Neutralize","Endless Agony","Acrobatics","Dagger Throw+1","Dagger Throw","Caltrops","Doppelganger"],"relics":["Ring of the Snake","NeowsBlessing","Mummified Hand","Bag of Marbles","Omamori","MawBank"],"potions_floor_usage":[12],"damage_taken":[{"damage":0,"enemies":"Jaw Worm","floor":1,"turns":1},{"damage":0,"enemies":"Cultist","floor":2,"turns":1},{"damage":0,"enemies":"2 Louse","floor":3,"turns":1},{"damage":1,"enemies":"Looter","floor":5,"turns":4},{"damage":29,"enemies":"3 Sentries","floor":6,"turns":14},{"damage":0,"enemies":"Exordium Wildlife","floor":11,"turns":2},{"damage":18,"enemies":"Gremlin Nob","floor":12,"turns":3},{"damage":26,"enemies":"Large Slime","floor":13,"turns":4}],"seed_played":"-7172712799133456417","potions_obtained":[{"floor":2,"key":"FearPotion"},{"floor":6,"key":"Fire Potion"}],"is_trial":false,"path_per_floor":["M","M","M","?","M","E","R","$","T","$","M","E","M"],"character_chosen":"THE_SILENT","items_purchased":["Caltrops"],"campfire_rested":0,"item_purchase_floors":[8],"current_hp_per_floor":[59,59,59,59,58,29,29,29,29,29,29,11,0],"gold":133,"neow_bonus":"THREE_ENEMY_KILL","is_prod":false,"is_daily":false,"chose_seed":false,"campfire_upgraded":1,"win_rate":0,"timestamp":1551040059,"path_taken":["M","M","M","?","?","E","R","$","T","?","M","E","M"],"build_version":"2019-01-23","purchased_purges":1,"victory":false,"max_hp_per_floor":[66,66,66,66,66,66,66,66,66,66,66,66,66],"card_choices":[{"not_picked":["Slice","Deflect"],"picked":"Endless Agony","floor":1},{"not_picked":["Underhanded Strike","Bane"],"picked":"Endless Agony","floor":2},{"not_picked":["Calculated Gamble","Slice"],"picked":"Acrobatics","floor":3},{"not_picked":["Catalyst","Blade Dance"],"picked":"Dagger Throw","floor":5},{"not_picked":["Prepared","Outmaneuver"],"picked":"Dagger Throw","floor":6},{"not_picked":["Bane","Escape Plan","Poisoned Stab"],"picked":"SKIP","floor":11},{"not_picked":["Cloak And Dagger","Blade Dance"],"picked":"Doppelganger","floor":12}],"player_experience":838019,"relics_obtained":[{"floor":6,"key":"Bag of Marbles"},{"floor":9,"key":"Omamori"},{"floor":12,"key":"MawBank"}],"event_choices":[{"cards_removed":["Endless Agony"],"damage_healed":0,"gold_gain":0,"player_choice":"Gave Card","damage_taken":0,"relics_obtained":["Mummified Hand"],"max_hp_gain":0,"max_hp_loss":0,"event_name":"WeMeetAgain","floor":4,"gold_loss":0}],"is_beta":false,"boss_relics":[],"items_purged_floors":[8],"is_endless":false,"potions_floor_spawned":[2,6,11],"killed_by":"Large Slime","ascension_level":17}