{"path_per_floor":["M","M","?","M","M","R","?","$","T","M","M","$","M","E","R","B",null,"M","?","?","M","$","R","E","M","T"],"character_chosen":"THE_SILENT","items_purchased":["Accuracy","Noxious Fumes","Omamori","Cloak And Dagger","Dagger Spray"],"gold_per_floor":[110,129,304,323,338,338,338,190,217,230,247,25,37,92,92,189,189,207,207,132,146,52,52,80,92,146,146],"floor_reached":27,"campfire_rested":0,"playtime":1583,"current_hp_per_floor":[68,68,68,68,68,68,68,68,68,66,66,66,66,59,59,44,70,59,59,59,58,58,58,34,24,24,0],"items_purged":["Strike_G"],"gold":146,"score":270,"play_id":"5de0c8ce-a2af-4123-be2e-860d2bdb112b","local_time":"20180511084311","is_prod":false,"is_daily":false,"chose_seed":false,"is_ascension_mode":true,"campfire_upgraded":3,"timestamp":1526053391,"path_taken":["M","M","?","M","?","R","?","$","T","?","M","?","M","E","R","BOSS","M","?","?","M","$","R","E","M","T","M"],"build_version":"2018-05-10","seed_source_timestamp":202832604726588,"purchased_purges":1,"victory":false,"master_deck":["Defend_G","Defend_G","Defend_G","Defend_G","Defend_G","Strike_G","Strike_G","Strike_G","Survivor","Neutralize+1","Dagger Throw","Cloak And Dagger","Backstab","Flying Knee","Accuracy","Parasite","PiercingWail","After Image","Noxious Fumes+1","Poisoned Stab","Well Laid Plans","Tools of the Trade","Footwork","Poisoned Stab","Cloak And Dagger","Dagger Spray+1","Malaise+1","Infinite Blades"],"max_hp_per_floor":[70,70,70,70,70,70,70,70,70,70,70,70,70,70,70,70,70,70,70,70,70,70,70,70,70,70,70],"relics":["Cursed Key","Snake Skull","Omamori","Tiny Chest","Sozu","Shuriken","Question Card","Blood Vial"],"card_choices":[{"not_picked":["Outmaneuver","Bouncing Flask"],"picked":"Dagger Throw","floor":1},{"not_picked":["Riddle With Holes","Skewer"],"picked":"Cloak And Dagger","floor":2},{"not_picked":["Underhanded Strike","Flying Knee"],"picked":"Backstab","floor":4},{"not_picked":["Blade Dance","Riddle With Holes"],"picked":"Flying Knee","floor":5},{"not_picked":["Quick Slash","Outmaneuver"],"picked":"PiercingWail","floor":10},{"not_picked":["Deflect","Deadly Poison"],"picked":"After Image","floor":11},{"not_picked":["Choke","Catalyst"],"picked":"Poisoned Stab","floor":13},{"not_picked":["Underhanded Strike","Deadly Poison"],"picked":"Well Laid Plans","floor":14},{"not_picked":["Doppelganger","Grand Finale"],"picked":"Tools of the Trade","floor":16},{"not_picked":["Outmaneuver","PiercingWail"],"picked":"Footwork","floor":18},{"not_picked":["Dagger Throw","Flying Knee"],"picked":"Poisoned Stab","floor":21},{"not_picked":["Acrobatics","Concentrate"],"picked":"Malaise","floor":24},{"not_picked":["Skewer","Prepared","Blade Dance"],"picked":"Infinite Blades","floor":25}],"player_experience":159248,"potions_floor_usage":[16,16,27],"damage_taken":[{"damage":2,"enemies":"2 Louse","floor":1,"turns":3},{"damage":0,"enemies":"Small Slimes","floor":2,"turns":3},{"damage":0,"enemies":"Cultist","floor":4,"turns":4},{"damage":0,"enemies":"Blue Slaver","floor":5,"turns":3},{"damage":2,"enemies":"Exordium Thugs","floor":10,"turns":4},{"damage":0,"enemies":"3 Louse","floor":11,"turns":3},{"damage":0,"enemies":"Exordium Wildlife","floor":13,"turns":4},{"damage":7,"enemies":"Lagavulin","floor":14,"turns":8},{"damage":15,"enemies":"The Guardian","floor":16,"turns":9},{"damage":11,"enemies":"Spheric Guardian","floor":18,"turns":6},{"damage":1,"enemies":"Chosen","floor":21,"turns":5},{"damage":24,"enemies":"Book of Stabbing","floor":24,"turns":6},{"damage":10,"enemies":"Slaver and Parasite","floor":25,"turns":7},{"damage":29,"enemies":"Snake Plant","floor":27,"turns":2}],"event_choices":[{"event_name":"Liars Game","player_choice":"agreed","floor":3,"damage_taken":0},{"event_name":"Purifier","player_choice":"One Purge","floor":7,"damage_taken":0},{"event_name":"Accursed Blacksmith","player_choice":"Rummage","floor":19,"damage_taken":0},{"event_name":"Beggar","player_choice":"Gave Gold","floor":20,"damage_taken":0}],"boss_relics":[{"not_picked":["Ectoplasm","Runic Dome"],"picked":"Sozu"}],"potions_floor_spawned":[5,10,14,16,18,24],"seed_played":"-8430924806316186563","killed_by":"Snake Plant","ascension_level":3,"is_trial":false}