{"path_per_floor":["M","?","$","M","M","R","M","M","T","?","M","R","E","M","R"],"character_chosen":"DEFECT","items_purchased":["Go for the Eyes"],"gold_per_floor":[114,114,66,81,96,96,111,126,151,151,166,166,196,211,211,211],"floor_reached":16,"campfire_rested":0,"playtime":737,"item_purchase_floors":[3],"current_hp_per_floor":[72,77,77,77,77,77,73,70,70,70,70,70,62,62,62,0],"items_purged":[],"gold":211,"score":104,"play_id":"40491b83-4fe5-4623-a52e-4e5649c412d0","local_time":"20180621161156","daily_mods":["Diverse","Night Terrors","Hoarder"],"is_prod":false,"is_daily":true,"chose_seed":false,"is_ascension_mode":false,"campfire_upgraded":3,"win_rate":0,"timestamp":1529622716,"campfire_choices":[{"data":"Zap","floor":6,"key":"SMITH"},{"data":"Shrug It Off","floor":12,"key":"SMITH"},{"data":"Go for the Eyes","floor":15,"key":"SMITH"}],"path_taken":["M","?","$","M","M","R","M","M","T","?","M","R","E","M","R","BOSS"],"build_version":"2018-06-14v2","seed_source_timestamp":0,"purchased_purges":0,"victory":false,"master_deck":["Strike_B","Strike_B","Strike_B","Strike_B","Defend_B","Defend_B","Defend_B","Defend_B","Zap+1","Dualcast+1","Go for the Eyes+1","Go for the Eyes","Go for the Eyes","Leap","Leap","Leap","Shrug It Off+1","Shrug It Off","Shrug It Off","Injury","Injury","Injury"],"max_hp_per_floor":[75,80,80,80,80,80,80,80,80,80,80,80,80,80,80,80],"special_seed":17703,"relics":["Cracked Core","Vajra","Boot"],"card_choices":[{"not_picked":["Scrape","Doom and Gloom","Rupture"],"picked":"SKIP","floor":1},{"not_picked":["Dual Wield","Go for the Eyes"],"picked":"Leap","floor":4},{"not_picked":["Havoc","Clash","Flex"],"picked":"SKIP","floor":5},{"not_picked":["Body Slam","Stack"],"picked":"Shrug It Off","floor":7},{"not_picked":["Turbo","True Grit","Redo"],"picked":"SKIP","floor":8},{"not_picked":["Fusion","Warcry","Acrobatics"],"picked":"SKIP","floor":11},{"not_picked":["Fusion","Warcry","Acrobatics"],"picked":"SKIP","floor":11},{"not_picked":["Flying Knee","Headbutt","Poisoned Stab"],"picked":"SKIP","floor":13},{"not_picked":["Armaments","Disarm","Headbutt"],"picked":"SKIP","floor":14}],"player_experience":207943,"potions_floor_usage":[16],"damage_taken":[{"damage":3,"enemies":"Jaw Worm","floor":1,"turns":3},{"damage":0,"enemies":"Small Slimes","floor":4,"turns":3},{"damage":0,"enemies":"2 Louse","floor":5,"turns":2},{"damage":4,"enemies":"Exordium Thugs","floor":7,"turns":5},{"damage":3,"enemies":"Lots of Slimes","floor":8,"turns":5},{"damage":0,"enemies":"Blue Slaver","floor":11,"turns":3},{"damage":8,"enemies":"Lagavulin","floor":13,"turns":9},{"damage":0,"enemies":"2 Fungi Beasts","floor":14,"turns":3},{"damage":64,"enemies":"Hexaghost","floor":16,"turns":16}],"relics_obtained":[{"floor":9,"key":"Vajra"},{"floor":13,"key":"Boot"}],"event_choices":[{"event_name":"Big Fish","player_choice":"Donut","floor":2,"damage_taken":0},{"event_name":"Accursed Blacksmith","player_choice":"Forge","floor":10,"damage_taken":0}],"boss_relics":[],"items_purged_floors":[],"is_endless":false,"potions_floor_spawned":[1,5,8,13],"seed_played":"-2047804934668331113","killed_by":"Hexaghost","ascension_level":0,"potions_obtained":[{"floor":1,"key":"Poison Potion"},{"floor":5,"key":"EssenceOfSteel"},{"floor":8,"key":"Poison Potion"},{"floor":13,"key":"Energy Potion"}],"is_trial":false}