{"gold_per_floor":[115,190,204,219,27,27,94,94,94,94,158,158,169,14,14,14],"floor_reached":16,"playtime":295,"items_purged":["Strike_R"],"score":92,"play_id":"9a48a81f-4055-434f-8d11-74378eef17be","local_time":"20190210183553","is_ascension_mode":false,"campfire_choices":[{"data":"HandOfGreed","floor":6,"key":"SMITH"},{"data":"Flame Barrier","floor":8,"key":"SMITH"},{"data":"1","floor":15,"key":"LIFT"}],"neow_cost":"NONE","seed_source_timestamp":2053076057891542,"circlet_count":0,"master_deck":["Strike_R","Strike_R","Strike_R","Strike_R","Defend_R","Defend_R","Defend_R","Defend_R","Bash","Headbutt","Flame Barrier+1","Shrug It Off","HandOfGreed+1","Entrench","Shrug It Off","Immolate"],"relics":["Runic Dome","Girya"],"potions_floor_usage":[],"damage_taken":[{"damage":7,"enemies":"Small Slimes","floor":1,"turns":4},{"damage":0,"enemies":"2 Louse","floor":3,"turns":3},{"damage":3,"enemies":"Jaw Worm","floor":4,"turns":3},{"damage":7,"enemies":"Exordium Thugs","floor":7,"turns":3},{"damage":7,"enemies":"Large Slime","floor":11,"turns":8},{"damage":0,"enemies":"3 Louse","floor":13,"turns":2},{"damage":0,"enemies":"Hexaghost","floor":16,"turns":1}],"seed_played":"2223248922641600720","potions_obtained":[{"floor":7,"key":"FearPotion"},{"floor":11,"key":"Dexterity Potion"}],"is_trial":false,"path_per_floor":["M","?","M","M","$","R","M","R","T","?","M","?","M","$","R","B"],"character_chosen":"IRONCLAD","items_purchased":["HandOfGreed","Immolate"],"campfire_rested":0,"item_purchase_floors":[5,14],"current_hp_per_floor":[73,62,62,59,59,59,52,52,52,78,71,71,71,71,71,71],"gold":14,"neow_bonus":"BOSS_RELIC","is_prod":false,"is_daily":false,"chose_seed":false,"campfire_upgraded":2,"win_rate":0,"timestamp":1549841753,"path_taken":["M","?","M","M","$","R","M","R","T","?","M","?","?","$","R","BOSS"],"build_version":"2019-01-23","purchased_purges":1,"victory":false,"max_hp_per_floor":[80,80,80,80,80,80,80,80,80,80,80,80,80,80,80,80],"card_choices":[{"not_picked":["Anger","Thunderclap"],"picked":"Headbutt","floor":1},{"not_picked":["Blood for Blood","Havoc"],"picked":"Flame Barrier","floor":3},{"not_picked":["Seeing Red","Perfected Strike"],"picked":"Shrug It Off","floor":4},{"not_picked":["Clash","Rampage"],"picked":"Entrench","floor":7},{"not_picked":["Perfected Strike","Spot Weakness","Anger"],"picked":"SKIP","floor":11},{"not_picked":["Metallicize","True Grit"],"picked":"Shrug It Off","floor":13}],"player_experience":718702,"relics_obtained":[{"floor":9,"key":"Girya"}],"event_choices":[{"damage_healed":0,"gold_gain":75,"player_choice":"Gather Gold","damage_taken":11,"max_hp_gain":0,"max_hp_loss":0,"event_name":"World of Goop","floor":2,"gold_loss":0},{"damage_healed":26,"gold_gain":0,"player_choice":"Banana","damage_taken":0,"max_hp_gain":0,"max_hp_loss":0,"event_name":"Big Fish","floor":10,"gold_loss":0},{"damage_healed":0,"gold_gain":0,"player_choice":"Searched \u00270\u0027 times","damage_taken":0,"max_hp_gain":0,"max_hp_loss":0,"event_name":"Dead Adventurer","floor":12,"gold_loss":0}],"is_beta":false,"boss_relics":[],"items_purged_floors":[14],"is_endless":false,"potions_floor_spawned":[7,11],"killed_by":"Hexaghost","ascension_level":0}