{"path_per_floor":["M","M","?","?","?","E","M","R","T","?","$","M","M","?","R"],"character_chosen":"DEFECT","items_purchased":["Shrug It Off","Terror","Self Repair"],"gold_per_floor":[114,129,129,129,129,159,174,174,199,199,31,46,61,61,61,61],"floor_reached":16,"campfire_rested":0,"playtime":625,"item_purchase_floors":[11,11,11],"current_hp_per_floor":[72,72,77,77,70,34,29,29,29,26,26,47,52,32,32,0],"items_purged":[],"gold":61,"score":100,"play_id":"f2ddd826-eadc-4693-b4a7-ac516de19f2d","local_time":"20180621155923","daily_mods":["Diverse","Night Terrors","Hoarder"],"is_prod":false,"is_daily":true,"chose_seed":false,"is_ascension_mode":false,"campfire_upgraded":2,"win_rate":0,"timestamp":1529621963,"campfire_choices":[{"data":"Dualcast","floor":8,"key":"SMITH"},{"data":"Redo","floor":15,"key":"SMITH"}],"path_taken":["M","M","?","?","?","E","?","R","T","?","?","M","?","?","R","BOSS"],"build_version":"2018-06-14v2","seed_source_timestamp":0,"purchased_purges":0,"victory":false,"master_deck":["Strike_B","Strike_B","Strike_B","Defend_B","Defend_B","Defend_B","Defend_B","Zap+1","Dualcast+1","Pommel Strike","Pommel Strike","Pommel Strike","Shrug It Off","Shrug It Off","Shrug It Off","Terror","Terror","Terror","Self Repair","Self Repair","Self Repair","Redo","Redo+1","Redo"],"max_hp_per_floor":[75,75,80,80,80,80,80,80,80,80,80,80,80,80,80,80],"special_seed":17703,"relics":["Cracked Core","Vajra","Boot","Oddly Smooth Stone","Golden Idol"],"card_choices":[{"not_picked":["Scrape","Doom and Gloom","Rupture"],"picked":"SKIP","floor":1},{"not_picked":["Armaments","Ghostly Armor","Clothesline"],"picked":"SKIP","floor":2},{"not_picked":["Armaments","BootSequence","Iron Wave"],"picked":"SKIP","floor":6},{"not_picked":["Consume","Chaos"],"picked":"Pommel Strike","floor":7},{"not_picked":["Turbo","True Grit"],"picked":"Redo","floor":12},{"not_picked":["Fusion","Warcry","Acrobatics"],"picked":"SKIP","floor":13}],"player_experience":207318,"potions_floor_usage":[16,16],"damage_taken":[{"damage":3,"enemies":"Jaw Worm","floor":1,"turns":3},{"damage":0,"enemies":"Small Slimes","floor":2,"turns":3},{"damage":36,"enemies":"Lagavulin","floor":6,"turns":8},{"damage":5,"enemies":"2 Louse","floor":7,"turns":3},{"damage":0,"enemies":"Exordium Thugs","floor":12,"turns":5},{"damage":9,"enemies":"Lots of Slimes","floor":13,"turns":4},{"damage":34,"enemies":"Hexaghost","floor":16,"turns":9}],"relics_obtained":[{"floor":6,"key":"Vajra"},{"floor":9,"key":"Boot"}],"event_choices":[{"event_name":"Big Fish","player_choice":"Donut","floor":3,"damage_taken":0},{"event_name":"Accursed Blacksmith","player_choice":"Forge","floor":4,"damage_taken":0},{"event_name":"Golden Wing","player_choice":"Card Removal","floor":5,"damage_taken":0},{"event_name":"Scrap Ooze","player_choice":"success","floor":10,"damage_taken":3},{"event_name":"Golden Idol","player_choice":"Take Damage","floor":14,"damage_taken":0}],"boss_relics":[],"items_purged_floors":[],"is_endless":false,"potions_floor_spawned":[1,6,13],"seed_played":"-2047804934668331113","killed_by":"Hexaghost","ascension_level":0,"potions_obtained":[{"floor":1,"key":"Poison Potion"},{"floor":6,"key":"Dexterity Potion"},{"floor":13,"key":"Poison Potion"}],"is_trial":false}