{"gold_per_floor":[112,112,287,212,226,238,252,152,224,224,251,201,229,54,54,159,209,222,72,72,72],"floor_reached":21,"playtime":708,"items_purged":["Doubt","Strike_R","Defend_R","Defend_R"],"score":185,"play_id":"920abc7c-3ad0-41f6-b0e3-1de2c86f7bd0","local_time":"20190228193641","is_ascension_mode":false,"campfire_choices":[{"floor":10,"key":"REST"},{"floor":15,"key":"REST"}],"neow_cost":"NONE","seed_source_timestamp":809520218906477,"circlet_count":0,"master_deck":["Strike_R","Strike_R","Defend_R+1","Defend_R","Bash","Shrug It Off","Demon Form"],"relics":["Burning Blood","Mercury Hourglass","Red Skull","Dream Catcher","Tiny House"],"potions_floor_usage":[16],"damage_taken":[{"damage":1,"enemies":"Cultist","floor":1,"turns":3},{"damage":0,"enemies":"Small Slimes","floor":5,"turns":5},{"damage":0,"enemies":"2 Louse","floor":6,"turns":3},{"damage":41,"enemies":"Large Slime","floor":7,"turns":13},{"damage":29,"enemies":"3 Sentries","floor":11,"turns":8},{"damage":49,"enemies":"Lagavulin","floor":13,"turns":6},{"damage":31,"enemies":"The Guardian","floor":16,"turns":15},{"damage":24,"enemies":"Spheric Guardian","floor":18,"turns":11},{"damage":3,"enemies":"3 Byrds","floor":21,"turns":1}],"seed_played":"5694554280570933556","potions_obtained":[{"floor":13,"key":"SneckoOil"},{"floor":16,"key":"SmokeBomb"},{"floor":17,"key":"Weak Potion"},{"floor":18,"key":"PowerPotion"}],"is_trial":false,"path_per_floor":["M","?","?","$","M","M","M","$","T","R","E","?","E","$","R","B",null,"M","$","?","M"],"character_chosen":"IRONCLAD","items_purchased":["Block Potion"],"campfire_rested":2,"item_purchase_floors":[14],"current_hp_per_floor":[80,85,85,85,85,85,50,50,50,75,52,52,9,9,34,9,90,72,72,72,69],"gold":72,"neow_bonus":"REMOVE_CARD","is_prod":false,"is_daily":false,"chose_seed":false,"campfire_upgraded":0,"win_rate":0,"timestamp":1551400601,"path_taken":["M","?","?","$","M","M","M","$","T","R","E","?","E","$","R","BOSS","M","$","?","M"],"build_version":"2019-01-23","purchased_purges":4,"victory":false,"max_hp_per_floor":[80,85,85,85,85,85,85,85,85,85,85,85,85,85,85,85,90,90,90,90,90],"card_choices":[{"not_picked":["Heavy Blade","Wild Strike","Clothesline"],"picked":"SKIP","floor":1},{"not_picked":["Anger","Perfected Strike","Pommel Strike"],"picked":"SKIP","floor":5},{"not_picked":["Combust","Blood for Blood","Armaments"],"picked":"SKIP","floor":6},{"not_picked":["Exhume","Anger","Reckless Charge"],"picked":"SKIP","floor":7},{"not_picked":["Heavy Blade","Dark Embrace","Entrench"],"picked":"SKIP","floor":11},{"not_picked":["Burning Pact","Pommel Strike"],"picked":"Shrug It Off","floor":13},{"not_picked":["Berserk","Dark Embrace"],"picked":"Demon Form","floor":16},{"not_picked":["Inflame","Ghostly Armor","Anger"],"picked":"SKIP","floor":18}],"player_experience":853426,"relics_obtained":[{"floor":9,"key":"Mercury Hourglass"},{"floor":11,"key":"Red Skull"},{"floor":13,"key":"Dream Catcher"}],"event_choices":[{"damage_healed":0,"gold_gain":0,"player_choice":"Donut","damage_taken":0,"max_hp_gain":5,"max_hp_loss":0,"event_name":"Big Fish","floor":2,"gold_loss":0},{"damage_healed":0,"gold_gain":175,"player_choice":"AGREE","damage_taken":0,"max_hp_gain":0,"max_hp_loss":0,"event_name":"Liars Game","floor":3,"gold_loss":0,"cards_obtained":["Doubt"]},{"cards_removed":["Strike_R"],"damage_healed":0,"gold_gain":0,"player_choice":"Card Removal","damage_taken":0,"max_hp_gain":0,"max_hp_loss":0,"event_name":"The Cleric","floor":12,"gold_loss":50}],"is_beta":false,"boss_relics":[{"not_picked":["Sozu","Fusion Hammer"],"picked":"Tiny House"}],"items_purged_floors":[4,8,14,19],"is_endless":false,"potions_floor_spawned":[13,16,18],"killed_by":"3 Byrds","ascension_level":0}