{"gold_per_floor":[211,211,211,226,246,246,262,262,262,278,278,49,73,73,73,73],"floor_reached":16,"playtime":585,"items_purged":[],"score":144,"play_id":"b79c0040-6d37-443b-88a3-e7f83a68a3d0","local_time":"20190220204407","is_ascension_mode":true,"campfire_choices":[{"data":"Whirlwind","floor":6.0,"key":"SMITH"},{"data":"Armaments","floor":8.0,"key":"SMITH"},{"data":"Bash","floor":11.0,"key":"SMITH"},{"data":"Metallicize","floor":15.0,"key":"SMITH"}],"neow_cost":"NONE","seed_source_timestamp":45826653802154,"circlet_count":0,"master_deck":["AscendersBane","Strike_R","Strike_R","Strike_R","Defend_R","Defend_R","Defend_R","Defend_R","Bash+1","Whirlwind+1","Armaments+1","Metallicize+1","Impervious","Iron Wave","Inflame"],"special_seed":0,"relics":["Burning Blood","Charon\u0027s Ashes","Odd Mushroom","Toxic Egg 2"],"potions_floor_usage":[16,16],"damage_taken":[{"damage":4.0,"enemies":"2 Louse","floor":1.0,"turns":4.0},{"damage":12.0,"enemies":"Small Slimes","floor":4.0,"turns":2.0},{"damage":1.0,"enemies":"Cultist","floor":5.0,"turns":4.0},{"damage":22.0,"enemies":"Exordium Thugs","floor":7.0,"turns":6.0},{"damage":14.0,"enemies":"Large Slime","floor":10.0,"turns":8.0},{"damage":0.0,"enemies":"The Mushroom Lair","floor":13.0,"turns":2.0},{"damage":63,"enemies":"Hexaghost","floor":16,"turns":14}],"seed_played":"-1211074952592410529","potions_obtained":[{"floor":1.0,"key":"AttackPotion"},{"floor":4.0,"key":"Regen Potion"},{"floor":13.0,"key":"Ancient Potion"}],"is_trial":false,"path_per_floor":["M","?","?","M","M","R","M","R","T","M","R","$","?","T","R","B"],"character_chosen":"IRONCLAD","items_purchased":["Metallicize","Impervious","Iron Wave"],"campfire_rested":0,"item_purchase_floors":[12,12,12],"current_hp_per_floor":[74,67,67,61,66,66,65,65,65,57,57,57,63,63,63,0],"gold":73,"neow_bonus":"HUNDRED_GOLD","is_prod":false,"is_daily":false,"chose_seed":false,"campfire_upgraded":4,"win_rate":0,"timestamp":1550724247,"path_taken":["M","?","?","?","M","R","M","R","T","M","R","?","?","?","R","BOSS"],"build_version":"2019-01-23","purchased_purges":0,"victory":false,"max_hp_per_floor":[80,80,80,80,80,80,80,80,80,80,80,80,80,80,80,80],"card_choices":[{"not_picked":["Disarm","True Grit"],"picked":"Whirlwind","floor":1.0},{"not_picked":["Intimidate","Reckless Charge","Havoc"],"picked":"SKIP","floor":4.0},{"not_picked":["Anger","Pommel Strike","Heavy Blade"],"picked":"SKIP","floor":5.0},{"not_picked":["Intimidate","Body Slam"],"picked":"Armaments","floor":7.0},{"not_picked":["Clothesline","Corruption","Infernal Blade"],"picked":"SKIP","floor":10.0},{"not_picked":["Armaments","Anger"],"picked":"Inflame","floor":13.0}],"player_experience":446691,"relics_obtained":[{"floor":9.0,"key":"Charon\u0027s Ashes"},{"floor":13.0,"key":"Odd Mushroom"},{"floor":14.0,"key":"Toxic Egg 2"}],"event_choices":[{"cards_removed":["Strike_R"],"damage_healed":0.0,"max_hp_gain":0.0,"max_hp_loss":0.0,"gold_gain":0.0,"event_name":"Golden Wing","player_choice":"Card Removal","floor":2.0,"gold_loss":0.0,"damage_taken":7.0},{"cards_removed":["Strike_R"],"damage_healed":0.0,"max_hp_gain":0.0,"max_hp_loss":0.0,"gold_gain":0.0,"event_name":"Bonfire Elementals","player_choice":"Offered Basic","floor":3.0,"gold_loss":0.0,"damage_taken":0.0},{"damage_healed":0.0,"max_hp_gain":0.0,"max_hp_loss":0.0,"gold_gain":0.0,"event_name":"Mushrooms","player_choice":"Fought Mushrooms","floor":13.0,"gold_loss":0.0,"damage_taken":0.0}],"is_beta":false,"boss_relics":[],"items_purged_floors":[],"is_endless":false,"potions_floor_spawned":[1,4,13],"killed_by":"Hexaghost","ascension_level":12}