{"gold_per_floor":[116,66,66,83,95,95,118,118,118,118,128,53,65,76,76,76],"floor_reached":16,"playtime":630,"items_purged":["Doubt"],"score":138,"play_id":"6a1d8da9-0982-4213-a8a9-9061f4d8b168","local_time":"20190216080901","is_ascension_mode":true,"campfire_choices":[{"data":"Zap","floor":6,"key":"SMITH"},{"data":"Dualcast","floor":8,"key":"SMITH"},{"data":"Genetic Algorithm","floor":10,"key":"SMITH"},{"floor":15,"key":"REST"}],"neow_cost":"NONE","seed_source_timestamp":190090454349056,"circlet_count":0,"master_deck":["AscendersBane","Strike_B","Strike_B","Strike_B","Defend_B","Defend_B","Defend_B","Defend_B","Zap+1","Dualcast+1","Clumsy","Genetic Algorithm+1","Coolheaded","Cold Snap","Self Repair"],"relics":["Calling Bell","Happy Flower","Gremlin Horn","Unceasing Top","Anchor","Kunai"],"potions_floor_usage":[16],"damage_taken":[{"damage":16,"enemies":"Jaw Worm","floor":1,"turns":5},{"damage":18,"enemies":"Cultist","floor":4,"turns":6},{"damage":5,"enemies":"Small Slimes","floor":5,"turns":4},{"damage":1,"enemies":"2 Fungi Beasts","floor":11,"turns":5},{"damage":0,"enemies":"Blue Slaver","floor":13,"turns":4},{"damage":3,"enemies":"Large Slime","floor":14,"turns":8},{"damage":48,"enemies":"Slime Boss","floor":16,"turns":7}],"seed_played":"3075518508693227282","potions_obtained":[{"floor":1,"key":"SpeedPotion"},{"floor":11,"key":"EssenceOfSteel"},{"floor":13,"key":"PowerPotion"}],"is_trial":false,"path_per_floor":["M","?","?","M","M","R","T","R","T","R","M","$","M","M","R","B"],"character_chosen":"DEFECT","items_purchased":[],"campfire_rested":1,"item_purchase_floors":[],"current_hp_per_floor":[52,52,52,34,29,29,29,29,29,29,28,28,28,25,47,0],"gold":76,"neow_bonus":"BOSS_RELIC","is_prod":false,"is_daily":false,"chose_seed":false,"campfire_upgraded":3,"win_rate":0,"timestamp":1550333341,"path_taken":["M","?","?","?","M","R","?","R","T","R","?","$","M","?","R","BOSS"],"build_version":"2019-01-23","purchased_purges":1,"victory":false,"max_hp_per_floor":[75,75,75,75,75,75,75,75,75,75,75,75,75,75,75,75],"card_choices":[{"not_picked":["Streamline","Hologram","BootSequence"],"picked":"SKIP","floor":1},{"not_picked":["Genetic Algorithm","Gash"],"picked":"Coolheaded","floor":4},{"not_picked":["Barrage","Force Field","Fusion"],"picked":"SKIP","floor":5},{"not_picked":["Aggregate","Fission"],"picked":"Cold Snap","floor":11},{"not_picked":["Hologram","Steam","Gash"],"picked":"SKIP","floor":13},{"not_picked":["Cold Snap","Leap"],"picked":"Self Repair","floor":14}],"player_experience":392629,"relics_obtained":[{"floor":0,"key":"Happy Flower"},{"floor":0,"key":"Gremlin Horn"},{"floor":0,"key":"Unceasing Top"},{"floor":7,"key":"Anchor"},{"floor":9,"key":"Kunai"}],"event_choices":[{"cards_removed":["Regret"],"damage_healed":0,"gold_gain":0,"player_choice":"Card Removal","damage_taken":0,"max_hp_gain":0,"max_hp_loss":0,"event_name":"The Cleric","floor":2,"gold_loss":50},{"damage_healed":0,"gold_gain":0,"cards_transformed":["Strike_B"],"player_choice":"Transformed","damage_taken":0,"max_hp_gain":0,"max_hp_loss":0,"event_name":"Transmorgrifier","floor":3,"gold_loss":0,"cards_obtained":["Genetic Algorithm"]}],"is_beta":false,"boss_relics":[],"items_purged_floors":[12],"is_endless":false,"potions_floor_spawned":[1,11,13],"killed_by":"Slime Boss","ascension_level":10}