{"gold_per_floor":[216,226,226,239,255,255,281,281,281,314,314,340,305,337,337,414,414,431,213,313,325,342,342,342,342,342,322,337,372,392,405,405,481,481,496,496,496,511,556,556,56,66,90,115,115,149,0,17,17,17],"floor_reached":51,"playtime":3048,"items_purged":["Strike_R","Regret"],"score":1475,"play_id":"4fcc11b5-c88d-460d-ac4b-8efd06cbc392","local_time":"20190224225739","is_ascension_mode":true,"campfire_choices":[{"data":"Body Slam","floor":6,"key":"SMITH"},{"data":"Barricade","floor":8,"key":"SMITH"},{"floor":11,"key":"REST"},{"data":"Impervious","floor":15,"key":"SMITH"},{"data":"True Grit","floor":23,"key":"SMITH"},{"data":"Armaments","floor":25,"key":"SMITH"},{"data":"Flame Barrier","floor":32,"key":"SMITH"},{"floor":40,"key":"REST"},{"data":"Demon Form","floor":45,"key":"SMITH"},{"floor":49,"key":"REST"}],"neow_cost":"NONE","seed_source_timestamp":116592291531367,"circlet_count":0,"master_deck":["AscendersBane","Strike_R+1","Strike_R+1","Strike_R+1","Defend_R+1","Defend_R+1","Defend_R+1","Defend_R+1","Bash+1","Ghostly Armor","Spot Weakness+1","Body Slam+1","Barricade+1","Impervious+1","Battle Trance","Juggernaut","True Grit+1","Iron Wave","Armaments+1","Flame Barrier+1","Shrug It Off","Demon Form+1","Madness","Madness","Uppercut+1","Pain"],"relics":["Burning Blood","Vajra","The Courier","Pocketwatch","Unceasing Top","Meat on the Bone","Cursed Key","Boot","Ginger","Letter Opener","Bottled Flame","Regal Pillow","Busted Crown","Ice Cream","Lee\u0027s Waffle","Torii","Blood Vial","Whetstone","Toxic Egg 2","Red Mask"],"potions_floor_usage":[4,7,20,20,22,29,33,42,50,50],"damage_taken":[{"damage":3,"enemies":"Small Slimes","floor":1,"turns":5},{"damage":0,"enemies":"Cultist","floor":2,"turns":4},{"damage":2,"enemies":"Jaw Worm","floor":4,"turns":5},{"damage":9,"enemies":"2 Fungi Beasts","floor":5,"turns":4},{"damage":30,"enemies":"Lagavulin","floor":7,"turns":7},{"damage":35,"enemies":"3 Sentries","floor":10,"turns":8},{"damage":34,"enemies":"Gremlin Nob","floor":12,"turns":4},{"damage":0,"enemies":"3 Sentries","floor":14,"turns":8},{"damage":0,"enemies":"Hexaghost","floor":16,"turns":9},{"damage":2,"enemies":"Chosen","floor":18,"turns":5},{"damage":44,"enemies":"Colosseum Slavers","floor":20,"turns":5},{"damage":34,"enemies":"Colosseum Nobs","floor":20,"turns":5},{"damage":0,"enemies":"Spheric Guardian","floor":21,"turns":4},{"damage":15,"enemies":"Shelled Parasite and Fungi","floor":22,"turns":6},{"damage":5,"enemies":"Centurion and Healer","floor":28,"turns":7},{"damage":6,"enemies":"Book of Stabbing","floor":29,"turns":6},{"damage":0,"enemies":"Snake Plant","floor":30,"turns":3},{"damage":12,"enemies":"Shelled Parasite and Fungi","floor":31,"turns":6},{"damage":42,"enemies":"Collector","floor":33,"turns":11},{"damage":7,"enemies":"3 Shapes","floor":35,"turns":6},{"damage":6,"enemies":"Orb Walker","floor":38,"turns":4},{"damage":42,"enemies":"2 Orb Walkers","floor":39,"turns":6},{"damage":44,"enemies":"3 Darklings","floor":42,"turns":6},{"damage":10,"enemies":"Giant Head","floor":44,"turns":8},{"damage":39,"enemies":"Nemesis","floor":46,"turns":8},{"damage":12,"enemies":"4 Shapes","floor":48,"turns":7},{"damage":1,"enemies":"Time Eater","floor":50,"turns":7}],"seed_played":"-6896974161565644094","potions_obtained":[{"floor":2,"key":"Fruit Juice"},{"floor":4,"key":"BloodPotion"},{"floor":12,"key":"LiquidBronze"},{"floor":14,"key":"Ancient Potion"},{"floor":16,"key":"BloodPotion"},{"floor":20,"key":"Explosive Potion"},{"floor":21,"key":"Dexterity Potion"},{"floor":27,"key":"PowerPotion"},{"floor":29,"key":"FearPotion"},{"floor":33,"key":"Energy Potion"},{"floor":39,"key":"Regen Potion"},{"floor":44,"key":"FearPotion"}],"is_trial":false,"path_per_floor":["M","M","?","M","M","R","E","R","T","E","R","E","?","E","R","B",null,"M","$","?","M","M","R","?","R","T","?","M","E","M","M","R","B",null,"M","?","?","M","?","R","$","M","T","E","R","E","?","M","R","B",null],"character_chosen":"IRONCLAD","items_purchased":["Iron Wave","Boot","Lee\u0027s Waffle","Torii","Uppercut"],"campfire_rested":3,"item_purchase_floors":[19,19,41,41,41],"current_hp_per_floor":[71,75,75,80,77,77,61,61,61,32,56,28,48,54,54,60,75,79,79,33,51,54,54,54,54,54,54,55,55,61,55,55,31,68,67,57,57,57,33,72,87,54,54,52,52,33,33,41,82,87],"gold":17,"neow_bonus":"HUNDRED_GOLD","is_prod":false,"is_daily":false,"chose_seed":false,"campfire_upgraded":7,"win_rate":0,"timestamp":1551077859,"path_taken":["M","M","?","?","M","R","E","R","T","E","R","E","?","E","R","BOSS","M","$","?","M","M","R","?","R","T","?","?","E","M","M","R","BOSS","M","?","?","M","?","R","$","M","T","E","R","E","?","M","R","BOSS"],"build_version":"2019-01-23","purchased_purges":2,"victory":true,"max_hp_per_floor":[75,75,75,80,80,80,80,80,80,80,80,80,80,80,80,80,80,80,80,80,80,80,80,80,80,80,80,80,80,80,80,80,80,80,80,80,80,80,80,80,87,87,87,87,87,87,87,87,87,87],"card_choices":[{"not_picked":["Havoc","Clothesline"],"picked":"Ghostly Armor","floor":1},{"not_picked":["Sword Boomerang","Wild Strike"],"picked":"Spot Weakness","floor":2},{"not_picked":["Perfected Strike","Spot Weakness","Corruption"],"picked":"SKIP","floor":4},{"not_picked":["Wild Strike","Havoc"],"picked":"Body Slam","floor":5},{"not_picked":["Headbutt","Infernal Blade"],"picked":"Barricade","floor":7},{"not_picked":["Rupture","Pommel Strike","Wild Strike"],"picked":"SKIP","floor":10},{"not_picked":["Rage","Wild Strike"],"picked":"Impervious","floor":12},{"not_picked":["Rupture","True Grit"],"picked":"Battle Trance","floor":14},{"not_picked":["Fiend Fire","Brutality"],"picked":"Juggernaut","floor":16},{"not_picked":["Headbutt","Evolve"],"picked":"True Grit","floor":18},{"not_picked":["Iron Wave","Barricade"],"picked":"Armaments","floor":21},{"not_picked":["Headbutt","Twin Strike","Flex"],"picked":"SKIP","floor":22},{"not_picked":["Blood for Blood","Armaments","Iron Wave"],"picked":"SKIP","floor":28},{"not_picked":["Whirlwind","Sentinel"],"picked":"Flame Barrier","floor":29},{"not_picked":["Headbutt","Clothesline"],"picked":"Shrug It Off","floor":30},{"not_picked":["Wild Strike","Pommel Strike+1","Havoc"],"picked":"SKIP","floor":31},{"not_picked":["Offering","Limit Break"],"picked":"Demon Form","floor":33},{"not_picked":["Sword Boomerang"],"picked":"SKIP","floor":35},{"not_picked":["Feel No Pain"],"picked":"SKIP","floor":38},{"not_picked":["Cleave+1"],"picked":"SKIP","floor":42},{"not_picked":["Iron Wave"],"picked":"SKIP","floor":44},{"not_picked":["Anger"],"picked":"SKIP","floor":46},{"not_picked":["Feel No Pain+1"],"picked":"SKIP","floor":48}],"player_experience":510536,"relics_obtained":[{"floor":7,"key":"Vajra"},{"floor":9,"key":"The Courier"},{"floor":10,"key":"Pocketwatch"},{"floor":12,"key":"Unceasing Top"},{"floor":14,"key":"Meat on the Bone"},{"floor":20,"key":"Ginger"},{"floor":20,"key":"Letter Opener"},{"floor":26,"key":"Bottled Flame"},{"floor":29,"key":"Regal Pillow"},{"floor":39,"key":"Ice Cream"},{"floor":43,"key":"Blood Vial"},{"floor":44,"key":"Whetstone"},{"floor":46,"key":"Toxic Egg 2"}],"event_choices":[{"damage_healed":0,"gold_gain":0,"player_choice":"Upgraded","damage_taken":0,"max_hp_gain":0,"max_hp_loss":0,"event_name":"Upgrade Shrine","floor":3,"gold_loss":0,"cards_upgraded":["Spot Weakness"]},{"damage_healed":20,"gold_gain":0,"player_choice":"Healed","damage_taken":0,"max_hp_gain":0,"max_hp_loss":0,"event_name":"The Cleric","floor":13,"gold_loss":35},{"damage_healed":0,"gold_gain":0,"player_choice":"Fight","damage_taken":0,"max_hp_gain":0,"max_hp_loss":0,"event_name":"Colosseum","floor":20,"gold_loss":0},{"damage_healed":0,"gold_gain":0,"player_choice":"Fought Nobs","damage_taken":0,"max_hp_gain":0,"max_hp_loss":0,"event_name":"Colosseum","floor":20,"gold_loss":0},{"damage_healed":0,"gold_gain":0,"player_choice":"Simplicity","damage_taken":0,"max_hp_gain":0,"max_hp_loss":0,"event_name":"Back to Basics","floor":24,"gold_loss":0,"cards_upgraded":["Strike_R","Strike_R","Strike_R","Strike_R","Defend_R","Defend_R","Defend_R","Defend_R"]},{"damage_healed":0,"gold_gain":0,"player_choice":"Bought 1 Potion","damage_taken":0,"max_hp_gain":0,"max_hp_loss":0,"event_name":"The Woman in Blue","floor":27,"gold_loss":0},{"damage_healed":0,"gold_gain":0,"player_choice":"Embrace Madness","damage_taken":10,"max_hp_gain":0,"max_hp_loss":0,"event_name":"Winding Halls","floor":36,"gold_loss":0,"cards_obtained":["Madness","Madness"]},{"cards_removed":["Strike_R"],"damage_healed":0,"gold_gain":0,"player_choice":"Removed Attack","damage_taken":0,"max_hp_gain":0,"max_hp_loss":0,"event_name":"Falling","floor":37,"gold_loss":0},{"damage_healed":0,"gold_gain":0,"player_choice":"Fight","damage_taken":0,"max_hp_gain":0,"max_hp_loss":0,"event_name":"Mysterious Sphere","floor":39,"gold_loss":0},{"damage_healed":0,"gold_gain":0,"player_choice":"Paid","damage_taken":0,"relics_obtained":["Red Mask"],"max_hp_gain":0,"max_hp_loss":0,"event_name":"Tomb of Lord Red Mask","floor":47,"gold_loss":149}],"is_beta":false,"boss_relics":[{"not_picked":["Empty Cage","Black Star"],"picked":"Cursed Key"},{"not_picked":["Orrery","White Beast Statue"],"picked":"Busted Crown"}],"items_purged_floors":[19,41],"is_endless":false,"potions_floor_spawned":[2,4,12,14,16,20,21,28,29,33,38,39,44],"ascension_level":14}