{"gold_per_floor":[109,127,127,138,57,57,57,57,57,57,88,88,118,143,143,232,232,256,269,285,310],"floor_reached":21,"playtime":967,"items_purged":[],"score":404,"play_id":"051d5b70-480b-4d2e-9b1e-17cb2f4c7883","local_time":"20190125105754","is_ascension_mode":true,"campfire_choices":[{"data":"Barricade","floor":6,"key":"SMITH"},{"data":"Flame Barrier","floor":8,"key":"SMITH"},{"data":"Body Slam","floor":15,"key":"SMITH"}],"neow_cost":"NONE","seed_source_timestamp":642369307801182,"circlet_count":0,"master_deck":["AscendersBane","Strike_R+1","Strike_R","Defend_R","Defend_R","Defend_R+1","Defend_R","Bash","Ghostly Armor","Flame Barrier+1","Barricade+1","Flame Barrier","Body Slam+1","Feed","Impervious","Flex+1","Evolve+1","Infernal Blade+1","Shrug It Off","Inflame"],"relics":["Burning Blood","NeowsBlessing","Happy Flower","Golden Idol","Paper Frog","Mummified Hand","Odd Mushroom","Astrolabe"],"potions_floor_usage":[16,16],"damage_taken":[{"damage":0,"enemies":"2 Louse","floor":1,"turns":1},{"damage":0,"enemies":"Jaw Worm","floor":2,"turns":1},{"damage":0,"enemies":"Small Slimes","floor":4,"turns":1},{"damage":4,"enemies":"Lagavulin","floor":11,"turns":11},{"damage":16,"enemies":"The Mushroom Lair","floor":13,"turns":6},{"damage":11,"enemies":"Looter","floor":14,"turns":4},{"damage":0,"enemies":"Slime Boss","floor":16,"turns":7},{"damage":18,"enemies":"2 Thieves","floor":18,"turns":5},{"damage":6,"enemies":"Shell Parasite","floor":19,"turns":4},{"damage":5,"enemies":"Snecko","floor":20,"turns":6},{"damage":35,"enemies":"Sentry and Sphere","floor":21,"turns":11}],"seed_played":"-5994018348491711324","potions_obtained":[{"floor":4,"key":"Dexterity Potion"},{"floor":11,"key":"AttackPotion"},{"floor":13,"key":"PowerPotion"},{"floor":19,"key":"Block Potion"},{"floor":21,"key":"Block Potion"}],"is_trial":false,"path_per_floor":["M","M","?","M","$","R","?","R","T","?","E","T","?","M","R","B",null,"M","M","M","M"],"character_chosen":"IRONCLAD","items_purchased":["Barricade"],"campfire_rested":0,"item_purchase_floors":[5],"current_hp_per_floor":[74,75,64,70,70,70,47,47,47,47,49,49,39,34,34,43,64,52,52,53,24],"gold":310,"neow_bonus":"THREE_ENEMY_KILL","is_prod":false,"is_daily":false,"chose_seed":false,"campfire_upgraded":3,"win_rate":0,"timestamp":1548431874,"path_taken":["M","M","?","M","$","R","?","R","T","?","E","?","?","M","R","BOSS","M","M","M","M"],"build_version":"2019-01-23","purchased_purges":0,"victory":false,"max_hp_per_floor":[75,75,75,75,75,75,75,75,75,68,68,68,68,68,68,71,71,71,71,71,71],"card_choices":[{"not_picked":["Heavy Blade","Warcry"],"picked":"Ghostly Armor","floor":1},{"not_picked":["Sever Soul","Cleave"],"picked":"Flame Barrier","floor":2},{"not_picked":["Seeing Red","Heavy Blade","Clash"],"picked":"SKIP","floor":4},{"not_picked":["Iron Wave","Twin Strike"],"picked":"Flame Barrier","floor":11},{"not_picked":["Burning Pact","Iron Wave"],"picked":"Body Slam","floor":13},{"not_picked":["Havoc","Wild Strike"],"picked":"Feed","floor":14},{"not_picked":["Offering","Limit Break"],"picked":"Impervious","floor":16},{"not_picked":["Spot Weakness","Pommel Strike"],"picked":"Shrug It Off","floor":18},{"not_picked":["Cleave","Bloodletting","Flex"],"picked":"SKIP","floor":19},{"not_picked":["Havoc","Warcry"],"picked":"Inflame","floor":20}],"player_experience":435625,"relics_obtained":[{"floor":9,"key":"Happy Flower"},{"floor":11,"key":"Paper Frog"},{"floor":12,"key":"Mummified Hand"},{"floor":13,"key":"Odd Mushroom"}],"event_choices":[{"damage_healed":0,"gold_gain":0,"player_choice":"Fled","damage_taken":11,"max_hp_gain":0,"max_hp_loss":0,"event_name":"Scrap Ooze","floor":3,"gold_loss":0},{"damage_healed":0,"gold_gain":0,"player_choice":"Entered Light","damage_taken":23,"max_hp_gain":0,"max_hp_loss":0,"event_name":"Shining Light","floor":7,"gold_loss":0,"cards_upgraded":["Strike_R","Defend_R"]},{"damage_healed":0,"gold_gain":0,"player_choice":"Lose Max HP","damage_taken":0,"relics_obtained":["Golden Idol"],"max_hp_gain":0,"max_hp_loss":7,"event_name":"Golden Idol","floor":10,"gold_loss":0},{"damage_healed":0,"gold_gain":0,"player_choice":"Fought Mushrooms","damage_taken":0,"max_hp_gain":0,"max_hp_loss":0,"event_name":"Mushrooms","floor":13,"gold_loss":0}],"is_beta":false,"boss_relics":[{"not_picked":["Tiny House","Snecko Eye"],"picked":"Astrolabe"}],"items_purged_floors":[],"is_endless":false,"potions_floor_spawned":[4,11,13,19,21],"killed_by":"Sentry and Sphere","ascension_level":15}