{"gold_per_floor":[116,129,139,158,158,188,203,203,281,281,298,328,347,2,2,100,100,111,39,39,39,39,39,59,158,158,0,0,12,12,27,27,27],"floor_reached":33,"playtime":1431,"items_purged":["Strike_G"],"score":296,"play_id":"20739c2a-8e10-4194-9561-85866b6363fd","local_time":"20190111135022","is_ascension_mode":true,"campfire_choices":[{"floor":8.0,"key":"REST"},{"data":"Neutralize","floor":10.0,"key":"SMITH"},{"floor":15.0,"key":"REST"},{"data":"Burst","floor":23.0,"key":"SMITH"},{"data":"Cloak And Dagger","floor":28.0,"key":"SMITH"},{"data":"Cloak And Dagger","floor":32.0,"key":"SMITH"}],"neow_cost":"NONE","seed_source_timestamp":12207801967254,"circlet_count":0,"master_deck":["Defend_G","Defend_G","Defend_G","Defend_G","Defend_G","Strike_G","Strike_G","Strike_G","Strike_G","Survivor","Neutralize+1","Masterful Stab","Dodge and Roll","PiercingWail","Quick Slash+1","Dodge and Roll","Dash+1","Deadly Poison","Acrobatics","Blade Dance","Dagger Spray+1","Deflect","Burst+1","Blur","Infinite Blades","Deflect","Deadly Poison","Blade Dance","Cloak And Dagger+1","Footwork","Cloak And Dagger+1"],"special_seed":0,"relics":["Ring of the Snake","Bag of Marbles","Molten Egg 2","Tiny Chest","Juzu Bracelet","PreservedInsect","Orrery","Darkstone Periapt"],"potions_floor_usage":[33],"damage_taken":[{"damage":0.0,"enemies":"Small Slimes","floor":1.0,"turns":3.0},{"damage":0.0,"enemies":"Cultist","floor":2.0,"turns":3.0},{"damage":0.0,"enemies":"2 Louse","floor":3.0,"turns":2.0},{"damage":4.0,"enemies":"Exordium Wildlife","floor":4.0,"turns":5.0},{"damage":53.0,"enemies":"Lagavulin","floor":6.0,"turns":7.0},{"damage":0.0,"enemies":"Looter","floor":7.0,"turns":3.0},{"damage":0.0,"enemies":"2 Fungi Beasts","floor":11.0,"turns":3.0},{"damage":17.0,"enemies":"3 Sentries","floor":12.0,"turns":13.0},{"damage":0.0,"enemies":"3 Louse","floor":13.0,"turns":3.0},{"damage":18.0,"enemies":"The Guardian","floor":16.0,"turns":14.0},{"damage":1.0,"enemies":"3 Byrds","floor":18.0,"turns":5.0},{"damage":18.0,"enemies":"Chosen","floor":24.0,"turns":5.0},{"damage":12.0,"enemies":"Shelled Parasite and Fungi","floor":29.0,"turns":10.0},{"damage":15.0,"enemies":"Snecko","floor":31.0,"turns":6.0},{"damage":4,"enemies":"Champ","floor":33,"turns":10}],"seed_played":"-6501417095030723814","potions_obtained":[{"floor":1.0,"key":"Block Potion"},{"floor":3.0,"key":"Ancient Potion"},{"floor":4.0,"key":"GamblersBrew"},{"floor":12.0,"key":"Dexterity Potion"},{"floor":18.0,"key":"Explosive Potion"},{"floor":29.0,"key":"Fire Potion"}],"is_trial":false,"path_per_floor":["M","M","M","M","?","E","M","R","T","R","M","E","M","$","R","B",null,"M","$","?","?","?","R","M","?","T","?","R","M","?","M","R","B"],"character_chosen":"THE_SILENT","items_purchased":["Blade Dance","Dagger Spray+1","Deflect","PreservedInsect","Footwork"],"campfire_rested":2,"item_purchase_floors":[14,14,14,14,19],"current_hp_per_floor":[70,70,70,66,66,13,13,34,34,34,34,17,17,17,38,20,70,69,69,69,69,69,69,51,51,51,51,51,39,62,47,47,43],"gold":27,"neow_bonus":"THREE_CARDS","is_prod":false,"is_daily":false,"chose_seed":false,"campfire_upgraded":4,"win_rate":0,"timestamp":1547182222,"path_taken":["M","M","M","M","?","E","M","R","T","R","M","E","M","$","R","BOSS","M","?","?","?","?","R","M","?","T","?","R","M","?","M","R","BOSS"],"build_version":"2019-01-10","purchased_purges":1,"victory":false,"max_hp_per_floor":[70,70,70,70,70,70,70,70,70,70,70,70,70,70,70,70,70,70,70,70,70,70,70,70,70,70,70,70,70,70,70,70,70],"card_choices":[{"not_picked":["Deadly Poison","Poisoned Stab"],"picked":"Masterful Stab","floor":0.0},{"not_picked":["Concentrate","Reflex","Bane"],"picked":"SKIP","floor":1.0},{"not_picked":["Masterful Stab","Bane","Endless Agony"],"picked":"SKIP","floor":2.0},{"not_picked":["Predator","Slice"],"picked":"Dodge and Roll","floor":3.0},{"not_picked":["Accuracy","Escape Plan"],"picked":"PiercingWail","floor":4.0},{"not_picked":["Choke","Well Laid Plans"],"picked":"Quick Slash","floor":6.0},{"not_picked":["Tactician","Prepared"],"picked":"Dodge and Roll","floor":7.0},{"not_picked":["Acrobatics","Setup"],"picked":"Dash+1","floor":11.0},{"not_picked":["Accuracy","Choke+1"],"picked":"Deadly Poison","floor":12.0},{"not_picked":["Predator+1","Grand Finale+1"],"picked":"Acrobatics","floor":13.0},{"not_picked":["Unload+1","A Thousand Cuts"],"picked":"Burst","floor":16.0},{"not_picked":["Quick Slash+1","Poisoned Stab+1"],"picked":"Blur","floor":17.0},{"not_picked":["Blur","Escape Plan"],"picked":"Infinite Blades","floor":17.0},{"not_picked":["Phantasmal Killer","Dash+1"],"picked":"Deflect","floor":17.0},{"not_picked":["Dodge and Roll","Expertise"],"picked":"Deadly Poison","floor":17.0},{"not_picked":["Riddle With Holes+1","Escape Plan"],"picked":"Blade Dance","floor":17.0},{"not_picked":["Flying Knee+1","PiercingWail"],"picked":"Cloak And Dagger","floor":18.0},{"not_picked":["Choke+1","Outmaneuver","Backflip+1"],"picked":"SKIP","floor":24.0},{"not_picked":["Endless Agony+1","Poisoned Stab+1","Quick Slash+1"],"picked":"SKIP","floor":29.0},{"not_picked":["Dagger Spray+1","Noxious Fumes"],"picked":"Cloak And Dagger","floor":31.0}],"player_experience":203550,"relics_obtained":[{"floor":6.0,"key":"Molten Egg 2"},{"floor":9.0,"key":"Tiny Chest"},{"floor":12.0,"key":"Juzu Bracelet"},{"floor":26.0,"key":"Darkstone Periapt"}],"event_choices":[{"damage_healed":0.0,"max_hp_gain":0.0,"max_hp_loss":0.0,"gold_gain":0.0,"event_name":"WeMeetAgain","player_choice":"Gave Potion","floor":5.0,"gold_loss":0.0,"damage_taken":0.0,"relics_obtained":["Bag of Marbles"]},{"damage_healed":0.0,"max_hp_gain":0.0,"max_hp_loss":0.0,"gold_gain":0.0,"event_name":"Ghosts","player_choice":"Ignored","floor":20.0,"gold_loss":0.0,"damage_taken":0.0},{"damage_healed":0.0,"max_hp_gain":0.0,"max_hp_loss":0.0,"gold_gain":0.0,"event_name":"Beggar","player_choice":"Ignored","floor":21.0,"gold_loss":0.0,"damage_taken":0.0},{"damage_healed":0.0,"max_hp_gain":0.0,"max_hp_loss":0.0,"gold_gain":0.0,"event_name":"Vampires","player_choice":"Ignored","floor":22.0,"gold_loss":0.0,"damage_taken":0.0},{"damage_healed":0.0,"max_hp_gain":0.0,"max_hp_loss":0.0,"gold_gain":99.0,"event_name":"Nest","player_choice":"Stole From Cult","floor":25.0,"gold_loss":0.0,"damage_taken":0.0},{"damage_healed":0.0,"max_hp_gain":0.0,"max_hp_loss":0.0,"gold_gain":0.0,"event_name":"Masked Bandits","player_choice":"Paid Fearfully","floor":27.0,"gold_loss":158.0,"damage_taken":0.0},{"damage_healed":23.0,"max_hp_gain":0.0,"max_hp_loss":0.0,"gold_gain":0.0,"event_name":"The Library","player_choice":"Heal","floor":30.0,"gold_loss":0.0,"damage_taken":0.0}],"is_beta":false,"boss_relics":[{"not_picked":["Tiny House","Philosopher\u0027s Stone"],"picked":"Orrery"}],"items_purged_floors":[14],"is_endless":false,"potions_floor_spawned":[1,3,4,12,18,29],"killed_by":"Champ","ascension_level":3}