{"gold_per_floor":[118,132,143,143,154,154,8,8,56,56,56,72,85,85,85,182,182,196,43,63,63,80,80,96,116,116,116,128,128,141,141],"floor_reached":31,"playtime":1660,"items_purged":[],"score":233,"play_id":"2155116a-bc71-4bad-b7da-dc6a56c85b1a","local_time":"20190304165549","is_ascension_mode":false,"campfire_choices":[{"data":"Zap","floor":6.0,"key":"SMITH"},{"data":"Reinforced Body","floor":8.0,"key":"SMITH"},{"data":"Mind Blast","floor":10.0,"key":"SMITH"},{"data":"Streamline","floor":15.0,"key":"SMITH"},{"floor":23.0,"key":"REST"},{"floor":27.0,"key":"REST"}],"neow_cost":"NONE","seed_source_timestamp":351067911258316,"circlet_count":0,"master_deck":["Strike_B","Strike_B","Strike_B","Strike_B","Defend_B","Defend_B","Defend_B","Defend_B","Zap+1","Dualcast","Go for the Eyes","Reinforced Body+1","White Noise","Streamline+1","Mind Blast+1","Leap","Coolheaded+1","Gash","Reboot","Streamline+1","Capacitor","Chaos","Gash","Barrage+1","Stack","Steam","Capacitor","Go for the Eyes"],"special_seed":0,"relics":["Eternal Feather"],"potions_floor_usage":[31,31,31],"damage_taken":[{"damage":2.0,"enemies":"2 Louse","floor":1.0,"turns":2.0},{"damage":1.0,"enemies":"Cultist","floor":2.0,"turns":4.0},{"damage":0.0,"enemies":"Small Slimes","floor":3.0,"turns":3.0},{"damage":4.0,"enemies":"3 Louse","floor":5.0,"turns":5.0},{"damage":10.0,"enemies":"Gremlin Gang","floor":12.0,"turns":6.0},{"damage":13.0,"enemies":"Large Slime","floor":13.0,"turns":6.0},{"damage":33.0,"enemies":"Slime Boss","floor":16.0,"turns":11.0},{"damage":35.0,"enemies":"2 Thieves","floor":18.0,"turns":5.0},{"damage":0.0,"enemies":"Chosen","floor":20.0,"turns":5.0},{"damage":0.0,"enemies":"Snecko","floor":21.0,"turns":1.0},{"damage":39.0,"enemies":"3 Cultists","floor":22.0,"turns":7.0},{"damage":24.0,"enemies":"Centurion and Healer","floor":24.0,"turns":6.0},{"damage":19.0,"enemies":"Snecko","floor":25.0,"turns":6.0},{"damage":17.0,"enemies":"Shelled Parasite and Fungi","floor":28.0,"turns":9.0},{"damage":6.0,"enemies":"Cultist and Chosen","floor":30.0,"turns":8.0},{"damage":11,"enemies":"Chosen and Byrds","floor":31,"turns":4}],"seed_played":"-4944101678910238410","potions_obtained":[{"floor":1.0,"key":"SmokeBomb"},{"floor":5.0,"key":"Strength Potion"},{"floor":16.0,"key":"FocusPotion"},{"floor":22.0,"key":"Regen Potion"},{"floor":25.0,"key":"Explosive Potion"},{"floor":30.0,"key":"FocusPotion"}],"is_trial":false,"path_per_floor":["M","M","M","?","M","R","$","R","T","R","?","M","M","?","R","B",null,"M","$","M","M","M","R","M","M","T","R","M","?","M","M"],"character_chosen":"DEFECT","items_purchased":["Mind Blast","Leap","Capacitor","Chaos"],"campfire_rested":2,"item_purchase_floors":[7,7,19,19],"current_hp_per_floor":[73,72,72,72,68,74,74,75,75,75,75,65,52,52,61,28,75,40,40,40,40,1,35,26,7,7,44,27,13,7,0],"gold":141,"neow_bonus":"BOSS_RELIC","is_prod":false,"is_daily":false,"chose_seed":false,"campfire_upgraded":4,"win_rate":0,"timestamp":1551714949,"path_taken":["M","M","M","?","M","R","?","R","T","R","?","M","M","?","R","BOSS","M","$","?","M","M","R","M","M","T","R","M","?","M","M"],"build_version":"2019-01-23","purchased_purges":0,"victory":false,"max_hp_per_floor":[75,75,75,75,75,75,75,75,75,75,75,75,75,75,75,75,75,75,75,75,75,75,75,75,75,75,75,75,80,80,80],"card_choices":[{"not_picked":["Recycle","Sweeping Beam"],"picked":"Go for the Eyes","floor":1.0},{"not_picked":["Steam Power","Redo"],"picked":"Reinforced Body","floor":2.0},{"not_picked":["FTL","Streamline"],"picked":"White Noise","floor":3.0},{"not_picked":["Consume","Storm"],"picked":"Streamline","floor":5.0},{"not_picked":["Turbo","Barrage"],"picked":"Coolheaded","floor":12.0},{"not_picked":["Double Energy","Cold Snap"],"picked":"Gash","floor":13.0},{"not_picked":["Multi-Cast","Thunder Strike"],"picked":"Reboot","floor":16.0},{"not_picked":["Blizzard","Compile Driver"],"picked":"Streamline+1","floor":18.0},{"not_picked":["Undo","Aggregate"],"picked":"Gash","floor":20.0},{"not_picked":["Cold Snap","Lockon"],"picked":"Barrage+1","floor":22.0},{"not_picked":["Genetic Algorithm","Leap"],"picked":"Stack","floor":24.0},{"not_picked":["Force Field+1","Barrage"],"picked":"Steam","floor":25.0},{"not_picked":["Streamline+1","Redo"],"picked":"Capacitor","floor":28.0},{"not_picked":["Sweeping Beam","Streamline+1"],"picked":"Go for the Eyes","floor":30.0}],"player_experience":816224,"relics_obtained":[],"event_choices":[{"damage_healed":0.0,"max_hp_gain":0.0,"max_hp_loss":0.0,"gold_gain":0.0,"event_name":"WeMeetAgain","player_choice":"Ignored","floor":4.0,"gold_loss":0.0,"damage_taken":0.0},{"damage_healed":0.0,"max_hp_gain":0.0,"max_hp_loss":0.0,"gold_gain":0.0,"event_name":"Dead Adventurer","player_choice":"Searched \u00270\u0027 times","floor":11.0,"gold_loss":0.0,"damage_taken":0.0},{"damage_healed":0.0,"max_hp_gain":0.0,"max_hp_loss":0.0,"gold_gain":0.0,"event_name":"Accursed Blacksmith","player_choice":"Forge","floor":14.0,"gold_loss":0.0,"damage_taken":0.0,"cards_upgraded":["Coolheaded"]},{"damage_healed":0.0,"max_hp_gain":5.0,"max_hp_loss":0.0,"gold_gain":0.0,"event_name":"Forgotten Altar","player_choice":"Shed Blood","floor":29.0,"gold_loss":0.0,"damage_taken":19.0}],"is_beta":false,"boss_relics":[{"not_picked":["Fusion Hammer","Orrery","Coffee Dripper"]}],"items_purged_floors":[],"is_endless":false,"potions_floor_spawned":[1,5,16,20,22,25,30],"killed_by":"Chosen and Byrds","ascension_level":0}