{"path_per_floor":["M","M","?","M","?","E","M","$","T","R","M","M","?","M","R","B",null,"M","$","?","M","?","R","M","E","T","?","E","?","R","M","R","B",null,"M","$","?","?","$","E","M","E","T","M","R","?","E","M","R","B"],"character_chosen":"THE_SILENT","items_purchased":["Apotheosis","Deadly Poison","Infinite Blades","Backflip","Quick Slash","Weak Potion","Bottled Lightning","Singing Bowl"],"gold_per_floor":[117,127,302,322,322,347,361,54,130,130,149,167,242,256,256,352,352,371,38,38,54,54,54,68,103,126,226,281,281,281,299,299,401,431,444,61,361,361,62,97,112,139,191,203,203,203,229,245,245,245],"floor_reached":51,"campfire_rested":6,"playtime":5467,"current_hp_per_floor":[69,69,69,69,69,33,26,26,26,47,44,36,25,24,45,35,70,60,60,60,58,70,70,68,62,62,62,47,34,71,65,75,8,80,78,78,78,78,78,78,74,74,74,76,86,86,87,83,90,76],"items_purged":["Normality","Doubt","Strike_G","Decay"],"gold":245,"score":900,"play_id":"bb1cddce-9ee0-417d-b945-1eff7ffb7c5a","local_time":"20180419211012","is_prod":false,"is_daily":false,"chose_seed":false,"is_ascension_mode":false,"campfire_upgraded":1,"timestamp":1524197412,"path_taken":["M","M","?","M","?","E","M","$","T","R","M","M","?","M","R","BOSS","M","$","?","M","?","R","M","E","T","?","E","?","R","M","R","BOSS","M","$","?","?","$","E","M","E","T","M","R","?","E","M","R","BOSS"],"build_version":"2018-04-19","seed_source_timestamp":0,"purchased_purges":5,"victory":true,"master_deck":["Defend_G","Defend_G","Defend_G","Defend_G","Defend_G","Strike_G","Strike_G","Strike_G","Strike_G","Survivor","Neutralize","Footwork","Dagger Throw","Terror","Underhanded Strike","PiercingWail","Apotheosis+1","Escape Plan","Well Laid Plans","Envenom","Malaise+1","Infinite Blades","Backflip","Quick Slash","Neutralize","Cloak And Dagger","Glass Knife","Backstab","Adrenaline"],"max_hp_per_floor":[70,70,70,70,70,70,70,70,70,70,70,70,70,70,70,70,70,70,70,70,70,70,70,70,70,70,70,70,75,75,75,75,75,80,80,80,80,80,80,82,84,84,84,86,86,86,88,90,90,90],"relics":["Ring of the Snake","Kunai","Sundial","Toolbox","Cursed Key","Shuriken","Regal Pillow","Tiny Chest","Tiny House","Bottled Lightning","Singing Bowl","Bag of Preparation","Omamori","Oddly Smooth Stone","Tough Bandages"],"card_choices":[{"not_picked":["Sucker Punch","Poisoned Stab"],"picked":"Footwork","floor":1.0},{"not_picked":["Catalyst","Acrobatics"],"picked":"Dagger Throw","floor":2.0},{"not_picked":["Sucker Punch","Reflex"],"picked":"Terror","floor":4.0},{"not_picked":["Dagger Throw","Burst"],"picked":"Underhanded Strike","floor":6.0},{"not_picked":["Prepared","Blur"],"picked":"PiercingWail","floor":7.0},{"not_picked":["Backflip","Bouncing Flask"],"picked":"Escape Plan","floor":12},{"not_picked":["Underhanded Strike","Expertise"],"picked":"Well Laid Plans","floor":14},{"not_picked":["Corpse Explosion","Unload"],"picked":"Envenom","floor":16},{"not_picked":["Prepared","Cloak And Dagger"],"picked":"Malaise","floor":18},{"not_picked":["Prepared","Expertise"],"picked":"Cloak And Dagger","floor":24},{"not_picked":["Sucker Punch","Distraction"],"picked":"Glass Knife","floor":25},{"not_picked":["Deflect","Poisoned Stab"],"picked":"Backstab","floor":34},{"not_picked":["Dagger Throw","All Out Attack"],"picked":"Adrenaline","floor":42}],"player_experience":69075,"potions_floor_usage":[16,28,28,33,40,40,50,50,50],"damage_taken":[{"damage":1.0,"enemies":"2 Louse","floor":1.0,"turns":3.0},{"damage":0.0,"enemies":"Jaw Worm","floor":2.0,"turns":7.0},{"damage":0.0,"enemies":"Small Slimes","floor":4.0,"turns":4.0},{"damage":36.0,"enemies":"3 Sentries","floor":6.0,"turns":15.0},{"damage":7.0,"enemies":"Blue Slaver","floor":7.0,"turns":5.0},{"damage":3.0,"enemies":"Exordium Thugs","floor":11.0,"turns":6.0},{"damage":8,"enemies":"Exordium Wildlife","floor":12,"turns":5},{"damage":1,"enemies":"Blue Slaver","floor":14,"turns":5},{"damage":10,"enemies":"Hexaghost","floor":16,"turns":10},{"damage":10,"enemies":"Shell Parasite","floor":18,"turns":5},{"damage":2,"enemies":"Spheric Guardian","floor":21,"turns":6},{"damage":2,"enemies":"Centurion and Healer","floor":24,"turns":8},{"damage":6,"enemies":"Book of Stabbing","floor":25,"turns":6},{"damage":27,"enemies":"Slavers","floor":28,"turns":6},{"damage":6,"enemies":"Snake Plant","floor":31,"turns":6},{"damage":67,"enemies":"Automaton","floor":33,"turns":11},{"damage":2,"enemies":"Orb Walker","floor":35,"turns":3},{"damage":2,"enemies":"Giant Head","floor":40,"turns":7},{"damage":6,"enemies":"3 Shapes","floor":41,"turns":3},{"damage":0,"enemies":"Nemesis","floor":42,"turns":5},{"damage":0,"enemies":"3 Darklings","floor":44,"turns":4},{"damage":1,"enemies":"Giant Head","floor":47,"turns":6},{"damage":6,"enemies":"4 Shapes","floor":48,"turns":4},{"damage":20,"enemies":"Donu and Deca","floor":50,"turns":11}],"event_choices":[{"event_name":"Liars Game","player_choice":"agreed","floor":3.0,"damage_taken":0.0},{"event_name":"Accursed Blacksmith","player_choice":"Rummage","floor":5.0,"damage_taken":0.0},{"event_name":"World of Goop","player_choice":"Gather Gold","floor":13,"damage_taken":0},{"event_name":"Match and Keep!","player_choice":"1 cards matched","floor":20,"damage_taken":0},{"event_name":"The Library","player_choice":"Heal","floor":22,"damage_taken":0},{"event_name":"Golden Shrine","player_choice":"Pray","floor":27,"damage_taken":0},{"event_name":"Forgotten Altar","player_choice":"Shed Blood","floor":29,"damage_taken":0},{"event_name":"Wheel of Change","player_choice":"Gold","floor":37,"damage_taken":0},{"event_name":"Tomb of Lord Red Mask","player_choice":"Ignored","floor":38,"damage_taken":0}],"boss_relics":[{"not_picked":["White Beast Statue","Calling Bell"],"picked":"Cursed Key"},{"not_picked":["Lizard Tail","Sozu"],"picked":"Tiny House"}],"potions_floor_spawned":[2,4,11,16,18,24,25,33,35,47,48],"seed_played":"7042829950158503056","ascension_level":0,"is_trial":false}