{"gold_per_floor":[17,92,92,92,103,103,129,54,78,93,111,111,130,147,147,147],"floor_reached":16,"playtime":638,"items_purged":["Strike_B"],"score":158,"play_id":"feebac7f-255e-4556-b0b1-ada607ce00d5","local_time":"20190129121040","is_ascension_mode":true,"campfire_choices":[{"data":"White Noise","floor":6,"key":"SMITH"},{"data":"Auto Shields","floor":12,"key":"SMITH"},{"data":"Darkness","floor":15,"key":"SMITH"}],"neow_cost":"NO_GOLD","seed_source_timestamp":992706890046513,"circlet_count":0,"master_deck":["AscendersBane","Strike_B","Strike_B","Defend_B","Defend_B","Defend_B","Defend_B","Zap","Dualcast","White Noise+1","Auto Shields+1","Core Surge","Steam","Amplify","Consume","Darkness+1"],"relics":["Cracked Core","Dead Branch","Oddly Smooth Stone","Art of War"],"potions_floor_usage":[16,16],"damage_taken":[{"damage":1,"enemies":"Cultist","floor":1,"turns":3},{"damage":0,"enemies":"Small Slimes","floor":5,"turns":2},{"damage":29,"enemies":"Lagavulin","floor":7,"turns":8},{"damage":0,"enemies":"Jaw Worm","floor":10,"turns":3},{"damage":2,"enemies":"Exordium Wildlife","floor":11,"turns":3},{"damage":0,"enemies":"2 Fungi Beasts","floor":13,"turns":4},{"damage":0,"enemies":"Blue Slaver","floor":14,"turns":3},{"damage":25,"enemies":"Hexaghost","floor":16,"turns":11}],"seed_played":"-779886471901639520","potions_obtained":[{"floor":7,"key":"Explosive Potion"},{"floor":10,"key":"Explosive Potion"}],"is_trial":false,"path_per_floor":["M","?","?","?","M","R","E","$","T","M","M","R","M","M","R","B"],"character_chosen":"DEFECT","items_purchased":[],"campfire_rested":0,"item_purchase_floors":[],"current_hp_per_floor":[67,56,49,49,49,49,20,20,20,20,18,18,18,18,18,0],"gold":147,"neow_bonus":"ONE_RARE_RELIC","is_prod":false,"is_daily":false,"chose_seed":false,"campfire_upgraded":3,"win_rate":0,"timestamp":1548781840,"path_taken":["M","?","?","?","M","R","E","?","T","M","?","R","M","M","R","BOSS"],"build_version":"2019-01-23","purchased_purges":1,"victory":false,"max_hp_per_floor":[75,75,75,75,75,75,75,75,75,75,75,75,75,75,75,75],"card_choices":[{"not_picked":["Steam","Hologram"],"picked":"White Noise","floor":1},{"not_picked":["Storm","Sweeping Beam"],"picked":"Auto Shields","floor":5},{"not_picked":["Redo","Sweeping Beam"],"picked":"Core Surge","floor":7},{"not_picked":["Reinforced Body","Darkness"],"picked":"Steam","floor":10},{"not_picked":["Cold Snap","Streamline"],"picked":"Amplify","floor":11},{"not_picked":["Static Discharge","Sweeping Beam"],"picked":"Consume","floor":13},{"not_picked":["Sweeping Beam","Aggregate"],"picked":"Darkness","floor":14}],"player_experience":536715,"relics_obtained":[{"floor":7,"key":"Oddly Smooth Stone"},{"floor":9,"key":"Art of War"}],"event_choices":[{"damage_healed":0,"gold_gain":75,"player_choice":"Gather Gold","damage_taken":11,"max_hp_gain":0,"max_hp_loss":0,"event_name":"World of Goop","floor":2,"gold_loss":0},{"cards_removed":["Strike_B"],"damage_healed":0,"gold_gain":0,"player_choice":"Card Removal","damage_taken":7,"max_hp_gain":0,"max_hp_loss":0,"event_name":"Golden Wing","floor":3,"gold_loss":0},{"damage_healed":0,"gold_gain":0,"player_choice":"Fled","damage_taken":0,"max_hp_gain":0,"max_hp_loss":0,"event_name":"Scrap Ooze","floor":4,"gold_loss":0}],"is_beta":false,"boss_relics":[],"items_purged_floors":[8],"is_endless":false,"potions_floor_spawned":[7,10,13],"killed_by":"Hexaghost","ascension_level":11}