{"gold_per_floor":[119,194,194,213,22,22,48,48,94,114,114,133,26,41,41,41],"floor_reached":16,"playtime":824,"items_purged":[],"score":233,"play_id":"92ecbdbe-50e1-4abc-8b14-6864714cc525","local_time":"20190219193525","is_ascension_mode":true,"campfire_choices":[{"data":"Zap","floor":6,"key":"SMITH"},{"data":"Dualcast","floor":8,"key":"SMITH"},{"floor":11,"key":"REST"},{"data":"Glacier","floor":15,"key":"SMITH"}],"neow_cost":"PERCENT_DAMAGE","seed_source_timestamp":0,"circlet_count":0,"master_deck":["AscendersBane","Strike_B","Strike_B","Strike_B","Strike_B","Defend_B","Defend_B","Defend_B","Defend_B","Zap+1","Dualcast+1","Glacier+1","Electrodynamics","Undo","Chill","Cold Snap","Coolheaded","Self Repair"],"special_seed":0,"relics":["Cracked Core","Oddly Smooth Stone","DataDisk","Blood Vial","Art of War"],"potions_floor_usage":[16],"damage_taken":[{"damage":1.0,"enemies":"2 Louse","floor":1.0,"turns":4.0},{"damage":0,"enemies":"Jaw Worm","floor":4,"turns":4},{"damage":6,"enemies":"3 Sentries","floor":7,"turns":5},{"damage":0,"enemies":"Cultist","floor":10,"turns":3},{"damage":0,"enemies":"Looter","floor":12,"turns":3},{"damage":0,"enemies":"Gremlin Gang","floor":14,"turns":4},{"damage":74,"enemies":"Hexaghost","floor":16,"turns":16}],"seed_played":"4654281867215615757","potions_obtained":[{"floor":7,"key":"Energy Potion"},{"floor":14,"key":"Weak Potion"}],"is_trial":false,"path_per_floor":["M","?","?","M","$","R","E","R","T","M","R","M","$","M","R","B"],"character_chosen":"DEFECT","items_purchased":["DataDisk","Undo","Coolheaded","Self Repair"],"campfire_rested":1,"item_purchase_floors":[5,5,13,13],"current_hp_per_floor":[63,52,34,34,34,34,28,28,28,30,56,58,58,67,67,0],"gold":41,"neow_bonus":"TWENTY_PERCENT_HP_BONUS","is_prod":false,"is_daily":false,"chose_seed":false,"campfire_upgraded":3,"win_rate":0,"timestamp":1550633725,"path_taken":["M","?","?","M","$","R","E","R","T","M","R","M","?","M","R","BOSS"],"build_version":"2019-01-23","purchased_purges":0,"victory":false,"max_hp_per_floor":[89,89,89,89,89,89,89,89,89,89,89,89,89,89,89,89],"card_choices":[{"not_picked":["Go for the Eyes","Turbo"],"picked":"Glacier","floor":1.0},{"not_picked":["Streamline","Go for the Eyes"],"picked":"Electrodynamics","floor":4},{"not_picked":["Redo","Heatsinks","Aggregate"],"picked":"SKIP","floor":7},{"not_picked":["Scrape","Streamline"],"picked":"Chill","floor":10},{"not_picked":["Reprogram","Rebound"],"picked":"Cold Snap","floor":12},{"not_picked":["Barrage","Gash","Hyperbeam"],"picked":"SKIP","floor":14}],"player_experience":436330,"relics_obtained":[{"floor":7,"key":"Blood Vial"},{"floor":9,"key":"Art of War"}],"event_choices":[{"damage_healed":0.0,"max_hp_gain":0.0,"max_hp_loss":0.0,"gold_gain":75.0,"event_name":"World of Goop","player_choice":"Gather Gold","floor":2.0,"gold_loss":0.0,"damage_taken":11.0},{"damage_healed":0.0,"max_hp_gain":0.0,"max_hp_loss":0.0,"gold_gain":0.0,"event_name":"Scrap Ooze","player_choice":"Success","floor":3.0,"gold_loss":0.0,"damage_taken":18.0,"relics_obtained":["Oddly Smooth Stone"]}],"is_beta":false,"boss_relics":[],"items_purged_floors":[],"is_endless":false,"potions_floor_spawned":[7,14],"killed_by":"Hexaghost","ascension_level":11}