{"path_per_floor":["M","M","?","M","M","R","?","$","T","E","M","$","T","M","R","B",null,"M","M","M","M","M","R","M","M","T","?","M","R","E","M","R","B",null,"M","$","M","?","M","R","E","?","T","M","R","M","M","M","R","B"],"character_chosen":"THE_SILENT","items_purchased":["Noxious Fumes","Malaise","Paper Crane","Backflip","Anchor","Underhanded Strike"],"gold_per_floor":[110,129,304,323,338,338,338,263,290,348,365,8,31,45,45,142,142,155,167,180,197,215,215,234,247,247,172,184,184,217,228,228,325,325,339,16,28,28,48,48,75,0,26,40,40,50,66,78,78,78],"floor_reached":51,"campfire_rested":5,"playtime":4127,"current_hp_per_floor":[68,68,68,66,66,66,66,66,66,34,19,19,19,21,21,19,70,70,70,54,56,55,55,57,37,37,37,28,49,42,15,36,24,70,26,26,28,28,15,50,8,8,8,9,44,25,27,18,55,28],"items_purged":["Strike_G","Injury"],"gold":78,"score":812,"play_id":"9998e676-7147-405d-94ad-5805d9608dae","local_time":"20180512083215","is_prod":false,"is_daily":false,"chose_seed":false,"is_ascension_mode":true,"campfire_upgraded":3,"timestamp":1526139135,"path_taken":["M","M","?","M","?","R","?","$","T","E","?","?","?","M","R","BOSS","M","?","M","M","?","R","M","M","T","?","M","R","E","M","R","BOSS","M","$","M","?","M","R","E","?","T","M","R","?","?","?","R","BOSS"],"build_version":"2018-05-10","seed_source_timestamp":0,"purchased_purges":2,"victory":true,"master_deck":["Defend_G","Defend_G","Defend_G","Defend_G","Defend_G","Strike_G","Strike_G","Strike_G","Strike_G","Survivor","Neutralize+1","Dagger Throw","Cloak And Dagger","Backstab","Parasite","Escape Plan","After Image+1","Noxious Fumes+1","Malaise+1","After Image","Footwork","Poisoned Stab","Envenom","Infinite Blades+1","Acrobatics","Well Laid Plans+1","Quick Slash+1","Quick Slash","Tools of the Trade","A Thousand Cuts","Calculated Gamble","Backflip","Underhanded Strike","Terror","Catalyst+1","Tactician","Writhe","Bane+1","Catalyst+1","Bane"],"max_hp_per_floor":[70,70,70,70,70,70,70,70,70,70,70,70,70,70,70,70,70,70,70,70,70,70,70,70,70,70,70,70,70,70,70,70,70,70,70,70,70,70,70,70,70,70,70,70,70,70,70,70,70,70],"relics":["Cursed Key","Snake Skull","Tiny Chest","Paper Crane","Blood Vial","Sozu","Shuriken","Question Card","Eternal Feather","Anchor","Letter Opener","Red Mask","Bag of Preparation"],"card_choices":[{"not_picked":["Outmaneuver","Bouncing Flask"],"picked":"Dagger Throw","floor":1.0},{"not_picked":["Riddle With Holes","Skewer"],"picked":"Cloak And Dagger","floor":2.0},{"not_picked":["Underhanded Strike","Flying Knee"],"picked":"Backstab","floor":4.0},{"not_picked":["PiercingWail","Outmaneuver"],"picked":"Escape Plan","floor":10.0},{"not_picked":["Deflect","Deadly Poison"],"picked":"After Image","floor":11.0},{"not_picked":["Tactician","Night Terror"],"picked":"After Image","floor":16.0},{"not_picked":["Outmaneuver","PiercingWail"],"picked":"Footwork","floor":18},{"not_picked":["Dagger Throw","Flying Knee"],"picked":"Poisoned Stab","floor":19},{"not_picked":["Dagger Spray","Dodge and Roll"],"picked":"Envenom","floor":21},{"not_picked":["Deflect","Skewer"],"picked":"Infinite Blades","floor":22},{"not_picked":["Outmaneuver","Infinite Blades"],"picked":"Acrobatics","floor":24},{"not_picked":["Underhanded Strike","Slice"],"picked":"Well Laid Plans","floor":25},{"not_picked":["Sucker Punch","Flying Knee"],"picked":"Quick Slash","floor":28},{"not_picked":["Setup","Infinite Blades"],"picked":"Quick Slash","floor":30},{"not_picked":["Flying Knee","Footwork","Terror"],"picked":"Tools of the Trade","floor":31},{"not_picked":["Grand Finale","Doppelganger","Envenom"],"picked":"A Thousand Cuts","floor":33},{"not_picked":["Quick Slash","Riddle With Holes","Caltrops"],"picked":"Calculated Gamble","floor":35},{"not_picked":["PiercingWail","Sucker Punch","Prepared"],"picked":"Terror","floor":37},{"not_picked":["Prepared","Well Laid Plans","Slice"],"picked":"Catalyst","floor":39},{"not_picked":["Skewer","Unload","Heel Hook"],"picked":"Tactician","floor":41},{"not_picked":["Dagger Spray","PiercingWail","Deflect"],"picked":"Bane","floor":46},{"not_picked":["Poisoned Stab","Deflect","Riddle With Holes"],"picked":"Catalyst","floor":47},{"not_picked":["Deadly Poison","Quick Slash","Poisoned Stab"],"picked":"Bane","floor":48}],"player_experience":162157,"potions_floor_usage":[30,33,50],"damage_taken":[{"damage":2.0,"enemies":"2 Louse","floor":1.0,"turns":3.0},{"damage":0.0,"enemies":"Small Slimes","floor":2.0,"turns":3.0},{"damage":2.0,"enemies":"Cultist","floor":4.0,"turns":4.0},{"damage":0.0,"enemies":"Blue Slaver","floor":5.0,"turns":3.0},{"damage":32.0,"enemies":"Lagavulin","floor":10.0,"turns":9.0},{"damage":15.0,"enemies":"Exordium Thugs","floor":11.0,"turns":5.0},{"damage":0.0,"enemies":"3 Louse","floor":14.0,"turns":2.0},{"damage":4.0,"enemies":"The Guardian","floor":16.0,"turns":14.0},{"damage":0,"enemies":"Spheric Guardian","floor":18,"turns":6},{"damage":0,"enemies":"Chosen","floor":19,"turns":8},{"damage":16,"enemies":"Slaver and Parasite","floor":20,"turns":11},{"damage":0,"enemies":"Snake Plant","floor":21,"turns":6},{"damage":3,"enemies":"Sentry and Sphere","floor":22,"turns":8},{"damage":0,"enemies":"3 Cultists","floor":24,"turns":7},{"damage":22,"enemies":"Centurion and Healer","floor":25,"turns":6},{"damage":11,"enemies":"Chosen and Byrds","floor":28,"turns":6},{"damage":9,"enemies":"Book of Stabbing","floor":30,"turns":5},{"damage":29,"enemies":"Slaver and Parasite","floor":31,"turns":5},{"damage":14,"enemies":"Automaton","floor":33,"turns":9},{"damage":44,"enemies":"3 Darklings","floor":35,"turns":5},{"damage":0,"enemies":"3 Shapes","floor":37,"turns":7},{"damage":15,"enemies":"3 Darklings","floor":39,"turns":6},{"damage":44,"enemies":"2 Orb Walkers","floor":41,"turns":7},{"damage":1,"enemies":"4 Shapes","floor":44,"turns":6},{"damage":21,"enemies":"Sphere and 2 Shapes","floor":46,"turns":6},{"damage":0,"enemies":"Maw","floor":47,"turns":6},{"damage":11,"enemies":"4 Shapes","floor":48,"turns":6},{"damage":29,"enemies":"Awakened One","floor":50,"turns":10}],"event_choices":[{"event_name":"Liars Game","player_choice":"agreed","floor":3.0,"damage_taken":0.0},{"event_name":"Purifier","player_choice":"One Purge","floor":7.0,"damage_taken":0.0},{"event_name":"Beggar","player_choice":"Gave Gold","floor":27,"damage_taken":0},{"event_name":"Accursed Blacksmith","player_choice":"Forge","floor":38,"damage_taken":0},{"event_name":"Tomb of Lord Red Mask","player_choice":"Paid","floor":42,"damage_taken":0}],"boss_relics":[{"not_picked":["Ectoplasm","Runic Dome"],"picked":"Sozu"},{"not_picked":["Lizard Tail","Tiny House"],"picked":"Eternal Feather"}],"potions_floor_spawned":[5,10,16,18,21,25,28,30,35,37,46],"seed_played":"-8430924806316186563","ascension_level":3,"is_trial":false}