{"gold_per_floor":[361,286,286,298,161,111,143,143,143,18,18,18,35,59,59,158,158,158,158,8,8,8,8,8,8,8,8,8,8,0,0,0,0,0,0,0,0,0,0,0,0,0,0,0,0,0,0,0,0,0],"floor_reached":51,"playtime":1717,"items_purged":["Strike_R","Strike_R","Strike_R","Strike_R"],"score":882,"play_id":"cdd2c89c-2fd7-4e01-90f2-e097fd7f465c","local_time":"20190222105220","is_ascension_mode":false,"campfire_choices":[{"data":"Bash","floor":8,"key":"SMITH"},{"floor":11,"key":"REST"},{"floor":15,"key":"REST"},{"data":"Double Tap","floor":28,"key":"SMITH"},{"floor":32,"key":"REST"},{"floor":40,"key":"REST"},{"data":"Dropkick","floor":46,"key":"SMITH"},{"floor":49,"key":"REST"}],"neow_cost":"PERCENT_DAMAGE","seed_source_timestamp":814205397841451,"circlet_count":0,"master_deck":["Defend_R","Bash+1","Dropkick+1","Double Tap+1","Pommel Strike+1"],"relics":["Burning Blood","Molten Egg 2","Meat on the Bone","Regal Pillow","Ectoplasm","Pen Nib","Philosopher\u0027s Stone","Blood Vial","Pantograph","Juzu Bracelet"],"potions_floor_usage":[16,16,23,33,33,48,50],"damage_taken":[{"damage":5,"enemies":"2 Louse","floor":1,"turns":3},{"damage":5,"enemies":"Small Slimes","floor":4,"turns":4},{"damage":28,"enemies":"Gremlin Nob","floor":7,"turns":4},{"damage":11,"enemies":"Jaw Worm","floor":13,"turns":2},{"damage":66,"enemies":"The Guardian","floor":16,"turns":13},{"damage":20,"enemies":"Shell Parasite","floor":18,"turns":3},{"damage":5,"enemies":"Chosen","floor":19,"turns":2},{"damage":14,"enemies":"Colosseum Slavers","floor":22,"turns":3},{"damage":20,"enemies":"Centurion and Healer","floor":23,"turns":3},{"damage":0,"enemies":"Snake Plant","floor":25,"turns":2},{"damage":31,"enemies":"Shelled Parasite and Fungi","floor":27,"turns":3},{"damage":6,"enemies":"3 Cultists","floor":29,"turns":3},{"damage":5,"enemies":"Cultist and Chosen","floor":31,"turns":3},{"damage":23,"enemies":"Collector","floor":33,"turns":3},{"damage":0,"enemies":"Orb Walker","floor":35,"turns":1},{"damage":33,"enemies":"3 Shapes","floor":37,"turns":3},{"damage":0,"enemies":"Reptomancer","floor":41,"turns":1},{"damage":0,"enemies":"3 Darklings","floor":42,"turns":2},{"damage":0,"enemies":"Spire Growth","floor":44,"turns":1},{"damage":0,"enemies":"Giant Head","floor":45,"turns":1},{"damage":9,"enemies":"Jaw Worm Horde","floor":47,"turns":3},{"damage":40,"enemies":"4 Shapes","floor":48,"turns":3},{"damage":40,"enemies":"Donu and Deca","floor":50,"turns":4}],"seed_played":"-8996676861912854258","potions_obtained":[{"floor":1,"key":"LiquidBronze"},{"floor":4,"key":"Dexterity Potion"},{"floor":18,"key":"AttackPotion"},{"floor":25,"key":"EssenceOfSteel"},{"floor":27,"key":"Weak Potion"},{"floor":33,"key":"Fire Potion"},{"floor":35,"key":"SpeedPotion"},{"floor":37,"key":"Ancient Potion"}],"is_trial":false,"path_per_floor":["M","$","?","M","$","?","E","R","T","$","R","?","M","T","R","B",null,"M","M","$","?","?","M","?","M","T","M","R","M","?","M","R","B",null,"M","?","M","?","?","R","E","M","T","M","E","R","M","M","R","B",null],"character_chosen":"IRONCLAD","items_purchased":["Dropkick"],"campfire_rested":5,"item_purchase_floors":[5],"current_hp_per_floor":[57,57,57,58,58,58,36,36,36,36,60,53,48,48,80,32,80,66,67,67,67,59,57,80,80,80,55,55,55,55,56,80,63,80,80,76,49,49,49,76,76,76,76,76,76,76,73,53,76,54],"gold":0,"neow_bonus":"TWO_FIFTY_GOLD","is_prod":false,"is_daily":false,"chose_seed":false,"campfire_upgraded":3,"win_rate":0,"timestamp":1550850740,"path_taken":["M","$","?","M","$","?","E","R","T","$","R","?","M","?","R","BOSS","M","M","$","?","?","M","?","M","T","M","R","M","?","?","R","BOSS","M","?","M","?","?","R","E","M","T","?","E","R","M","M","R","BOSS"],"build_version":"2019-01-23","purchased_purges":4,"victory":true,"max_hp_per_floor":[80,80,80,80,80,80,80,80,80,80,80,80,80,80,80,80,80,80,80,80,80,80,80,80,80,80,80,80,80,80,80,80,80,80,80,76,76,76,76,76,76,76,76,76,76,76,76,76,76,76],"card_choices":[{"not_picked":["Burning Pact","Thunderclap","Shrug It Off"],"picked":"SKIP","floor":1},{"not_picked":["Twin Strike","Cleave","Hemokinesis"],"picked":"SKIP","floor":4},{"not_picked":["Cleave","Infernal Blade","Wild Strike"],"picked":"SKIP","floor":7},{"not_picked":["Cleave+1","Warcry","Pummel+1"],"picked":"SKIP","floor":13},{"not_picked":["Bludgeon+1","Exhume"],"picked":"Double Tap","floor":16},{"not_picked":["Battle Trance","Ghostly Armor"],"picked":"Pommel Strike+1","floor":18},{"not_picked":["Cleave+1","Shrug It Off","Pummel+1"],"picked":"SKIP","floor":19},{"not_picked":["Intimidate","Body Slam+1","Double Tap"],"picked":"SKIP","floor":23},{"not_picked":["Body Slam+1","Perfected Strike+1","Rage"],"picked":"SKIP","floor":25},{"not_picked":["Intimidate","Shockwave+1","Armaments"],"picked":"SKIP","floor":27},{"not_picked":["Iron Wave+1","Perfected Strike+1","Heavy Blade+1"],"picked":"SKIP","floor":29},{"not_picked":["Heavy Blade+1","Warcry","True Grit+1"],"picked":"SKIP","floor":31},{"not_picked":["Uppercut+1","Sword Boomerang+1","Shrug It Off"],"picked":"SKIP","floor":35},{"not_picked":["Twin Strike+1","Armaments","Second Wind"],"picked":"SKIP","floor":37},{"not_picked":["Cleave+1","Barricade","Wild Strike+1"],"picked":"SKIP","floor":41},{"not_picked":["Twin Strike+1","Headbutt+1","Body Slam+1"],"picked":"SKIP","floor":42},{"not_picked":["Iron Wave+1","Dropkick+1","Battle Trance+1"],"picked":"SKIP","floor":44},{"not_picked":["Power Through+1","True Grit+1","Second Wind"],"picked":"SKIP","floor":45},{"not_picked":["Power Through","Thunderclap+1","Entrench"],"picked":"SKIP","floor":47},{"not_picked":["Perfected Strike+1","Pommel Strike+1","Armaments"],"picked":"SKIP","floor":48}],"player_experience":478407,"relics_obtained":[{"floor":7,"key":"Molten Egg 2"},{"floor":9,"key":"Meat on the Bone"},{"floor":14,"key":"Regal Pillow"},{"floor":26,"key":"Pen Nib"},{"floor":41,"key":"Blood Vial"},{"floor":43,"key":"Pantograph"},{"floor":45,"key":"Juzu Bracelet"}],"event_choices":[{"cards_removed":["Defend_R"],"damage_healed":0,"gold_gain":0,"player_choice":"Forget","damage_taken":0,"max_hp_gain":0,"max_hp_loss":0,"event_name":"Living Wall","floor":3,"gold_loss":0},{"cards_removed":["Defend_R"],"damage_healed":0,"gold_gain":0,"player_choice":"Card Removal","damage_taken":0,"max_hp_gain":0,"max_hp_loss":0,"event_name":"The Cleric","floor":6,"gold_loss":50},{"cards_removed":["Defend_R"],"damage_healed":0,"gold_gain":0,"player_choice":"Card Removal","damage_taken":7,"max_hp_gain":0,"max_hp_loss":0,"event_name":"Golden Wing","floor":12,"gold_loss":0},{"damage_healed":0,"gold_gain":99,"player_choice":"Stole From Cult","damage_taken":0,"max_hp_gain":0,"max_hp_loss":0,"event_name":"Nest","floor":21,"gold_loss":0},{"damage_healed":0,"gold_gain":0,"player_choice":"Fight","damage_taken":0,"max_hp_gain":0,"max_hp_loss":0,"event_name":"Colosseum","floor":22,"gold_loss":0},{"damage_healed":0,"gold_gain":0,"player_choice":"Fled From Nobs","damage_taken":0,"max_hp_gain":0,"max_hp_loss":0,"event_name":"Colosseum","floor":22,"gold_loss":0},{"damage_healed":26,"gold_gain":0,"player_choice":"Heal","damage_taken":0,"max_hp_gain":0,"max_hp_loss":0,"event_name":"The Library","floor":24,"gold_loss":0},{"damage_healed":0,"gold_gain":0,"player_choice":"Paid Fearfully","damage_taken":0,"max_hp_gain":0,"max_hp_loss":0,"event_name":"Masked Bandits","floor":30,"gold_loss":8},{"damage_healed":0,"gold_gain":0,"player_choice":"Max HP","damage_taken":0,"max_hp_gain":0,"max_hp_loss":4,"event_name":"Winding Halls","floor":36,"gold_loss":0},{"damage_healed":0,"gold_gain":0,"player_choice":"Ignored","damage_taken":0,"max_hp_gain":0,"max_hp_loss":0,"event_name":"Mysterious Sphere","floor":38,"gold_loss":0},{"cards_removed":["Strike_R"],"damage_healed":0,"gold_gain":0,"player_choice":"Offered Basic","damage_taken":0,"max_hp_gain":0,"max_hp_loss":0,"event_name":"Bonfire Elementals","floor":39,"gold_loss":0}],"is_beta":false,"boss_relics":[{"not_picked":["Fusion Hammer","Runic Pyramid"],"picked":"Ectoplasm"},{"not_picked":["Coffee Dripper","Tiny House"],"picked":"Philosopher\u0027s Stone"}],"items_purged_floors":[2,5,10,20],"is_endless":false,"potions_floor_spawned":[1,4,18,25,27,33,35,37,42,47],"ascension_level":0}