{"gold_per_floor":[10,30,50,325,338,369,369,519,519,519,519],"floor_reached":11,"playtime":452,"items_purged":[],"score":142,"play_id":"d63f07a6-a527-4719-9f0f-b39cff5fcf61","local_time":"20190131135049","is_ascension_mode":true,"campfire_choices":[{"floor":7,"key":"REST"},{"data":"True Grit","floor":10,"key":"SMITH"}],"neow_cost":"NO_GOLD","seed_source_timestamp":1171714598133297,"circlet_count":0,"master_deck":["AscendersBane","Strike_R","Strike_R","Strike_R","Strike_R","Strike_R","Defend_R","Defend_R","Defend_R","Defend_R","Bash","Anger","Cleave","Regret","Battle Trance","True Grit+1","Doubt"],"relics":["Burning Blood","Magic Flower","Gambling Chip","Ginger"],"potions_floor_usage":[6,6],"damage_taken":[{"damage":16,"enemies":"Small Slimes","floor":1,"turns":5},{"damage":2,"enemies":"Cultist","floor":2,"turns":4},{"damage":7,"enemies":"Jaw Worm","floor":3,"turns":3},{"damage":18,"enemies":"Looter","floor":5,"turns":4},{"damage":45,"enemies":"3 Sentries","floor":6,"turns":8},{"damage":47,"enemies":"Lagavulin","floor":11,"turns":5}],"seed_played":"4489745514872807761","potions_obtained":[{"floor":2,"key":"SkillPotion"},{"floor":5,"key":"PowerPotion"},{"floor":6,"key":"GamblersBrew"}],"is_trial":false,"path_per_floor":["M","M","M","?","M","E","R","?","T","R","E"],"character_chosen":"IRONCLAD","items_purchased":[],"campfire_rested":1,"item_purchase_floors":[],"current_hp_per_floor":[61,68,70,70,61,25,47,47,47,47,0],"gold":519,"neow_bonus":"ONE_RARE_RELIC","is_prod":false,"is_daily":false,"chose_seed":false,"campfire_upgraded":1,"win_rate":0,"timestamp":1548960649,"path_taken":["M","M","M","?","?","E","R","?","T","R","E"],"build_version":"2019-01-23","purchased_purges":0,"victory":false,"max_hp_per_floor":[75,75,75,75,75,75,75,75,75,75,75],"card_choices":[{"not_picked":["Dropkick","Sever Soul"],"picked":"Anger","floor":1},{"not_picked":["Sword Boomerang","Heavy Blade"],"picked":"Cleave","floor":2},{"not_picked":["Anger","Wild Strike","Twin Strike"],"picked":"SKIP","floor":3},{"not_picked":["Barricade","Sword Boomerang"],"picked":"Battle Trance","floor":5},{"not_picked":["Rage","Thunderclap"],"picked":"True Grit","floor":6}],"player_experience":600843,"relics_obtained":[{"floor":6,"key":"Gambling Chip"},{"floor":9,"key":"Ginger"}],"event_choices":[{"damage_healed":0,"gold_gain":275,"player_choice":"Desecrate","damage_taken":0,"max_hp_gain":0,"max_hp_loss":0,"event_name":"Golden Shrine","floor":4,"gold_loss":0,"cards_obtained":["Regret"]},{"damage_healed":0,"gold_gain":150,"player_choice":"AGREE","damage_taken":0,"max_hp_gain":0,"max_hp_loss":0,"event_name":"Liars Game","floor":8,"gold_loss":0,"cards_obtained":["Doubt"]}],"is_beta":false,"boss_relics":[],"items_purged_floors":[],"is_endless":false,"potions_floor_spawned":[2,5,6],"killed_by":"Lagavulin","ascension_level":19}