{"gold_per_floor":[137,137,137,175,175],"floor_reached":5,"playtime":402,"items_purged":[],"score":79,"play_id":"5762fdb6-6977-4df2-958e-de1e3ad40b69","local_time":"20181016232143","daily_mods":["Draft","Specialized","DeadlyEvents","MonsterHunter"],"is_ascension_mode":false,"campfire_choices":[],"neow_cost":"","seed_source_timestamp":0,"circlet_count":0,"master_deck":["Compile Driver","Sweeping Beam","Storm","Capacitor","Hello World","Conserve Battery","Chaos","Leap","FTL","Glacier","Compile Driver","FTL","Force Field","Ball Lightning","Redo","Sweeping Beam","Pain","Loop"],"relics":["Cracked Core","WarpedTongs","StoneCalendar"],"potions_floor_usage":[],"damage_taken":[{"damage":11,"enemies":"Jaw Worm","floor":1,"turns":3},{"damage":3,"enemies":"Cultist","floor":4,"turns":3},{"damage":6,"enemies":"2 Louse","floor":5,"turns":2}],"seed_played":"-3094546428816298900","potions_obtained":[],"is_trial":true,"path_per_floor":["M","?","?","M"],"character_chosen":"DEFECT","items_purchased":[],"campfire_rested":0,"item_purchase_floors":[],"current_hp_per_floor":[64,64,57,54,48],"gold":175,"neow_bonus":"","is_prod":false,"is_daily":false,"chose_seed":false,"campfire_upgraded":0,"win_rate":0,"timestamp":1539746503,"path_taken":["M","?","?","M","M"],"build_version":"2018-10-11","purchased_purges":0,"victory":false,"max_hp_per_floor":[75,75,75,75,75],"card_choices":[{"not_picked":["Barrage","Steam"],"picked":"Compile Driver","floor":0},{"not_picked":["Turbo","Compile Driver"],"picked":"Sweeping Beam","floor":0},{"not_picked":["Coolheaded","Ball Lightning"],"picked":"Storm","floor":0},{"not_picked":["Genetic Algorithm","Turbo"],"picked":"Capacitor","floor":0},{"not_picked":["Sweeping Beam","Redo"],"picked":"Hello World","floor":0},{"not_picked":["Cold Snap","Beam Cell"],"picked":"Conserve Battery","floor":0},{"not_picked":["Steam Power","Coolheaded"],"picked":"Chaos","floor":0},{"not_picked":["Gash","Stack"],"picked":"Leap","floor":0},{"not_picked":["Aggregate","Redo"],"picked":"FTL","floor":0},{"not_picked":["Cold Snap","Compile Driver"],"picked":"Glacier","floor":0},{"not_picked":["Gash","Steam"],"picked":"Compile Driver","floor":0},{"not_picked":["Gash","Redo"],"picked":"FTL","floor":0},{"not_picked":["Turbo","Chill"],"picked":"Force Field","floor":0},{"not_picked":["Sweeping Beam","Streamline"],"picked":"Ball Lightning","floor":0},{"not_picked":["Hologram","Stack"],"picked":"Redo","floor":0},{"not_picked":["Cold Snap","Beam Cell"],"picked":"Sweeping Beam","floor":1},{"not_picked":["Rebound","Gash"],"picked":"Loop","floor":4}],"player_experience":163148,"relics_obtained":[],"event_choices":[{"event_name":"Accursed Blacksmith","player_choice":"Rummage","floor":2,"damage_taken":0},{"event_name":"Scrap Ooze","player_choice":"success","floor":3,"damage_taken":7}],"is_beta":false,"boss_relics":[],"items_purged_floors":[],"is_endless":true,"potions_floor_spawned":[],"killed_by":"2 Louse","ascension_level":0}