{"path_per_floor":["M","M","?","M","?","E","?","E","T","E","M","M","R","E","R","B",null,"M","T","M","$","M","E","M","R","T","R","?","E","M","E","R","B",null,"M","?","$","?","?","E","?","M","T","R","M","E","R","M","R","B"],"character_chosen":"DEFECT","items_purchased":["Hologram","Rebound","Ball Lightning","Boot","Bandage Up","Mind Blast","Thunder Strike","Beam Cell"],"gold_per_floor":[109,123,73,92,167,197,197,222,222,257,274,291,291,325,325,427,427,441,441,455,41,53,78,89,89,89,89,89,123,143,172,172,277,277,292,292,4,4,4,32,32,49,49,49,59,84,84,103,103,103],"floor_reached":51,"campfire_rested":3,"playtime":3965,"item_purchase_floors":[],"current_hp_per_floor":[74,73,73,73,62,61,61,51,51,51,43,39,39,31,31,10,75,59,59,53,53,53,57,49,49,49,49,49,60,64,41,65,41,82,80,80,80,82,72,29,29,29,29,53,61,27,51,63,63,10],"items_purged":["Injury"],"gold":103,"score":884,"play_id":"c89d046c-1495-4b72-bab8-69fd7ae1e332","local_time":"20180601122139","is_prod":false,"is_daily":false,"chose_seed":false,"is_ascension_mode":true,"campfire_upgraded":5,"win_rate":0.0,"timestamp":1527848499,"campfire_choices":[{"data":"Loop","floor":13.0,"key":"SMITH"},{"data":"Defragment","floor":15.0,"key":"SMITH"},{"data":"Rip and Tear","floor":25.0,"key":"SMITH"},{"data":"Reinforced Body","floor":27.0,"key":"SMITH"},{"floor":32.0,"key":"REST"},{"floor":44.0,"key":"REST"},{"floor":47.0,"key":"REST"},{"data":"Rainbow","floor":49.0,"key":"SMITH"}],"path_taken":["M","M","?","M","?","E","?","E","T","E","M","M","R","E","R","BOSS","M","?","M","$","?","E","M","R","T","R","?","E","M","E","R","BOSS","M","?","$","?","?","E","?","M","T","R","M","E","R","M","R","BOSS"],"build_version":"2018-05-31","seed_source_timestamp":1346645179483219,"purchased_purges":1,"victory":true,"master_deck":["Strike_B","Defend_B","Defend_B","Defend_B","Defend_B","Zap+1","Dualcast","Auto Shields","Rip and Tear+1","Coolheaded","White Noise+1","Reinforced Body+1","Cold Snap","Loop+1","Lockon","Defragment+1","All For One","BootSequence+1","Coolheaded","Hologram","Rebound","Ball Lightning","Bandage Up","Consume+1","Coolheaded+1","Beam Cell","Rebound","Gash+1","Seek","Gash","Rainbow+1","Doom and Gloom","Mind Blast","Thunder Strike","Beam Cell","Flash of Steel","Madness","Panache","Redo","Cold Snap","Capacitor","Hologram+1","Hologram","Gash+1"],"max_hp_per_floor":[75,75,75,75,75,75,75,75,75,75,75,75,75,75,75,75,75,75,75,75,75,75,75,75,75,75,75,75,82,82,82,82,82,82,82,82,82,82,82,82,82,82,82,82,82,82,82,82,82,82],"relics":["Cracked Core","Orichalcum","Smiling Mask","Oddly Smooth Stone","Letter Opener","Bag of Marbles","Nuclear Battery","Lantern","Boot","Art of War","Gremlin Horn","Strawberry","Bird Faced Urn","Philosopher\u0027s Stone","Happy Flower","Mercury Hourglass","Molten Egg 2"],"card_choices":[{"not_picked":["Steam","Stack"],"picked":"Auto Shields","floor":1.0},{"not_picked":["Steam","Stack"],"picked":"Rip and Tear","floor":2.0},{"not_picked":["Hologram","Chill"],"picked":"Coolheaded","floor":4.0},{"not_picked":["Conserve Battery","Sweeping Beam"],"picked":"White Noise","floor":6.0},{"not_picked":["Ball Lightning","Streamline"],"picked":"Reinforced Body","floor":8.0},{"not_picked":["Rip and Tear","Storm"],"picked":"Cold Snap","floor":10.0},{"not_picked":["Ball Lightning","Undo"],"picked":"Loop","floor":11.0},{"not_picked":["Gash","Coolheaded"],"picked":"Lockon","floor":12.0},{"not_picked":["Melter","Force Field"],"picked":"Defragment","floor":14.0},{"not_picked":["Machine Learning","Multi-Cast"],"picked":"All For One","floor":16.0},{"not_picked":["Chill+1","Redo"],"picked":"BootSequence+1","floor":18.0},{"not_picked":["Cold Snap","Conserve Battery"],"picked":"Coolheaded","floor":20.0},{"not_picked":["Streamline","Loop"],"picked":"Consume+1","floor":22.0},{"not_picked":["Leap","Undo"],"picked":"Coolheaded+1","floor":23.0},{"not_picked":["Static Discharge","Coolheaded"],"picked":"Beam Cell","floor":24.0},{"not_picked":["Steam Power","Steam"],"picked":"Consume+1","floor":29.0},{"not_picked":["Barrage","Force Field"],"picked":"Rebound","floor":30.0},{"not_picked":["Cold Snap","Double Energy"],"picked":"Gash+1","floor":31.0},{"not_picked":["Reboot","Biased Cognition"],"picked":"Seek","floor":33.0},{"not_picked":["Streamline","FTL+1"],"picked":"Gash","floor":35.0},{"not_picked":["Jack Of All Trades","Purity"],"picked":"Flash of Steel","floor":39.0},{"not_picked":["Secret Technique","Sadistic Nature"],"picked":"Madness","floor":39.0},{"not_picked":["Master of Strategy","Panacea"],"picked":"Panache","floor":39.0},{"not_picked":["Barrage","Double Energy"],"picked":"Redo","floor":40.0},{"not_picked":["Gash+1","Cold Snap+1"],"picked":"Capacitor","floor":42.0},{"not_picked":["Fusion","Melter"],"picked":"Hologram+1","floor":45.0},{"not_picked":["Stack+1","BootSequence"],"picked":"Hologram","floor":46.0},{"not_picked":["Barrage+1","Reinforced Body"],"picked":"Gash+1","floor":48.0}],"player_experience":423909,"potions_floor_usage":[50,50,50],"damage_taken":[{"damage":1.0,"enemies":"Jaw Worm","floor":1.0,"turns":4.0},{"damage":1.0,"enemies":"2 Louse","floor":2.0,"turns":3.0},{"damage":0.0,"enemies":"Cultist","floor":4.0,"turns":3.0},{"damage":16.0,"enemies":"3 Sentries","floor":6.0,"turns":9.0},{"damage":10.0,"enemies":"Lagavulin","floor":8.0,"turns":7.0},{"damage":0.0,"enemies":"3 Sentries","floor":10.0,"turns":5.0},{"damage":8.0,"enemies":"Exordium Wildlife","floor":11.0,"turns":5.0},{"damage":4.0,"enemies":"2 Fungi Beasts","floor":12.0,"turns":3.0},{"damage":8.0,"enemies":"Gremlin Nob","floor":14.0,"turns":5.0},{"damage":21.0,"enemies":"Slime Boss","floor":16.0,"turns":6.0},{"damage":16.0,"enemies":"2 Thieves","floor":18.0,"turns":4.0},{"damage":6.0,"enemies":"Chosen","floor":20.0,"turns":4.0},{"damage":0.0,"enemies":"Snecko","floor":22.0,"turns":3.0},{"damage":0.0,"enemies":"Gremlin Leader","floor":23.0,"turns":6.0},{"damage":12.0,"enemies":"Slaver and Parasite","floor":24.0,"turns":6.0},{"damage":0.0,"enemies":"Book of Stabbing","floor":29.0,"turns":8.0},{"damage":0.0,"enemies":"Centurion and Healer","floor":30.0,"turns":5.0},{"damage":27.0,"enemies":"Gremlin Leader","floor":31.0,"turns":8.0},{"damage":34.0,"enemies":"Automaton","floor":33.0,"turns":15.0},{"damage":6.0,"enemies":"Orb Walker","floor":35.0,"turns":3.0},{"damage":45.0,"enemies":"Nemesis","floor":40.0,"turns":4.0},{"damage":0.0,"enemies":"3 Shapes","floor":42.0,"turns":2.0},{"damage":4.0,"enemies":"3 Darklings","floor":45.0,"turns":3.0},{"damage":46.0,"enemies":"2 Orb Walkers","floor":46.0,"turns":4.0},{"damage":0.0,"enemies":"Maw","floor":48.0,"turns":4.0},{"damage":67,"enemies":"Awakened One","floor":50,"turns":8}],"relics_obtained":[{"floor":6.0,"key":"Orichalcum"},{"floor":8.0,"key":"Smiling Mask"},{"floor":9.0,"key":"Oddly Smooth Stone"},{"floor":10.0,"key":"Letter Opener"},{"floor":14.0,"key":"Bag of Marbles"},{"floor":19.0,"key":"Lantern"},{"floor":23.0,"key":"Art of War"},{"floor":26.0,"key":"Gremlin Horn"},{"floor":29.0,"key":"Strawberry"},{"floor":31.0,"key":"Bird Faced Urn"},{"floor":40.0,"key":"Happy Flower"},{"floor":43.0,"key":"Mercury Hourglass"},{"floor":46.0,"key":"Molten Egg 2"}],"event_choices":[{"event_name":"The Cleric","player_choice":"Card Removal","floor":3.0,"damage_taken":0.0},{"event_name":"World of Goop","player_choice":"Gather Gold","floor":5.0,"damage_taken":0.0},{"event_name":"Accursed Blacksmith","player_choice":"Forge","floor":7.0,"damage_taken":0.0},{"event_name":"Purifier","player_choice":"One Purge","floor":28.0,"damage_taken":0.0},{"event_name":"Match and Keep!","player_choice":"2 cards matched","floor":36.0,"damage_taken":0.0},{"event_name":"Bonfire Elementals","player_choice":"UNCOMMON","floor":38.0,"damage_taken":0.0},{"event_name":"SensoryStone","player_choice":"Memory 3","floor":39.0,"damage_taken":0.0},{"event_name":"Transmorgrifier","player_choice":"Transform","floor":41.0,"damage_taken":0.0}],"boss_relics":[],"items_purged_floors":[],"potions_floor_spawned":[2,10,11,14,20,23,30,45,46],"seed_played":"2891989502032638061","ascension_level":1,"potions_obtained":[{"floor":2.0,"key":"Regen Potion"},{"floor":10.0,"key":"PowerPotion"},{"floor":11.0,"key":"PowerPotion"},{"floor":14.0,"key":"Dexterity Potion"},{"floor":20.0,"key":"PowerPotion"},{"floor":23.0,"key":"Strength Potion"},{"floor":30.0,"key":"Weak Potion"},{"floor":45.0,"key":"Strength Potion"},{"floor":46.0,"key":"GamblersBrew"}],"is_trial":false}