{"gold_per_floor":[217,236,247,422,435,435,435,435,459,484,494,494,521,536,536,536],"floor_reached":16,"playtime":817,"items_purged":[],"score":133,"play_id":"f7faa25a-4ae9-487e-b32a-1b09265f122b","local_time":"20190207092630","is_ascension_mode":true,"campfire_choices":[{"data":"Neutralize","floor":6,"key":"SMITH"},{"data":"Cloak And Dagger","floor":8,"key":"SMITH"},{"data":"Cloak And Dagger","floor":12,"key":"SMITH"},{"floor":15,"key":"REST"}],"neow_cost":"NONE","seed_source_timestamp":2371377437337785,"circlet_count":0,"master_deck":["Defend_G","Defend_G","Defend_G","Defend_G","Defend_G","Strike_G+1","Strike_G+1","Strike_G","Strike_G","Strike_G","Survivor","Neutralize+1","Dagger Throw","Cloak And Dagger+1","Doubt","Regret","Cloak And Dagger+1"],"relics":["Ring of the Snake","Smiling Mask","Happy Flower","Juzu Bracelet","Whetstone"],"potions_floor_usage":[16],"damage_taken":[{"damage":0,"enemies":"Cultist","floor":1,"turns":4},{"damage":11,"enemies":"Jaw Worm","floor":2,"turns":5},{"damage":0,"enemies":"2 Louse","floor":3,"turns":3},{"damage":1,"enemies":"Blue Slaver","floor":5,"turns":5},{"damage":10,"enemies":"3 Louse","floor":11,"turns":5},{"damage":24,"enemies":"3 Sentries","floor":13,"turns":12},{"damage":7,"enemies":"Exordium Thugs","floor":14,"turns":5},{"damage":31,"enemies":"Hexaghost","floor":16,"turns":9}],"seed_played":"4910445305195179867","potions_obtained":[{"floor":11,"key":"FearPotion"},{"floor":13,"key":"Poison Potion"}],"is_trial":false,"path_per_floor":["M","M","M","?","M","R","?","R","T","T","M","R","E","M","R","B"],"character_chosen":"THE_SILENT","items_purchased":[],"campfire_rested":1,"item_purchase_floors":[],"current_hp_per_floor":[63,52,52,52,51,51,51,51,51,51,41,41,17,10,31,0],"gold":536,"neow_bonus":"HUNDRED_GOLD","is_prod":false,"is_daily":false,"chose_seed":false,"campfire_upgraded":3,"win_rate":0,"timestamp":1549560390,"path_taken":["M","?","M","?","M","R","?","R","T","?","M","R","E","M","R","BOSS"],"build_version":"2019-01-23","purchased_purges":0,"victory":false,"max_hp_per_floor":[70,70,70,70,70,70,70,70,70,70,70,70,70,70,70,70],"card_choices":[{"not_picked":["Bane","Catalyst"],"picked":"Dagger Throw","floor":1},{"not_picked":["Quick Slash","Prepared","Underhanded Strike"],"picked":"SKIP","floor":2},{"not_picked":["Wraith Form v2","Dagger Throw"],"picked":"Cloak And Dagger","floor":3},{"not_picked":["Poisoned Stab","Underhanded Strike","Deflect"],"picked":"SKIP","floor":5},{"not_picked":["Quick Slash","All Out Attack"],"picked":"Cloak And Dagger","floor":11},{"not_picked":["Distraction","Poisoned Stab","Eviscerate"],"picked":"SKIP","floor":13},{"not_picked":["Blade Dance","Concentrate","Sucker Punch"],"picked":"SKIP","floor":14}],"player_experience":287786,"relics_obtained":[{"floor":9,"key":"Happy Flower"},{"floor":10,"key":"Juzu Bracelet"},{"floor":13,"key":"Whetstone"}],"event_choices":[{"damage_healed":0,"gold_gain":175,"player_choice":"AGREE","damage_taken":0,"max_hp_gain":0,"max_hp_loss":0,"event_name":"Liars Game","floor":4,"gold_loss":0,"cards_obtained":["Doubt"]},{"damage_healed":0,"gold_gain":0,"player_choice":"Box","damage_taken":0,"relics_obtained":["Smiling Mask"],"max_hp_gain":0,"max_hp_loss":0,"event_name":"Big Fish","floor":7,"gold_loss":0,"cards_obtained":["Regret"]}],"is_beta":false,"boss_relics":[],"items_purged_floors":[],"is_endless":false,"potions_floor_spawned":[11,13],"killed_by":"Hexaghost","ascension_level":6}