{"gold_per_floor":[116,135,150,170,39,70,70,95,95,95],"floor_reached":10,"playtime":299,"items_purged":["Strike_B"],"score":148,"play_id":"5c9c0e71-edcb-4040-b3df-cf1f39845c64","local_time":"20190214165941","is_ascension_mode":true,"campfire_choices":[{"floor":7.0,"key":"REST"}],"neow_cost":"NONE","seed_source_timestamp":26357692071895,"circlet_count":0,"master_deck":["AscendersBane","Strike_B","Strike_B","Strike_B","Defend_B","Defend_B","Defend_B","Defend_B","Zap+1","Dualcast","Skim","Cold Snap","Leap","Darkness","Conserve Battery","Go for the Eyes","Leap"],"special_seed":0,"relics":["Cracked Core","Vajra","Bottled Flame","Sundial"],"potions_floor_usage":[],"damage_taken":[{"damage":0.0,"enemies":"2 Louse","floor":1.0,"turns":1.0},{"damage":1.0,"enemies":"Cultist","floor":2.0,"turns":3.0},{"damage":9.0,"enemies":"Small Slimes","floor":3.0,"turns":4.0},{"damage":0.0,"enemies":"2 Fungi Beasts","floor":4.0,"turns":2.0},{"damage":27.0,"enemies":"3 Sentries","floor":6.0,"turns":11.0},{"damage":45,"enemies":"Gremlin Nob","floor":8,"turns":5},{"damage":7,"enemies":"3 Louse","floor":10,"turns":1}],"seed_played":"-4772743764517410618","potions_obtained":[{"floor":1.0,"key":"Explosive Potion"},{"floor":4.0,"key":"Poison Potion"}],"is_trial":false,"path_per_floor":["M","M","M","M","$","E","R","E","T","M"],"character_chosen":"DEFECT","items_purchased":["Conserve Battery"],"campfire_rested":1,"item_purchase_floors":[5],"current_hp_per_floor":[64,63,54,54,54,27,48,3,3,0],"gold":95,"neow_bonus":"UPGRADE_CARD","is_prod":false,"is_daily":false,"chose_seed":false,"campfire_upgraded":0,"win_rate":0,"timestamp":1550131181,"path_taken":["M","M","M","M","$","E","R","E","T","M"],"build_version":"2019-01-23","purchased_purges":1,"victory":false,"max_hp_per_floor":[71,71,71,71,71,71,71,71,71,71],"card_choices":[{"not_picked":["Tempest","Beam Cell"],"picked":"Skim","floor":1.0},{"not_picked":["Consume","Redo"],"picked":"Cold Snap","floor":2.0},{"not_picked":["Go for the Eyes","Barrage"],"picked":"Leap","floor":3.0},{"not_picked":["Turbo","Auto Shields"],"picked":"Darkness","floor":4.0},{"not_picked":["Turbo","Hologram"],"picked":"Go for the Eyes","floor":6.0},{"not_picked":["Scrape","Sunder"],"picked":"Leap","floor":8}],"player_experience":357927,"relics_obtained":[{"floor":6.0,"key":"Vajra"},{"floor":8,"key":"Bottled Flame"},{"floor":9,"key":"Sundial"}],"event_choices":[],"is_beta":false,"boss_relics":[],"items_purged_floors":[5],"is_endless":false,"potions_floor_spawned":[1,4],"killed_by":"3 Louse","ascension_level":18}