{"gold_per_floor":[111,111,111,36,53,53,88,88,88,120,140,171,183,196,196,272,272,291,309,326,25,40,73,73,73],"floor_reached":25,"playtime":1186,"items_purged":["Strike_G","Grand Finale"],"score":481,"play_id":"8aadb16a-2912-40db-aedb-5d4444e53777","local_time":"20190220123053","is_ascension_mode":true,"campfire_choices":[{"data":"Dash","floor":6,"key":"SMITH"},{"floor":8,"key":"REST"},{"data":"Deadly Poison","floor":15,"key":"SMITH"}],"neow_cost":"NONE","seed_source_timestamp":92206807908358,"circlet_count":0,"master_deck":["AscendersBane","Defend_G","Defend_G","Defend_G","Defend_G+1","Defend_G","Strike_G","Strike_G","Strike_G+1","Survivor","Neutralize","Deadly Poison+1","Dash+1","Backflip","Skewer+1","Backstab+1","Noxious Fumes","Poisoned Stab+1","PiercingWail","Corpse Explosion","Well Laid Plans","Deadly Poison","Footwork","Well Laid Plans","Ghostly","Ghostly","Ghostly","Ghostly","Ghostly"],"relics":["Sozu","Happy Flower","Molten Egg 2","Regal Pillow","Ancient Tea Set","Eternal Feather","TwistedFunnel","WingedGreaves"],"potions_floor_usage":[],"damage_taken":[{"damage":1,"enemies":"Cultist","floor":1,"turns":5},{"damage":0,"enemies":"Small Slimes","floor":5,"turns":4},{"damage":27,"enemies":"3 Sentries","floor":7,"turns":13},{"damage":5,"enemies":"Lagavulin","floor":10,"turns":8},{"damage":0,"enemies":"Jaw Worm","floor":11,"turns":2},{"damage":0,"enemies":"Gremlin Nob","floor":12,"turns":2},{"damage":3,"enemies":"3 Louse","floor":13,"turns":3},{"damage":10,"enemies":"Exordium Thugs","floor":14,"turns":3},{"damage":5,"enemies":"Hexaghost","floor":16,"turns":8},{"damage":0,"enemies":"Chosen","floor":18,"turns":4},{"damage":4,"enemies":"Spheric Guardian","floor":19,"turns":4},{"damage":15,"enemies":"Centurion and Healer","floor":20,"turns":3},{"damage":0,"enemies":"Snecko","floor":22,"turns":4},{"damage":29,"enemies":"Book of Stabbing","floor":23,"turns":5},{"damage":9,"enemies":"Slavers","floor":25,"turns":1}],"seed_played":"6283918125147493605","potions_obtained":[],"is_trial":false,"path_per_floor":["M","?","?","$","M","R","E","R","T","E","M","E","M","M","R","B",null,"M","M","M","$","M","E","?","E"],"character_chosen":"THE_SILENT","items_purchased":["TwistedFunnel"],"campfire_rested":1,"item_purchase_floors":[21],"current_hp_per_floor":[58,45,45,45,45,45,18,37,37,32,32,32,29,19,19,14,53,53,49,34,34,34,5,5,0],"gold":73,"neow_bonus":"BOSS_RELIC","is_prod":false,"is_daily":false,"chose_seed":false,"campfire_upgraded":2,"win_rate":0,"timestamp":1550683853,"path_taken":["M","?","?","$","M","R","E","R","T","E","?","E","M","M","R","BOSS","M","M","M","$","?","E","?","E"],"build_version":"2019-01-23","purchased_purges":2,"victory":false,"max_hp_per_floor":[66,66,66,66,66,66,66,66,66,66,66,66,66,66,66,66,66,66,66,66,66,66,66,33,33],"card_choices":[{"not_picked":["Sucker Punch","Dodge and Roll"],"picked":"Deadly Poison","floor":1},{"not_picked":["Blade Dance","Calculated Gamble"],"picked":"Dash","floor":5},{"not_picked":["Blade Dance","A Thousand Cuts"],"picked":"Backflip","floor":7},{"not_picked":["Blur","Masterful Stab+1"],"picked":"Skewer+1","floor":10},{"not_picked":["Heel Hook+1","Underhanded Strike+1"],"picked":"Backstab+1","floor":11},{"not_picked":["Quick Slash+1","Dagger Spray+1"],"picked":"Noxious Fumes","floor":12},{"not_picked":["Skewer+1","Calculated Gamble"],"picked":"Poisoned Stab+1","floor":13},{"not_picked":["Noxious Fumes","Acrobatics"],"picked":"PiercingWail","floor":14},{"not_picked":["Malaise","Storm of Steel"],"picked":"Corpse Explosion","floor":16},{"not_picked":["Terror","Tactician"],"picked":"Well Laid Plans","floor":18},{"not_picked":["Bane+1","Slice+1","Prepared"],"picked":"SKIP","floor":19},{"not_picked":["Slice+1","Dodge and Roll"],"picked":"Deadly Poison","floor":20},{"not_picked":["Heel Hook+1","Flying Knee+1"],"picked":"Footwork","floor":22},{"not_picked":["Cloak And Dagger","Bullet Time"],"picked":"Well Laid Plans","floor":23}],"player_experience":798404,"relics_obtained":[{"floor":7,"key":"Happy Flower"},{"floor":9,"key":"Molten Egg 2"},{"floor":10,"key":"Regal Pillow"},{"floor":12,"key":"Ancient Tea Set"},{"floor":23,"key":"WingedGreaves"}],"event_choices":[{"damage_healed":0,"gold_gain":0,"player_choice":"Entered Light","damage_taken":13,"max_hp_gain":0,"max_hp_loss":0,"event_name":"Shining Light","floor":2,"gold_loss":0,"cards_upgraded":["Defend_G","Strike_G"]},{"damage_healed":0,"gold_gain":0,"cards_transformed":["Strike_G"],"player_choice":"Transformed","damage_taken":0,"max_hp_gain":0,"max_hp_loss":0,"event_name":"Transmorgrifier","floor":3,"gold_loss":0,"cards_obtained":["Grand Finale"]},{"damage_healed":0,"gold_gain":0,"player_choice":"Became a Ghost","damage_taken":0,"max_hp_gain":0,"max_hp_loss":33,"event_name":"Ghosts","floor":24,"gold_loss":0,"cards_obtained":["Ghostly","Ghostly","Ghostly","Ghostly","Ghostly"]}],"is_beta":false,"boss_relics":[{"not_picked":["Lizard Tail","Snecko Eye"],"picked":"Eternal Feather"}],"items_purged_floors":[4,21],"is_endless":false,"potions_floor_spawned":[10,12,13,16,18,23],"killed_by":"Slavers","ascension_level":14}