{"gold_per_floor":[113,131,21,38,38,58,58,93,174,186,186,220,237,250,250,326,326,336,70,120,134,152,181,181],"floor_reached":24,"playtime":936,"items_purged":["Regret","Strike_R"],"score":428,"play_id":"47f66015-5880-434d-8cee-17bb38fcacc5","local_time":"20190211193458","is_ascension_mode":true,"campfire_choices":[{"data":"Immolate","floor":7,"key":"SMITH"},{"data":"Demon Form","floor":15,"key":"SMITH"}],"neow_cost":"CURSE","seed_source_timestamp":2142394761535299,"circlet_count":0,"master_deck":["AscendersBane","Strike_R","Strike_R","Strike_R","Defend_R","Defend_R","Defend_R","Defend_R","Bash","Immolate+1","True Grit","Disarm","Inflame","Sword Boomerang","Demon Form+1","Intimidate","Feel No Pain","Feed","Flex","Reaper"],"relics":["Burning Blood","Incense Burner","Pear","Smiling Mask","Busted Crown","ClockworkSouvenir","Blue Candle"],"potions_floor_usage":[10,13,14,22,24],"damage_taken":[{"damage":7,"enemies":"Jaw Worm","floor":1,"turns":3},{"damage":0,"enemies":"2 Louse","floor":2,"turns":1},{"damage":12,"enemies":"Cultist","floor":4,"turns":5},{"damage":22,"enemies":"Blue Slaver","floor":6,"turns":4},{"damage":28,"enemies":"Lagavulin","floor":8,"turns":7},{"damage":9,"enemies":"Red Slaver","floor":10,"turns":2},{"damage":32,"enemies":"Gremlin Nob","floor":12,"turns":4},{"damage":10,"enemies":"2 Fungi Beasts","floor":13,"turns":4},{"damage":6,"enemies":"3 Louse","floor":14,"turns":5},{"damage":1,"enemies":"Slime Boss","floor":16,"turns":8},{"damage":22,"enemies":"Shell Parasite","floor":18,"turns":7},{"damage":7,"enemies":"Chosen","floor":21,"turns":5},{"damage":21,"enemies":"Snake Plant","floor":22,"turns":3},{"damage":46,"enemies":"Gremlin Leader","floor":23,"turns":9},{"damage":16,"enemies":"Sentry and Sphere","floor":24,"turns":3}],"seed_played":"-8526424415315734862","potions_obtained":[{"floor":6,"key":"SpeedPotion"},{"floor":8,"key":"FearPotion"},{"floor":12,"key":"Fruit Juice"},{"floor":13,"key":"BloodPotion"},{"floor":16,"key":"Strength Potion"},{"floor":23,"key":"Strength Potion"}],"is_trial":false,"path_per_floor":["M","M","$","M","?","M","R","E","T","M","?","E","M","M","R","B",null,"M","$","?","M","M","E","M"],"character_chosen":"IRONCLAD","items_purchased":["Inflame","ClockworkSouvenir","Flex"],"campfire_rested":0,"item_purchase_floors":[3,19,19],"current_hp_per_floor":[67,73,73,67,60,44,44,22,32,29,85,59,60,69,69,74,86,73,73,64,66,51,14,0],"gold":181,"neow_bonus":"THREE_RARE_CARDS","is_prod":false,"is_daily":false,"chose_seed":false,"campfire_upgraded":2,"win_rate":0,"timestamp":1549931698,"path_taken":["M","M","$","M","?","M","R","E","T","M","?","E","?","M","R","BOSS","M","$","?","M","?","E","M"],"build_version":"2019-01-23","purchased_purges":2,"victory":false,"max_hp_per_floor":[75,75,75,75,75,75,75,75,85,85,85,85,90,90,90,90,90,93,93,93,96,96,99,99],"card_choices":[{"not_picked":["Brutality","Juggernaut"],"picked":"Immolate","floor":0},{"not_picked":["Cleave","Clash"],"picked":"True Grit","floor":1},{"not_picked":["Clash","Twin Strike"],"picked":"Disarm","floor":2},{"not_picked":["Corruption","Combust"],"picked":"Sword Boomerang","floor":4},{"not_picked":["Pommel Strike","Clothesline"],"picked":"Feel No Pain","floor":6},{"not_picked":["Second Wind","Havoc"],"picked":"Demon Form","floor":8},{"not_picked":["Armaments","Infernal Blade","Flex"],"picked":"SKIP","floor":10},{"not_picked":["Hemokinesis","Entrench"],"picked":"Intimidate","floor":12},{"not_picked":["Feel No Pain","Flex","Armaments"],"picked":"SKIP","floor":13},{"not_picked":["Flex","Armaments"],"picked":"Feel No Pain","floor":13},{"not_picked":["Cleave","Pommel Strike","Body Slam"],"picked":"SKIP","floor":14},{"not_picked":["Juggernaut","Impervious"],"picked":"Feed","floor":16},{"not_picked":["Clash"],"picked":"SKIP","floor":18},{"not_picked":["Warcry"],"picked":"SKIP","floor":21},{"not_picked":["Clash"],"picked":"SKIP","floor":22},{"not_picked":[],"picked":"Reaper","floor":23}],"player_experience":746096,"relics_obtained":[{"floor":8,"key":"Incense Burner"},{"floor":9,"key":"Pear"},{"floor":12,"key":"Smiling Mask"},{"floor":23,"key":"Blue Candle"}],"event_choices":[{"cards_removed":["Strike_R"],"damage_healed":0,"gold_gain":0,"player_choice":"Card Removal","damage_taken":7,"max_hp_gain":0,"max_hp_loss":0,"event_name":"Golden Wing","floor":5,"gold_loss":0},{"cards_removed":["Feel No Pain"],"damage_healed":56,"gold_gain":0,"player_choice":"Offered Uncommon","damage_taken":0,"max_hp_gain":0,"max_hp_loss":0,"event_name":"Bonfire Elementals","floor":11,"gold_loss":0},{"damage_healed":0,"gold_gain":50,"player_choice":"Touch","damage_taken":9,"max_hp_gain":0,"max_hp_loss":0,"event_name":"FaceTrader","floor":20,"gold_loss":0}],"is_beta":false,"boss_relics":[{"not_picked":["Snecko Eye","Astrolabe"],"picked":"Busted Crown"}],"items_purged_floors":[3,19],"is_endless":false,"potions_floor_spawned":[6,8,12,13,16,18,23],"killed_by":"Sentry and Sphere","ascension_level":15}