{"gold_per_floor":[118,118,118,118,181,181,207,218,218,243,256,4,15,31,31,104,104,114,79,129,139,158,158,168,196,196,196,223,223,233,295,295,371,371,390,278,328,9,26,58,58,74,74,74,87,114,164,174,174,174],"floor_reached":51,"playtime":4048,"items_purged":["Strike_B","Defend_B"],"score":1416,"play_id":"b33b3368-ec8f-457e-bd02-2f7ee09bdca3","local_time":"20190213175346","is_ascension_mode":true,"campfire_choices":[{"data":"White Noise","floor":6,"key":"SMITH"},{"data":"Biased Cognition","floor":15,"key":"SMITH"},{"floor":23,"key":"REST"},{"floor":27,"key":"REST"},{"data":"Blizzard","floor":29,"key":"SMITH"},{"data":"Sunder","floor":32,"key":"SMITH"},{"data":"Coolheaded","floor":41,"key":"SMITH"},{"data":"Echo Form","floor":44,"key":"SMITH"},{"floor":49,"key":"REST"}],"neow_cost":"NONE","seed_source_timestamp":2305986101586310,"circlet_count":0,"master_deck":["AscendersBane","Strike_B+1","Strike_B","Defend_B","Defend_B","Defend_B+1","Zap","Dualcast","Barrage","White Noise+1","Biased Cognition+1","Coolheaded+1","Go for the Eyes","Static Discharge","Cold Snap","Sweeping Beam","Echo Form+1","Self Repair","Turbo+1","Sunder+1","Conserve Battery","Blizzard+1","Biased Cognition+1","Recycle","Loop+1","Defragment+1","Force Field","Tempest","Redo","Loop+1","Ball Lightning","Flash of Steel","Glacier"],"relics":["Cracked Core","NeowsBlessing","SsserpentHead","Gambling Chip","Thread and Needle","Ornamental Fan","OrangePellets","Snecko Eye","Frozen Egg 2","Art of War","Gremlin Horn","Strawberry","Cursed Key","Bronze Scales","Turnip","Dodecahedron"],"potions_floor_usage":[10,14,25,28,28,33,40,46,50],"damage_taken":[{"damage":0,"enemies":"2 Louse","floor":1,"turns":1},{"damage":0,"enemies":"Small Slimes","floor":5,"turns":1},{"damage":0,"enemies":"3 Sentries","floor":7,"turns":1},{"damage":0,"enemies":"Cultist","floor":8,"turns":3},{"damage":0,"enemies":"Lagavulin","floor":10,"turns":7},{"damage":0,"enemies":"Exordium Thugs","floor":11,"turns":4},{"damage":0,"enemies":"Blue Slaver","floor":13,"turns":3},{"damage":8,"enemies":"Lots of Slimes","floor":14,"turns":4},{"damage":0,"enemies":"Hexaghost","floor":16,"turns":11},{"damage":0,"enemies":"Spheric Guardian","floor":18,"turns":5},{"damage":33,"enemies":"2 Thieves","floor":21,"turns":4},{"damage":19,"enemies":"Centurion and Healer","floor":22,"turns":7},{"damage":13,"enemies":"Cultist and Chosen","floor":24,"turns":4},{"damage":21,"enemies":"Slavers","floor":25,"turns":3},{"damage":2,"enemies":"Book of Stabbing","floor":28,"turns":6},{"damage":2,"enemies":"Snake Plant","floor":30,"turns":4},{"damage":1,"enemies":"Shelled Parasite and Fungi","floor":31,"turns":7},{"damage":1,"enemies":"Champ","floor":33,"turns":10},{"damage":17,"enemies":"3 Darklings","floor":35,"turns":2},{"damage":3,"enemies":"Orb Walker","floor":39,"turns":3},{"damage":5,"enemies":"Reptomancer","floor":40,"turns":6},{"damage":0,"enemies":"Maw","floor":42,"turns":6},{"damage":4,"enemies":"Sphere and 2 Shapes","floor":45,"turns":2},{"damage":44,"enemies":"Nemesis","floor":46,"turns":18},{"damage":5,"enemies":"3 Darklings","floor":48,"turns":7},{"damage":6,"enemies":"Awakened One","floor":50,"turns":9}],"seed_played":"4841800796181822390","potions_obtained":[{"floor":1,"key":"FocusPotion"},{"floor":7,"key":"Poison Potion"},{"floor":13,"key":"SteroidPotion"},{"floor":14,"key":"FearPotion"},{"floor":18,"key":"SteroidPotion"},{"floor":25,"key":"Weak Potion"},{"floor":28,"key":"FocusPotion"},{"floor":31,"key":"AttackPotion"},{"floor":33,"key":"Dexterity Potion"},{"floor":42,"key":"FearPotion"},{"floor":45,"key":"EssenceOfSteel"},{"floor":46,"key":"Block Potion"}],"is_trial":false,"path_per_floor":["M","?","?","?","M","R","E","M","T","E","M","$","M","M","R","B",null,"M","?","?","M","M","R","M","E","T","R","E","R","M","M","R","B",null,"M","$","?","$","M","E","R","M","T","R","M","E","?","M","R","B",null],"character_chosen":"DEFECT","items_purchased":["OrangePellets","Block Potion","Loop+1","Defragment+1","Bronze Scales"],"campfire_rested":3,"item_purchase_floors":[12,12,36,38,38],"current_hp_per_floor":[64,57,36,36,36,36,36,36,36,36,36,36,36,28,28,28,60,60,60,50,24,19,40,41,20,20,41,60,60,72,78,78,78,78,68,68,68,68,74,74,74,74,74,74,74,44,44,53,74,68],"gold":174,"neow_bonus":"THREE_ENEMY_KILL","is_prod":false,"is_daily":false,"chose_seed":false,"campfire_upgraded":6,"win_rate":0,"timestamp":1550098426,"path_taken":["M","?","?","?","?","R","E","M","T","E","M","$","M","M","R","BOSS","M","?","?","M","M","R","M","E","T","R","E","R","M","?","R","BOSS","M","$","?","$","M","E","R","M","T","R","M","E","?","M","R","BOSS"],"build_version":"2019-01-23","purchased_purges":2,"victory":true,"max_hp_per_floor":[71,71,71,71,71,71,71,71,71,71,71,71,71,71,71,71,71,71,71,71,71,71,71,71,71,71,71,78,78,78,78,78,78,78,78,78,74,74,74,74,74,74,74,74,74,74,74,74,74,74],"card_choices":[{"not_picked":["Auto Shields","Leap"],"picked":"Barrage","floor":1},{"not_picked":["Beam Cell","Gash"],"picked":"White Noise","floor":5},{"not_picked":["Darkness","Hologram"],"picked":"Biased Cognition","floor":7},{"not_picked":["Steam","Recycle"],"picked":"Coolheaded","floor":8},{"not_picked":["Stack","Conserve Battery"],"picked":"Go for the Eyes","floor":10},{"not_picked":["Tempest","Hologram"],"picked":"Static Discharge","floor":11},{"not_picked":["Barrage","Fusion"],"picked":"Cold Snap","floor":13},{"not_picked":["Turbo","Melter"],"picked":"Sweeping Beam","floor":14},{"not_picked":["All For One","Core Surge"],"picked":"Echo Form","floor":16},{"not_picked":["Streamline","Turbo+1"],"picked":"Self Repair","floor":18},{"not_picked":["Streamline","Cold Snap"],"picked":"Turbo+1","floor":21},{"not_picked":["Force Field","Machine Learning+1"],"picked":"Sunder","floor":22},{"not_picked":["Steam","Gash","Stack"],"picked":"SKIP","floor":24},{"not_picked":["Rip and Tear+1","Hello World+1"],"picked":"Conserve Battery","floor":25},{"not_picked":["Double Energy","Steam Power"],"picked":"Blizzard","floor":28},{"not_picked":["Chill","BootSequence","Darkness"],"picked":"SKIP","floor":30},{"not_picked":["Darkness","Steam Power","Cold Snap"],"picked":"SKIP","floor":31},{"not_picked":["Reboot","Amplify"],"picked":"Biased Cognition+1","floor":33},{"not_picked":["Steam","Sweeping Beam+1"],"picked":"Recycle","floor":35},{"not_picked":["Genetic Algorithm+1","Gash"],"picked":"Force Field","floor":39},{"not_picked":["Ball Lightning","Skim"],"picked":"Tempest","floor":40},{"not_picked":["Leap+1","Steam"],"picked":"Redo","floor":42},{"not_picked":["Force Field+1","Storm+1"],"picked":"Loop+1","floor":45},{"not_picked":["BootSequence","Leap"],"picked":"Ball Lightning","floor":46},{"not_picked":["Trip","Blind"],"picked":"Flash of Steel","floor":47},{"not_picked":["Conserve Battery","Doom and Gloom"],"picked":"Glacier","floor":48}],"player_experience":754052,"relics_obtained":[{"floor":7,"key":"Gambling Chip"},{"floor":9,"key":"Thread and Needle"},{"floor":10,"key":"Ornamental Fan"},{"floor":25,"key":"Art of War"},{"floor":26,"key":"Gremlin Horn"},{"floor":28,"key":"Strawberry"},{"floor":40,"key":"Turnip"},{"floor":46,"key":"Dodecahedron"}],"event_choices":[{"cards_removed":["Strike_B"],"damage_healed":0,"gold_gain":0,"player_choice":"Card Removal","damage_taken":7,"max_hp_gain":0,"max_hp_loss":0,"event_name":"Golden Wing","floor":2,"gold_loss":0},{"damage_healed":0,"gold_gain":0,"player_choice":"Entered Light","damage_taken":21,"max_hp_gain":0,"max_hp_loss":0,"event_name":"Shining Light","floor":3,"gold_loss":0,"cards_upgraded":["Strike_B","Defend_B"]},{"damage_healed":0,"gold_gain":0,"player_choice":"Trade","damage_taken":0,"relics_obtained":["SsserpentHead"],"max_hp_gain":0,"max_hp_loss":0,"event_name":"FaceTrader","floor":4,"gold_loss":0},{"damage_healed":0,"gold_gain":0,"player_choice":"Obtained Relic","damage_taken":0,"relics_obtained":["Frozen Egg 2"],"max_hp_gain":0,"max_hp_loss":0,"event_name":"Addict","floor":19,"gold_loss":85},{"damage_healed":0,"gold_gain":0,"player_choice":"Damaged","damage_taken":10,"max_hp_gain":0,"max_hp_loss":0,"event_name":"Wheel of Change","floor":20,"gold_loss":0},{"damage_healed":0,"gold_gain":0,"player_choice":"Max HP","damage_taken":0,"max_hp_gain":0,"max_hp_loss":4,"event_name":"Winding Halls","floor":37,"gold_loss":0},{"damage_healed":0,"gold_gain":0,"player_choice":"Memory 1","damage_taken":0,"max_hp_gain":0,"max_hp_loss":0,"event_name":"SensoryStone","floor":47,"gold_loss":0}],"is_beta":false,"boss_relics":[{"not_picked":["Sozu","Velvet Choker"],"picked":"Snecko Eye"},{"not_picked":["Eternal Feather","Busted Crown"],"picked":"Cursed Key"}],"items_purged_floors":[36,38],"is_endless":false,"potions_floor_spawned":[1,7,13,14,18,25,28,31,33,42,45,46],"ascension_level":15}