{"gold_per_floor":[113,129,140,157,174,199,199,210,210,242,207,207,222,37,37,139,139,159,175,175,5,17,17,31,31,31,58,58,90,10,10,10,108,108,128,146,246,49,49,84,96,125,137,159,184,46,46,61,61,61],"floor_reached":50,"playtime":2658,"items_purged":["Strike_G","Strike_G","Strike_G"],"score":804,"play_id":"ff7efaa4-9ef9-45a3-8c1b-a89e1e0208fe","local_time":"20190304152102","is_ascension_mode":true,"campfire_choices":[{"data":"Noxious Fumes","floor":7.0,"key":"SMITH"},{"data":"Footwork","floor":12.0,"key":"SMITH"},{"data":"Catalyst","floor":15.0,"key":"SMITH"},{"data":"Caltrops","floor":23.0,"key":"SMITH"},{"floor":25.0,"key":"REST"},{"floor":28.0,"key":"REST"},{"floor":32.0,"key":"REST"},{"floor":41.0,"key":"REST"},{"floor":47,"key":"REST"},{"floor":49,"key":"REST"}],"neow_cost":"NONE","seed_source_timestamp":0,"circlet_count":0,"master_deck":["Defend_G","Defend_G","Defend_G","Defend_G","Defend_G","Strike_G","Strike_G","Survivor","Neutralize","Backstab","Dagger Throw","Well Laid Plans","Calculated Gamble","Footwork+1","Noxious Fumes+1","Backflip","All Out Attack+1","Skewer+1","Deflect","Catalyst+1","Glass Knife+1","Backflip+1","Underhanded Strike+1","Footwork","Caltrops+1","Acrobatics+1","Catalyst","Deflect","Burst","Sucker Punch+1","Reflex+1","Apotheosis+1","Deadly Poison+1","Blur","PiercingWail"],"special_seed":0,"relics":["Ring of the Snake","Molten Egg 2","Orichalcum","Paper Crane","Sozu","Dodecahedron","Happy Flower","Kunai","StoneCalendar","MawBank","Sundial"],"potions_floor_usage":[],"damage_taken":[{"damage":2.0,"enemies":"2 Louse","floor":1.0,"turns":2.0},{"damage":0.0,"enemies":"Jaw Worm","floor":2.0,"turns":3.0},{"damage":1.0,"enemies":"Cultist","floor":3.0,"turns":3.0},{"damage":5.0,"enemies":"Lots of Slimes","floor":4.0,"turns":4.0},{"damage":6.0,"enemies":"Exordium Wildlife","floor":5.0,"turns":7.0},{"damage":12.0,"enemies":"3 Sentries","floor":6.0,"turns":8.0},{"damage":1.0,"enemies":"2 Fungi Beasts","floor":8.0,"turns":4.0},{"damage":2.0,"enemies":"Gremlin Nob","floor":10.0,"turns":3.0},{"damage":1.0,"enemies":"Looter","floor":13.0,"turns":3.0},{"damage":0.0,"enemies":"Slime Boss","floor":16.0,"turns":9.0},{"damage":5.0,"enemies":"Spheric Guardian","floor":18.0,"turns":4.0},{"damage":0.0,"enemies":"Shell Parasite","floor":19.0,"turns":4.0},{"damage":6.0,"enemies":"Sentry and Sphere","floor":22.0,"turns":5.0},{"damage":11.0,"enemies":"3 Cultists","floor":24.0,"turns":5.0},{"damage":18.0,"enemies":"Book of Stabbing","floor":27.0,"turns":6.0},{"damage":24.0,"enemies":"Slavers","floor":29.0,"turns":5.0},{"damage":22.0,"enemies":"Automaton","floor":33.0,"turns":11.0},{"damage":7.0,"enemies":"3 Shapes","floor":35.0,"turns":3.0},{"damage":13.0,"enemies":"Orb Walker","floor":36.0,"turns":5.0},{"damage":1.0,"enemies":"Mind Bloom Boss Battle","floor":37.0,"turns":9.0},{"damage":5.0,"enemies":"Nemesis","floor":40.0,"turns":9.0},{"damage":11.0,"enemies":"Sphere and 2 Shapes","floor":42.0,"turns":6.0},{"damage":13,"enemies":"4 Shapes","floor":44,"turns":5},{"damage":9,"enemies":"Writhing Mass","floor":45,"turns":5},{"damage":39,"enemies":"Jaw Worm Horde","floor":48,"turns":6},{"damage":34,"enemies":"Donu and Deca","floor":50,"turns":2}],"seed_played":"7462565048128212706","potions_obtained":[{"floor":1.0,"key":"GhostInAJar"},{"floor":4.0,"key":"SpeedPotion"},{"floor":8.0,"key":"Fire Potion"}],"is_trial":false,"path_per_floor":["M","M","M","M","M","E","R","M","T","E","?","R","M","$","R","B",null,"M","M","?","$","M","R","M","R","T","E","R","E","$","?","R","B",null,"M","M","?","$","?","E","R","M","T","M","M","$","R","M","R","B"],"character_chosen":"THE_SILENT","items_purchased":["Catalyst","GhostInAJar","Footwork","Catalyst","Deflect","Apotheosis","PiercingWail"],"campfire_rested":6,"item_purchase_floors":[14,14,21,30,30,38,46],"current_hp_per_floor":[61,61,60,55,49,37,37,36,36,34,51,51,50,50,50,50,65,60,60,60,60,54,54,43,64,64,46,67,43,43,43,64,42,63,56,43,42,42,42,37,58,47,47,34,25,25,46,7,28,0],"gold":61,"neow_bonus":"THREE_CARDS","is_prod":false,"is_daily":false,"chose_seed":false,"campfire_upgraded":4,"win_rate":0,"timestamp":1551680462,"path_taken":["M","M","M","M","M","E","R","M","T","E","?","R","M","$","R","BOSS","M","M","?","$","M","R","M","R","T","E","R","E","$","?","R","BOSS","M","M","?","$","?","E","R","M","T","?","M","$","R","M","R","BOSS"],"build_version":"2019-01-23","purchased_purges":3,"victory":false,"max_hp_per_floor":[70,70,70,70,70,70,70,70,70,70,70,70,70,70,70,70,70,70,70,70,70,70,70,70,70,70,70,70,70,70,70,70,70,70,70,70,70,70,70,70,70,70,70,70,70,70,70,70,70,70],"card_choices":[{"not_picked":["Dash","Flying Knee"],"picked":"Backstab","floor":0.0},{"not_picked":["Sucker Punch","Dash"],"picked":"Dagger Throw","floor":1.0},{"not_picked":["Choke","Slice"],"picked":"Well Laid Plans","floor":2.0},{"not_picked":["Deflect","Riddle With Holes"],"picked":"Calculated Gamble","floor":3.0},{"not_picked":["Sucker Punch","Deadly Poison"],"picked":"Footwork","floor":4.0},{"not_picked":["Distraction","Quick Slash"],"picked":"Noxious Fumes","floor":5.0},{"not_picked":["Backstab","Terror"],"picked":"Backflip","floor":6.0},{"not_picked":["Calculated Gamble","Deflect"],"picked":"All Out Attack+1","floor":8.0},{"not_picked":["Concentrate","Dagger Throw+1"],"picked":"Skewer+1","floor":10.0},{"not_picked":["Dodge and Roll","Predator+1"],"picked":"Deflect","floor":13.0},{"not_picked":["Venomology","Die Die Die+1"],"picked":"Glass Knife+1","floor":16.0},{"not_picked":["Slice+1","Distraction"],"picked":"Backflip+1","floor":18.0},{"not_picked":["Riddle With Holes+1","Poisoned Stab+1"],"picked":"Underhanded Strike+1","floor":19.0},{"not_picked":["Dagger Throw+1","Poisoned Stab+1"],"picked":"Caltrops","floor":22.0},{"not_picked":["Poisoned Stab+1","Backflip","All Out Attack+1"],"picked":"SKIP","floor":24.0},{"not_picked":["Flechettes+1","Cloak And Dagger","Outmaneuver+1"],"picked":"SKIP","floor":27.0},{"not_picked":["Blade Dance+1","Cloak And Dagger"],"picked":"Acrobatics+1","floor":29.0},{"not_picked":["Venomology","Night Terror"],"picked":"Burst","floor":33.0},{"not_picked":["Calculated Gamble+1","Outmaneuver"],"picked":"Sucker Punch+1","floor":35.0},{"not_picked":["Flechettes+1","Acrobatics+1"],"picked":"Reflex+1","floor":36.0},{"not_picked":["Glass Knife+1","Terror+1"],"picked":"Deadly Poison+1","floor":40.0},{"not_picked":["Escape Plan","Footwork+1"],"picked":"Blur","floor":42.0},{"not_picked":["Dagger Spray+1","Blade Dance","Quick Slash+1"],"picked":"SKIP","floor":44},{"not_picked":["Well Laid Plans","All Out Attack+1","Acrobatics"],"picked":"SKIP","floor":45},{"not_picked":["Crippling Poison+1","Well Laid Plans+1","Catalyst"],"picked":"SKIP","floor":48}],"player_experience":379933,"relics_obtained":[{"floor":6.0,"key":"Molten Egg 2"},{"floor":9.0,"key":"Orichalcum"},{"floor":10.0,"key":"Paper Crane"},{"floor":26.0,"key":"Dodecahedron"},{"floor":27.0,"key":"Happy Flower"},{"floor":29.0,"key":"Kunai"},{"floor":37.0,"key":"StoneCalendar"},{"floor":40.0,"key":"MawBank"},{"floor":43.0,"key":"Sundial"}],"event_choices":[{"damage_healed":17.0,"max_hp_gain":0.0,"max_hp_loss":0.0,"gold_gain":0.0,"event_name":"The Cleric","player_choice":"Healed","floor":11.0,"gold_loss":35.0,"damage_taken":0.0},{"damage_healed":0.0,"max_hp_gain":0.0,"max_hp_loss":0.0,"gold_gain":0.0,"event_name":"Cursed Tome","player_choice":"Ignored","floor":20.0,"gold_loss":0.0,"damage_taken":0.0},{"damage_healed":0.0,"max_hp_gain":0.0,"max_hp_loss":0.0,"gold_gain":0.0,"event_name":"Ghosts","player_choice":"Ignored","floor":31.0,"gold_loss":0.0,"damage_taken":0.0},{"damage_healed":0.0,"max_hp_gain":0.0,"max_hp_loss":0.0,"gold_gain":0.0,"event_name":"MindBloom","player_choice":"Fight","floor":37.0,"gold_loss":0.0,"damage_taken":0.0},{"damage_healed":0.0,"max_hp_gain":0.0,"max_hp_loss":0.0,"gold_gain":0.0,"event_name":"Accursed Blacksmith","player_choice":"Forge","floor":39.0,"gold_loss":0.0,"damage_taken":0.0,"cards_upgraded":["Apotheosis"]}],"is_beta":false,"boss_relics":[{"not_picked":["Velvet Choker","Black Star"],"picked":"Sozu"},{"not_picked":["Calling Bell","Runic Dome","Cursed Key"]}],"items_purged_floors":[14,21,46],"is_endless":false,"potions_floor_spawned":[1,4,8,19,22,29,35,37,44],"killed_by":"Donu and Deca","ascension_level":6}