{"gold_per_floor":[214,214,164,164,174,207,207,207,233,303,303,319,338,348,348,452,452,471,471,35,50,50,50,98,98,172,188,214,214,240,33,33,135,135,152,166,26,26,26,26,61,61,132,132,149,0,100,118,118,118],"floor_reached":51,"playtime":2825,"items_purged":[],"score":998,"play_id":"bdf57807-905d-471e-8275-e74de25ad990","local_time":"20190214000819","is_ascension_mode":true,"campfire_choices":[{"floor":7,"key":"REST"},{"data":"Zap","floor":11,"key":"SMITH"},{"data":"Dualcast","floor":15,"key":"SMITH"},{"floor":23,"key":"DIG"},{"floor":25,"key":"DIG"},{"data":"Capacitor","floor":29,"key":"SMITH"},{"data":"Machine Learning","floor":32,"key":"SMITH"},{"floor":40,"key":"REST"},{"data":"Apotheosis","floor":42,"key":"SMITH"},{"floor":44,"key":"DIG"},{"floor":49,"key":"DIG"}],"neow_cost":"NONE","seed_source_timestamp":108771078706776,"circlet_count":0,"master_deck":["Defend_B","Defend_B","Defend_B","Defend_B","Zap+1","Dualcast+1","Sweeping Beam","Go for the Eyes","Capacitor+1","All For One","Go for the Eyes","Bite","Bite","Bite","Bite","Bite","Gash","Cold Snap+1","Gash","Machine Learning+1","Flash of Steel","Electrodynamics","Glacier+1","Apotheosis+1","Madness","Madness","Gash","Conserve Battery"],"relics":["FrozenCore","Omamori","Ornamental Fan","Pen Nib","The Courier","Shovel","Matryoshka","Art of War","Strawberry","Potion Belt","Turnip","Smiling Mask","Shuriken","Gremlin Horn","Singing Bowl","Runic Dome","Letter Opener","Pear","Vajra","Red Mask","Mango","Bronze Scales"],"potions_floor_usage":[16,16,30,30,50,50,50,50,50],"damage_taken":[{"damage":2,"enemies":"Jaw Worm","floor":1,"turns":4},{"damage":3,"enemies":"Small Slimes","floor":5,"turns":3},{"damage":30,"enemies":"Lagavulin","floor":6,"turns":6},{"damage":0,"enemies":"Cultist","floor":12,"turns":3},{"damage":0,"enemies":"Large Slime","floor":13,"turns":4},{"damage":2,"enemies":"2 Fungi Beasts","floor":14,"turns":3},{"damage":21,"enemies":"Slime Boss","floor":16,"turns":8},{"damage":3,"enemies":"3 Byrds","floor":18,"turns":5},{"damage":2,"enemies":"Shell Parasite","floor":21,"turns":6},{"damage":20,"enemies":"Shelled Parasite and Fungi","floor":27,"turns":4},{"damage":18,"enemies":"Book of Stabbing","floor":28,"turns":6},{"damage":21,"enemies":"Gremlin Leader","floor":30,"turns":7},{"damage":36,"enemies":"Automaton","floor":33,"turns":7},{"damage":24,"enemies":"3 Darklings","floor":35,"turns":4},{"damage":23,"enemies":"3 Shapes","floor":36,"turns":5},{"damage":13,"enemies":"Giant Head","floor":41,"turns":8},{"damage":3,"enemies":"Sphere and 2 Shapes","floor":45,"turns":3},{"damage":6,"enemies":"Mind Bloom Boss Battle","floor":47,"turns":7},{"damage":8,"enemies":"4 Shapes","floor":48,"turns":4},{"damage":65,"enemies":"Donu and Deca","floor":50,"turns":8}],"seed_played":"5949647468324636131","potions_obtained":[{"floor":5,"key":"SteroidPotion"},{"floor":13,"key":"Dexterity Potion"},{"floor":14,"key":"Fire Potion"},{"floor":16,"key":"SpeedPotion"},{"floor":18,"key":"Regen Potion"},{"floor":21,"key":"Block Potion"},{"floor":33,"key":"Weak Potion"},{"floor":36,"key":"SpeedPotion"},{"floor":41,"key":"Ancient Potion"},{"floor":48,"key":"Ancient Potion"}],"is_trial":false,"path_per_floor":["M","?","?","?","M","E","R","T","T","T","R","M","M","M","R","B",null,"M","?","$","M","?","R","T","R","T","M","E","R","E","$","R","B",null,"M","M","$","?","$","R","E","R","T","R","M","?","?","M","R","B",null],"character_chosen":"DEFECT","items_purchased":["Shovel","Matryoshka","Machine Learning","Flash of Steel","Apotheosis"],"campfire_rested":2,"item_purchase_floors":[20,20,31,31,37],"current_hp_per_floor":[66,51,51,51,48,18,40,40,40,40,40,40,40,38,38,17,61,58,52,52,52,52,52,59,59,59,43,35,35,49,49,49,23,50,34,19,19,11,11,29,45,45,55,55,56,56,72,73,73,22],"gold":118,"neow_bonus":"HUNDRED_GOLD","is_prod":false,"is_daily":false,"chose_seed":false,"campfire_upgraded":5,"win_rate":0,"timestamp":1550131699,"path_taken":["M","?","?","?","?","E","R","?","T","?","R","?","M","M","R","BOSS","M","?","$","M","?","R","?","R","T","M","E","R","E","$","R","BOSS","M","M","$","?","$","R","E","R","T","R","M","?","?","M","R","BOSS"],"build_version":"2019-01-23","purchased_purges":0,"victory":true,"max_hp_per_floor":[75,75,75,75,75,75,75,75,75,75,75,75,75,75,75,75,75,75,52,52,52,52,52,59,59,59,59,59,59,59,59,59,59,59,59,61,61,61,61,61,63,63,73,73,73,73,89,89,89,89],"card_choices":[{"not_picked":["Streamline","Ball Lightning","Beam Cell"],"picked":"SKIP","floor":1},{"not_picked":["Ball Lightning","Beam Cell","Recycle"],"picked":"SKIP","floor":5},{"not_picked":["Ball Lightning","Leap","Stack"],"picked":"SKIP","floor":6},{"not_picked":["Compile Driver","Hologram"],"picked":"Go for the Eyes","floor":12},{"not_picked":["Scrape","Stack","Turbo"],"picked":"SKIP","floor":13},{"not_picked":["Hello World","Hologram"],"picked":"Capacitor","floor":14},{"not_picked":["Creative AI","Fission"],"picked":"All For One","floor":16},{"not_picked":["Leap","Chaos"],"picked":"Go for the Eyes","floor":18},{"not_picked":["Streamline","Steam","Heatsinks+1"],"picked":"SKIP","floor":21},{"not_picked":["Compile Driver","Barrage"],"picked":"Cold Snap+1","floor":27},{"not_picked":["Darkness","Storm","Heatsinks+1"],"picked":"SKIP","floor":28},{"not_picked":["Go for the Eyes","Self Repair+1"],"picked":"Gash","floor":30},{"not_picked":["All For One","Machine Learning"],"picked":"Electrodynamics","floor":33},{"not_picked":["Storm+1","Hologram"],"picked":"Glacier+1","floor":35},{"not_picked":["Cold Snap+1","Beam Cell","Compile Driver"],"picked":"Singing Bowl","floor":36},{"not_picked":["Hologram","Recycle+1","Turbo+1"],"picked":"Singing Bowl","floor":41},{"not_picked":["Streamline+1","Fusion+1"],"picked":"Gash","floor":45},{"not_picked":["Leap","Darkness+1","BootSequence"],"picked":"Singing Bowl","floor":47},{"not_picked":["Machine Learning","Rebound+1"],"picked":"Conserve Battery","floor":48}],"player_experience":363794,"relics_obtained":[{"floor":6,"key":"Omamori"},{"floor":8,"key":"Ornamental Fan"},{"floor":9,"key":"Pen Nib"},{"floor":10,"key":"The Courier"},{"floor":23,"key":"Art of War"},{"floor":24,"key":"Strawberry"},{"floor":24,"key":"Potion Belt"},{"floor":25,"key":"Turnip"},{"floor":26,"key":"Smiling Mask"},{"floor":26,"key":"Shuriken"},{"floor":28,"key":"Gremlin Horn"},{"floor":30,"key":"Singing Bowl"},{"floor":41,"key":"Letter Opener"},{"floor":43,"key":"Pear"},{"floor":44,"key":"Vajra"},{"floor":47,"key":"Mango"},{"floor":49,"key":"Bronze Scales"}],"event_choices":[{"damage_healed":0,"gold_gain":0,"player_choice":"Entered Light","damage_taken":15,"max_hp_gain":0,"max_hp_loss":0,"event_name":"Shining Light","floor":2,"gold_loss":0,"cards_upgraded":["Strike_B","Strike_B"]},{"cards_removed":["Strike_B"],"damage_healed":0,"gold_gain":0,"player_choice":"Card Removal","damage_taken":0,"max_hp_gain":0,"max_hp_loss":0,"event_name":"The Cleric","floor":3,"gold_loss":50},{"damage_healed":0,"gold_gain":0,"cards_transformed":["Strike_B"],"player_choice":"Change","damage_taken":0,"max_hp_gain":0,"max_hp_loss":0,"event_name":"Living Wall","floor":4,"gold_loss":0,"cards_obtained":["Sweeping Beam"]},{"damage_healed":0,"gold_gain":0,"player_choice":"Became a vampire","damage_taken":0,"max_hp_gain":0,"max_hp_loss":23,"event_name":"Vampires","floor":19,"gold_loss":0,"cards_obtained":["Bite","Bite","Bite","Bite","Bite"]},{"damage_healed":0,"gold_gain":0,"player_choice":"Read","damage_taken":0,"max_hp_gain":0,"max_hp_loss":0,"event_name":"The Library","floor":22,"gold_loss":0,"cards_obtained":["Gash"]},{"damage_healed":0,"gold_gain":0,"player_choice":"Embrace Madness","damage_taken":8,"max_hp_gain":0,"max_hp_loss":0,"event_name":"Winding Halls","floor":38,"gold_loss":0,"cards_obtained":["Madness","Madness"]},{"damage_healed":0,"gold_gain":0,"player_choice":"Paid","damage_taken":0,"relics_obtained":["Red Mask"],"max_hp_gain":0,"max_hp_loss":0,"event_name":"Tomb of Lord Red Mask","floor":46,"gold_loss":149},{"damage_healed":0,"gold_gain":0,"player_choice":"Fight","damage_taken":0,"max_hp_gain":0,"max_hp_loss":0,"event_name":"MindBloom","floor":47,"gold_loss":0}],"is_beta":false,"boss_relics":[{"not_picked":["Eternal Feather","Lizard Tail"],"picked":"FrozenCore"},{"not_picked":["Black Star","Snecko Eye"],"picked":"Runic Dome"}],"items_purged_floors":[],"is_endless":false,"potions_floor_spawned":[5,13,14,16,18,21,33,36,41,48],"ascension_level":8}