{"gold_per_floor":[112,112,132,145,145,176,176,202,276,276,293,293,293,306,306,404,404,420,420,420],"floor_reached":20,"playtime":1023,"items_purged":[],"score":228,"play_id":"038a97ec-33ff-482d-8aa7-5556633175c0","local_time":"20190126162118","is_ascension_mode":true,"campfire_choices":[{"floor":7,"key":"REST"},{"floor":13,"key":"REST"},{"data":"A Thousand Cuts","floor":15,"key":"SMITH"}],"neow_cost":"PERCENT_DAMAGE","seed_source_timestamp":5704660146110,"circlet_count":0,"master_deck":["Survivor","Neutralize+1","A Thousand Cuts+1","Caltrops","Expertise","Sucker Punch","Poisoned Stab","Quick Slash","Parasite","Phantasmal Killer","Cloak And Dagger","After Image","Malaise","Underhanded Strike","After Image","Skewer","PiercingWail","Tools of the Trade","Glass Knife","Prepared","Reflex+1","Shame"],"relics":["Ring of the Snake","Tingsha","Orichalcum","The Courier","Pandora\u0027s Box","Peace Pipe"],"potions_floor_usage":[20,20],"damage_taken":[{"damage":6,"enemies":"2 Louse","floor":1,"turns":3},{"damage":1,"enemies":"Cultist","floor":3,"turns":4},{"damage":5,"enemies":"Jaw Worm","floor":4,"turns":6},{"damage":27,"enemies":"Lagavulin","floor":6,"turns":9},{"damage":27,"enemies":"Gremlin Nob","floor":8,"turns":5},{"damage":5,"enemies":"Looter","floor":11,"turns":4},{"damage":6,"enemies":"Large Slime","floor":14,"turns":7},{"damage":13,"enemies":"Hexaghost","floor":16,"turns":10},{"damage":6,"enemies":"Chosen","floor":18,"turns":4},{"damage":55,"enemies":"Masked Bandits","floor":20,"turns":4}],"seed_played":"607390117411978431","potions_obtained":[{"floor":3,"key":"PowerPotion"},{"floor":4,"key":"GhostInAJar"},{"floor":14,"key":"Fire Potion"}],"is_trial":false,"path_per_floor":["M","?","M","M","?","E","R","E","T","?","M","?","R","M","R","B",null,"M","?","?"],"character_chosen":"THE_SILENT","items_purchased":[],"campfire_rested":2,"item_purchase_floors":[],"current_hp_per_floor":[43,43,42,37,37,10,31,4,4,21,16,16,37,31,31,18,57,51,51,0],"gold":420,"neow_bonus":"THREE_RARE_CARDS","is_prod":false,"is_daily":false,"chose_seed":false,"campfire_upgraded":1,"win_rate":0,"timestamp":1548548478,"path_taken":["M","?","?","M","?","E","R","E","T","?","M","?","R","M","R","BOSS","M","?","?"],"build_version":"2019-01-23","purchased_purges":0,"victory":false,"max_hp_per_floor":[70,70,70,70,70,70,70,70,70,70,70,70,70,70,70,70,70,70,70,70],"card_choices":[{"not_picked":["After Image","Night Terror"],"picked":"A Thousand Cuts","floor":0},{"not_picked":["Poisoned Stab","Outmaneuver"],"picked":"Caltrops","floor":1},{"not_picked":["Dagger Throw","Sucker Punch"],"picked":"Expertise","floor":3},{"not_picked":["Dodge and Roll","All Out Attack","Sucker Punch"],"picked":"SKIP","floor":4},{"not_picked":["Dodge and Roll","Skewer"],"picked":"Poisoned Stab","floor":6},{"not_picked":["Choke","Bane"],"picked":"Quick Slash","floor":8},{"not_picked":["Poisoned Stab","Deadly Poison"],"picked":"Phantasmal Killer","floor":11},{"not_picked":["Leg Sweep","PiercingWail"],"picked":"Cloak And Dagger","floor":14},{"not_picked":["Doppelganger","Grand Finale"],"picked":"After Image","floor":16},{"not_picked":["Bane","Dagger Spray"],"picked":"Reflex+1","floor":18}],"player_experience":236953,"relics_obtained":[{"floor":6,"key":"Tingsha"},{"floor":8,"key":"Orichalcum"},{"floor":9,"key":"The Courier"}],"event_choices":[{"cards_removed":["Strike_G"],"damage_healed":0,"gold_gain":0,"player_choice":"Purged","damage_taken":0,"max_hp_gain":0,"max_hp_loss":0,"event_name":"Purifier","floor":2,"gold_loss":0},{"damage_healed":0,"gold_gain":0,"cards_transformed":["Strike_G"],"player_choice":"Change","damage_taken":0,"max_hp_gain":0,"max_hp_loss":0,"event_name":"Living Wall","floor":5,"gold_loss":0,"cards_obtained":["Sucker Punch"]},{"damage_healed":17,"gold_gain":0,"player_choice":"Healed and dodged fight","damage_taken":0,"max_hp_gain":0,"max_hp_loss":0,"event_name":"Mushrooms","floor":10,"gold_loss":0,"cards_obtained":["Parasite"]},{"damage_healed":0,"gold_gain":0,"player_choice":"Upgraded","damage_taken":0,"max_hp_gain":0,"max_hp_loss":0,"event_name":"Upgrade Shrine","floor":12,"gold_loss":0,"cards_upgraded":["Neutralize"]},{"damage_healed":0,"gold_gain":0,"player_choice":"Stole Relic","damage_taken":0,"relics_obtained":["Peace Pipe"],"max_hp_gain":0,"max_hp_loss":0,"event_name":"Addict","floor":19,"gold_loss":0,"cards_obtained":["Shame"]},{"damage_healed":0,"gold_gain":0,"player_choice":"Fought Bandits","damage_taken":0,"max_hp_gain":0,"max_hp_loss":0,"event_name":"Masked Bandits","floor":20,"gold_loss":0}],"is_beta":false,"boss_relics":[{"not_picked":["Busted Crown","Tiny House"],"picked":"Pandora\u0027s Box"}],"items_purged_floors":[],"is_endless":false,"potions_floor_spawned":[3,4,14,18],"killed_by":"Masked Bandits","ascension_level":5}