{"gold_per_floor":[112,62,62,76,25,60,60,13,13,78,78,88,88,163,163,263,263,274,148,113,125,144,144,44,63,86,136,136,11,161,175,175,175],"floor_reached":33,"playtime":2534,"items_purged":["Pain","Decay","Clumsy"],"score":268,"play_id":"8b135b2b-a2e2-47fe-aaa2-9f8ec7471d9a","local_time":"20190222215710","is_ascension_mode":false,"campfire_choices":[{"data":"Bash","floor":7,"key":"SMITH"},{"data":"True Grit","floor":11,"key":"SMITH"},{"data":"Armaments","floor":13,"key":"SMITH"},{"data":"Flame Barrier","floor":15,"key":"SMITH"},{"data":"Flex","floor":23,"key":"SMITH"},{"data":"Barricade","floor":28,"key":"SMITH"},{"floor":32,"key":"REST"}],"neow_cost":"NONE","seed_source_timestamp":34805449630905,"circlet_count":0,"master_deck":["Strike_R","Strike_R","Strike_R","Strike_R","Defend_R","Defend_R","Defend_R","Defend_R","Bash+1","Heavy Blade","Shrug It Off","Pommel Strike","True Grit+1","Flame Barrier+1","Armaments+1","Spot Weakness","Bludgeon","Pommel Strike+1","Flex+1","Heavy Blade+1","Barricade+1","Battle Trance","Inflame"],"relics":["Burning Blood","NeowsBlessing","SsserpentHead","Happy Flower","Orichalcum","Odd Mushroom","Calling Bell","Strawberry","Self Forming Clay","Gambling Chip","Question Card","Art of War","Turnip","The Courier"],"potions_floor_usage":[30,30,31],"damage_taken":[{"damage":0,"enemies":"Small Slimes","floor":1,"turns":1},{"damage":0,"enemies":"Cultist","floor":4,"turns":1},{"damage":0,"enemies":"Gremlin Nob","floor":6,"turns":1},{"damage":0,"enemies":"2 Louse","floor":10,"turns":2},{"damage":5,"enemies":"Looter","floor":12,"turns":3},{"damage":9,"enemies":"The Mushroom Lair","floor":14,"turns":5},{"damage":14,"enemies":"Hexaghost","floor":16,"turns":9},{"damage":7,"enemies":"3 Byrds","floor":18,"turns":5},{"damage":14,"enemies":"Shell Parasite","floor":21,"turns":6},{"damage":25,"enemies":"Cultist and Chosen","floor":22,"turns":7},{"damage":15,"enemies":"Snake Plant","floor":25,"turns":4},{"damage":15,"enemies":"Colosseum Slavers","floor":30,"turns":4},{"damage":11,"enemies":"Colosseum Nobs","floor":30,"turns":6},{"damage":11,"enemies":"Centurion and Healer","floor":31,"turns":10},{"damage":90,"enemies":"Automaton","floor":33,"turns":10}],"seed_played":"-3273672763977359658","potions_obtained":[{"floor":10,"key":"FearPotion"},{"floor":12,"key":"FearPotion"},{"floor":22,"key":"FairyPotion"},{"floor":30,"key":"Swift Potion"}],"is_trial":false,"path_per_floor":["M","?","?","M","$","E","R","$","T","M","R","M","R","?","R","B",null,"M","$","?","M","M","R","$","M","T","?","R","$","?","M","R","B"],"character_chosen":"IRONCLAD","items_purchased":["Shrug It Off","True Grit","Flex"],"campfire_rested":1,"item_purchase_floors":[5,8,19],"current_hp_per_floor":[80,80,80,80,80,80,80,80,80,80,80,80,80,77,77,69,87,86,86,86,78,59,59,59,50,50,33,33,33,19,14,41,0],"gold":175,"neow_bonus":"THREE_ENEMY_KILL","is_prod":false,"is_daily":false,"chose_seed":false,"campfire_upgraded":6,"win_rate":0,"timestamp":1550901430,"path_taken":["M","?","?","M","$","E","R","$","T","?","R","M","R","?","R","BOSS","M","$","?","M","M","R","$","M","T","?","R","$","?","M","R","BOSS"],"build_version":"2019-01-23","purchased_purges":3,"victory":false,"max_hp_per_floor":[80,80,80,80,80,80,80,80,80,80,80,80,80,80,80,80,87,87,87,87,87,87,87,87,87,87,92,92,92,92,92,92,92],"card_choices":[{"not_picked":["Clothesline","Havoc"],"picked":"Heavy Blade","floor":1},{"not_picked":["Hemokinesis","Sentinel","Seeing Red"],"picked":"SKIP","floor":4},{"not_picked":["Dark Embrace","Cleave"],"picked":"Pommel Strike","floor":6},{"not_picked":["Burning Pact","Wild Strike"],"picked":"Flame Barrier","floor":10},{"not_picked":["Anger","Heavy Blade"],"picked":"Armaments","floor":12},{"not_picked":["True Grit","Thunderclap"],"picked":"Spot Weakness","floor":14},{"not_picked":["Barricade","Berserk"],"picked":"Bludgeon","floor":16},{"not_picked":["Clash+1","Metallicize"],"picked":"Pommel Strike+1","floor":18},{"not_picked":["Infernal Blade","Battle Trance","Rupture+1"],"picked":"Heavy Blade+1","floor":21},{"not_picked":["Body Slam","Clothesline+1","Dropkick+1","Spot Weakness+1"],"picked":"SKIP","floor":22},{"not_picked":["Ghostly Armor","Armaments+1","Warcry"],"picked":"Barricade","floor":25},{"not_picked":["Bloodletting","Sever Soul","Anger"],"picked":"Battle Trance","floor":30},{"not_picked":["True Grit","Thunderclap","Cleave+1"],"picked":"Inflame","floor":31}],"player_experience":469198,"relics_obtained":[{"floor":6,"key":"Happy Flower"},{"floor":9,"key":"Orichalcum"},{"floor":14,"key":"Odd Mushroom"},{"floor":17,"key":"Strawberry"},{"floor":17,"key":"Self Forming Clay"},{"floor":17,"key":"Gambling Chip"},{"floor":26,"key":"Art of War"},{"floor":30,"key":"Turnip"},{"floor":30,"key":"The Courier"}],"event_choices":[{"cards_removed":["Strike_R"],"damage_healed":0,"gold_gain":0,"player_choice":"Card Removal","damage_taken":0,"max_hp_gain":0,"max_hp_loss":0,"event_name":"The Cleric","floor":2,"gold_loss":50},{"damage_healed":0,"gold_gain":0,"player_choice":"Trade","damage_taken":0,"relics_obtained":["SsserpentHead"],"max_hp_gain":0,"max_hp_loss":0,"event_name":"FaceTrader","floor":3,"gold_loss":0},{"damage_healed":0,"gold_gain":0,"player_choice":"Fought Mushrooms","damage_taken":0,"max_hp_gain":0,"max_hp_loss":0,"event_name":"Mushrooms","floor":14,"gold_loss":0},{"damage_healed":0,"gold_gain":0,"player_choice":"Obtained Relic","damage_taken":0,"relics_obtained":["Question Card"],"max_hp_gain":0,"max_hp_loss":0,"event_name":"Addict","floor":20,"gold_loss":85},{"damage_healed":0,"gold_gain":0,"player_choice":"Shed Blood","damage_taken":22,"max_hp_gain":5,"max_hp_loss":0,"event_name":"Forgotten Altar","floor":27,"gold_loss":0},{"damage_healed":0,"gold_gain":0,"player_choice":"Fight","damage_taken":0,"max_hp_gain":0,"max_hp_loss":0,"event_name":"Colosseum","floor":30,"gold_loss":0},{"damage_healed":0,"gold_gain":0,"player_choice":"Fought Nobs","damage_taken":0,"max_hp_gain":0,"max_hp_loss":0,"event_name":"Colosseum","floor":30,"gold_loss":0}],"is_beta":false,"boss_relics":[{"not_picked":["Snecko Eye","Pandora\u0027s Box"],"picked":"Calling Bell"}],"items_purged_floors":[19,24,29],"is_endless":false,"potions_floor_spawned":[10,12,22,30,30],"killed_by":"Automaton","ascension_level":0}