{"gold_per_floor":[112,112,122,21,34,61,61,78,104,116,145,183,195,227,239,354,366,391,423,435,447,478,490,502],"floor_reached":24,"playtime":962,"items_purged":[],"score":237,"play_id":"cef7396a-c7c1-4ed6-9563-bf1a4137d3df","local_time":"20181217141840","is_ascension_mode":true,"campfire_choices":[{"data":"Eviscerate","floor":7,"key":"SMITH"},{"data":"Skewer","floor":13,"key":"SMITH"},{"data":"Neutralize","floor":15,"key":"SMITH"},{"floor":23,"key":"REST"}],"neow_cost":"NONE","seed_source_timestamp":323400859073900,"circlet_count":0,"master_deck":["Defend_G+1","Defend_G","Defend_G","Defend_G","Defend_G+1","Strike_G","Strike_G","Strike_G","Strike_G","Survivor","Neutralize+1","Skewer+1","Eviscerate+1","Underhanded Strike","Prepared","Expertise","Skewer+1","Dagger Throw","Die Die Die","Skewer","J.A.X."],"relics":["HoveringKite","War Paint","MawBank","PreservedInsect","Odd Mushroom","Philosopher\u0027s Stone"],"potions_floor_usage":[6,8,12,14,16,24],"damage_taken":[{"damage":18,"enemies":"Cultist","floor":1,"turns":5},{"damage":0,"enemies":"Small Slimes","floor":3,"turns":2},{"damage":0,"enemies":"Jaw Worm","floor":5,"turns":3},{"damage":2,"enemies":"Gremlin Nob","floor":6,"turns":3},{"damage":0,"enemies":"Red Slaver","floor":8,"turns":1},{"damage":1,"enemies":"2 Fungi Beasts","floor":11,"turns":2},{"damage":2,"enemies":"3 Sentries","floor":12,"turns":6},{"damage":1,"enemies":"The Mushroom Lair","floor":14,"turns":2},{"damage":14,"enemies":"The Guardian","floor":16,"turns":8},{"damage":12,"enemies":"Chosen","floor":18,"turns":2},{"damage":18,"enemies":"2 Thieves","floor":19,"turns":4},{"damage":3,"enemies":"Snecko","floor":22,"turns":2},{"damage":59,"enemies":"Gremlin Leader","floor":24,"turns":2}],"seed_played":"-7817260097130312712","potions_obtained":[{"floor":1,"key":"Explosive Potion"},{"floor":6,"key":"Energy Potion"},{"floor":11,"key":"Poison Potion"},{"floor":12,"key":"Strength Potion"},{"floor":19,"key":"SpeedPotion"}],"is_trial":false,"path_per_floor":["M","?","M","$","M","E","R","M","T","$","M","E","R","?","R","B",null,"M","M","?","?","M","R","E"],"character_chosen":"THE_SILENT","items_purchased":["Weak Potion","Explosive Potion"],"campfire_rested":1,"item_purchase_floors":[4,4],"current_hp_per_floor":[52,52,52,52,52,50,50,50,50,50,49,47,47,46,46,32,70,58,40,40,40,37,58,0],"gold":502,"neow_bonus":"BOSS_RELIC","is_prod":false,"is_daily":false,"chose_seed":false,"campfire_upgraded":3,"win_rate":0,"timestamp":1545074320,"path_taken":["M","?","M","$","M","E","R","M","T","$","M","E","R","?","R","BOSS","M","M","?","?","M","R","E"],"build_version":"2018-12-13","purchased_purges":0,"victory":false,"max_hp_per_floor":[70,70,70,70,70,70,70,70,70,70,70,70,70,70,70,70,70,70,70,70,70,70,70,70],"card_choices":[{"not_picked":["Sucker Punch","All Out Attack"],"picked":"Skewer","floor":1},{"not_picked":["Acrobatics","Endless Agony"],"picked":"Eviscerate","floor":3},{"not_picked":["Blade Dance","Crippling Poison","Bane"],"picked":"SKIP","floor":5},{"not_picked":["Footwork","Blur"],"picked":"Underhanded Strike","floor":6},{"not_picked":["Catalyst","Cloak And Dagger"],"picked":"Prepared","floor":8},{"not_picked":["Unload","Slice"],"picked":"Expertise","floor":11},{"not_picked":["Masterful Stab","Bouncing Flask"],"picked":"Skewer","floor":12},{"not_picked":["Bane","Distraction"],"picked":"Dagger Throw","floor":14},{"not_picked":["A Thousand Cuts","Bullet Time"],"picked":"Die Die Die","floor":16},{"not_picked":["Dagger Spray","PiercingWail+1","Endless Agony"],"picked":"SKIP","floor":18},{"not_picked":["PiercingWail","Crippling Poison"],"picked":"Skewer","floor":19},{"not_picked":["Footwork+1","Backflip","Blur"],"picked":"SKIP","floor":22}],"player_experience":283279,"relics_obtained":[{"floor":6,"key":"War Paint"},{"floor":9,"key":"MawBank"},{"floor":12,"key":"PreservedInsect"},{"floor":14,"key":"Odd Mushroom"}],"event_choices":[{"damage_healed":0,"gold_gain":0,"player_choice":"Grow","damage_taken":0,"max_hp_gain":0,"max_hp_loss":0,"event_name":"Living Wall","floor":2,"gold_loss":0,"cards_upgraded":["Skewer"]},{"damage_healed":0,"gold_gain":0,"player_choice":"Fought Mushrooms","damage_taken":0,"max_hp_gain":0,"max_hp_loss":0,"event_name":"Mushrooms","floor":14,"gold_loss":0},{"damage_healed":0,"gold_gain":0,"player_choice":"Obtain J.A.X.","damage_taken":0,"max_hp_gain":0,"max_hp_loss":0,"event_name":"Drug Dealer","floor":20,"gold_loss":0,"cards_obtained":["J.A.X."]},{"cards_removed":["Strike_G"],"damage_healed":0,"gold_gain":0,"player_choice":"Purged","damage_taken":0,"max_hp_gain":0,"max_hp_loss":0,"event_name":"Purifier","floor":21,"gold_loss":0}],"is_beta":false,"boss_relics":[{"not_picked":["Runic Pyramid","Runic Dome"],"picked":"Philosopher\u0027s Stone"}],"items_purged_floors":[],"is_endless":false,"potions_floor_spawned":[1,6,11,12,19],"killed_by":"Gremlin Leader","ascension_level":3}