{"gold_per_floor":[111,186,201,171,189,189,220,220,220,238,238,266,266,277,277,374,374,385,395,0,45,45,45,100,114,138,189,286,336,384,396,408,524,536,579,604,636,648,680,692,729,741,777,829,887,259,259,7,7,7],"floor_reached":51,"playtime":5035,"items_purged":[],"score":899,"play_id":"9a1e38f9-6230-462c-9ffe-b78a0cbf6048","local_time":"20181013174113","is_ascension_mode":true,"campfire_choices":[{"data":"Neutralize","floor":6,"key":"SMITH"},{"data":"Infinite Blades","floor":8,"key":"SMITH"},{"data":"Accuracy","floor":11,"key":"SMITH"},{"data":"Well Laid Plans","floor":13,"key":"SMITH"},{"data":"Survivor","floor":15,"key":"SMITH"},{"data":"HandOfGreed","floor":23,"key":"SMITH"},{"floor":32,"key":"REST"},{"floor":40,"key":"REST"},{"floor":47,"key":"REST"},{"data":"Caltrops","floor":49,"key":"SMITH"}],"neow_cost":"TEN_PERCENT_HP_LOSS","seed_source_timestamp":346916222122435,"circlet_count":0,"master_deck":["Defend_G","Defend_G","Defend_G","Defend_G","Defend_G","Strike_G","Strike_G","Strike_G","Survivor+1","Neutralize+1","Accuracy+1","PiercingWail","Backstab","Infinite Blades+1","Backstab","Well Laid Plans+1","Storm of Steel","Backflip+1","Slice+1","HandOfGreed+1","Blade Dance","Finisher+1","Deflect+1","Caltrops+1","Flechettes+1","Endless Agony","Infinite Blades","Die Die Die","All Out Attack","Dagger Spray+1","Escape Plan+1","Blade Dance+1","Blade Dance+1","Dagger Spray+1","Adrenaline+1","Trip+1","Corpse Explosion+1","Chrysalis+1","Infinite Blades"],"relics":["Ring of the Serpent","Thread and Needle","Gremlin Horn","Mummified Hand","TheAbacus","FossilizedHelix","Incense Burner","MawBank","Mango","Nilry\u0027s Codex","Sozu","Orichalcum","CultistMask","Ancient Tea Set","Toxic Egg 2","Regal Pillow","Pantograph"],"potions_floor_usage":[7,7,7,16,24,24,28,33,33,41],"damage_taken":[{"damage":0,"enemies":"2 Louse","floor":1,"turns":2},{"damage":3,"enemies":"Small Slimes","floor":3,"turns":4},{"damage":1,"enemies":"Cultist","floor":5,"turns":5},{"damage":23,"enemies":"Lagavulin","floor":7,"turns":14},{"damage":0,"enemies":"Blue Slaver","floor":10,"turns":3},{"damage":0,"enemies":"3 Sentries","floor":12,"turns":7},{"damage":0,"enemies":"2 Fungi Beasts","floor":14,"turns":3},{"damage":2,"enemies":"The Guardian","floor":16,"turns":13},{"damage":8,"enemies":"Chosen","floor":18,"turns":5},{"damage":16,"enemies":"Shell Parasite","floor":19,"turns":4},{"damage":0,"enemies":"Chosen and Byrds","floor":21,"turns":6},{"damage":10,"enemies":"Gremlin Leader","floor":24,"turns":6},{"damage":2,"enemies":"Snecko","floor":25,"turns":5},{"damage":0,"enemies":"Cultist and Chosen","floor":27,"turns":4},{"damage":0,"enemies":"Slavers","floor":28,"turns":8},{"damage":0,"enemies":"Snake Plant","floor":29,"turns":4},{"damage":0,"enemies":"Shelled Parasite and Fungi","floor":30,"turns":5},{"damage":19,"enemies":"Collector","floor":33,"turns":8},{"damage":15,"enemies":"3 Shapes","floor":35,"turns":2},{"damage":21,"enemies":"Orb Walker","floor":36,"turns":4},{"damage":0,"enemies":"3 Darklings","floor":37,"turns":3},{"damage":17,"enemies":"Spire Growth","floor":39,"turns":4},{"damage":0,"enemies":"Nemesis","floor":41,"turns":7},{"damage":4,"enemies":"4 Shapes","floor":44,"turns":3},{"damage":4,"enemies":"2 Orb Walkers","floor":45,"turns":4},{"damage":52,"enemies":"Donu and Deca","floor":50,"turns":6}],"seed_played":"-4247942447742794355","potions_obtained":[{"floor":1,"key":"EssenceOfSteel"},{"floor":4,"key":"Swift Potion"},{"floor":4,"key":"AttackPotion"},{"floor":10,"key":"GhostInAJar"},{"floor":12,"key":"AttackPotion"},{"floor":14,"key":"FearPotion"},{"floor":19,"key":"LiquidBronze"},{"floor":21,"key":"AttackPotion"},{"floor":24,"key":"GhostInAJar"},{"floor":28,"key":"Explosive Potion"},{"floor":30,"key":"Ancient Potion"}],"is_trial":false,"path_per_floor":["M","?","M","?","M","R","E","R","T","M","R","E","R","M","R","B",null,"M","M","$","M","?","R","E","M","T","M","E","M","M","?","R","B",null,"M","M","M","?","M","R","E","?","T","M","E","$","R","$","R","B"],"character_chosen":"THE_SILENT","items_purchased":["TheAbacus","HandOfGreed","Regal Pillow","Pantograph","Trip+1","Corpse Explosion+1","Chrysalis+1","Infinite Blades"],"campfire_rested":3,"item_purchase_floors":[20,20,46,46,46,46,48,48],"current_hp_per_floor":[63,52,49,49,48,48,25,25,25,25,25,25,25,25,25,23,63,55,39,39,39,39,39,29,27,27,27,41,41,41,25,48,29,77,62,41,41,41,24,47,47,47,47,43,39,39,77,77,77,25],"gold":7,"neow_bonus":"REMOVE_TWO","is_prod":false,"is_daily":false,"chose_seed":false,"campfire_upgraded":7,"win_rate":0,"timestamp":1539466873,"path_taken":["M","?","M","?","M","R","E","R","T","M","R","E","R","M","R","BOSS","M","M","$","M","?","R","E","M","T","M","E","M","M","?","R","BOSS","M","M","M","?","M","R","E","?","T","M","E","$","R","$","R","BOSS"],"build_version":"2018-10-11","purchased_purges":0,"victory":true,"max_hp_per_floor":[63,63,63,63,63,63,63,63,63,63,63,63,63,63,63,63,63,63,63,63,63,63,63,63,63,63,63,77,77,77,77,77,77,77,77,77,77,77,77,77,77,77,77,77,77,77,77,77,77,77],"card_choices":[{"not_picked":["Cloak And Dagger","Flying Knee"],"picked":"Accuracy","floor":1},{"not_picked":["Quick Slash","Acrobatics"],"picked":"PiercingWail","floor":3},{"not_picked":["Poisoned Stab","Acrobatics"],"picked":"Backstab","floor":5},{"not_picked":["Deadly Poison","Outmaneuver"],"picked":"Infinite Blades","floor":7},{"not_picked":["Setup","Bouncing Flask"],"picked":"Backstab","floor":10},{"not_picked":["Dash","Poisoned Stab"],"picked":"Well Laid Plans","floor":12},{"not_picked":["Heel Hook","Masterful Stab","Tactician"],"picked":"SKIP","floor":14},{"not_picked":["Phantasmal Killer","Malaise"],"picked":"Storm of Steel","floor":16},{"not_picked":["Acrobatics","Flying Knee"],"picked":"Backflip+1","floor":18},{"not_picked":["Riddle With Holes","PiercingWail"],"picked":"Slice+1","floor":19},{"not_picked":["Masterful Stab+1","Footwork+1"],"picked":"Blade Dance","floor":21},{"not_picked":["Outmaneuver","Well Laid Plans"],"picked":"Finisher+1","floor":24},{"not_picked":["Adrenaline","Bane"],"picked":"Deflect+1","floor":25},{"not_picked":["Catalyst","Acrobatics"],"picked":"Caltrops","floor":27},{"not_picked":["Slice","Deadly Poison"],"picked":"Flechettes+1","floor":28},{"not_picked":["Reflex","Flying Knee"],"picked":"Endless Agony","floor":29},{"not_picked":["Expertise","Outmaneuver"],"picked":"Infinite Blades","floor":30},{"not_picked":["Burst","Grand Finale"],"picked":"Die Die Die","floor":33},{"not_picked":["Endless Agony+1","Deadly Poison"],"picked":"All Out Attack","floor":35},{"not_picked":["Outmaneuver+1","Acrobatics+1"],"picked":"Dagger Spray+1","floor":36},{"not_picked":["Dagger Throw","Poisoned Stab"],"picked":"Escape Plan+1","floor":37},{"not_picked":["Quick Slash","Calculated Gamble+1"],"picked":"Blade Dance+1","floor":39},{"not_picked":["Slice","Catalyst+1"],"picked":"Blade Dance+1","floor":41},{"not_picked":["PiercingWail","Quick Slash"],"picked":"Dagger Spray+1","floor":44},{"not_picked":["PiercingWail","Finisher+1"],"picked":"Adrenaline","floor":45}],"player_experience":130822,"relics_obtained":[{"floor":7,"key":"Thread and Needle"},{"floor":9,"key":"Gremlin Horn"},{"floor":12,"key":"Mummified Hand"},{"floor":24,"key":"Incense Burner"},{"floor":26,"key":"MawBank"},{"floor":28,"key":"Mango"},{"floor":31,"key":"Nilry\u0027s Codex"},{"floor":41,"key":"Orichalcum"},{"floor":43,"key":"Ancient Tea Set"},{"floor":45,"key":"Toxic Egg 2"}],"event_choices":[{"event_name":"World of Goop","player_choice":"Gather Gold","floor":2,"damage_taken":0},{"event_name":"The Woman in Blue","player_choice":"Bought 2 Potions","floor":4,"damage_taken":0},{"event_name":"Addict","player_choice":"Stole Relic","floor":22,"damage_taken":0},{"event_name":"Cursed Tome","player_choice":"Obtained Book","floor":31,"damage_taken":0},{"event_name":"Wheel of Change","player_choice":"Card Removal","floor":38,"damage_taken":0},{"event_name":"FaceTrader","player_choice":"Trade","floor":42,"damage_taken":0}],"is_beta":false,"boss_relics":[{"not_picked":["Cursed Key","HoveringKite"],"picked":"Ring of the Serpent"},{"not_picked":["White Beast Statue","Runic Dome"],"picked":"Sozu"}],"items_purged_floors":[],"is_endless":false,"potions_floor_spawned":[1,10,12,14,19,21,24,28,30,35,39,44],"ascension_level":1}