{"gold_per_floor":[109,124,124,124,7,7,42,42,342,342,354,366,366,366,366,467,467,478,7,17,34,34,34,34,66,66,66,79,79,79,93,93,93],"floor_reached":33,"playtime":1704,"items_purged":["Strike_G"],"score":374,"play_id":"027a7186-0fac-45d3-bcef-7f6d027286a0","local_time":"20190207095810","is_ascension_mode":true,"campfire_choices":[{"data":"Neutralize","floor":6.0,"key":"SMITH"},{"data":"Footwork","floor":8.0,"key":"SMITH"},{"data":"Footwork","floor":13.0,"key":"SMITH"},{"floor":15.0,"key":"RECALL"},{"data":"Malaise","floor":23,"key":"SMITH"},{"data":"Footwork","floor":27,"key":"SMITH"},{"data":"Noxious Fumes","floor":29,"key":"SMITH"},{"data":"Noxious Fumes","floor":32,"key":"SMITH"}],"neow_cost":"NONE","seed_source_timestamp":0,"circlet_count":0,"master_deck":["Defend_G+1","Defend_G+1","Defend_G","Defend_G","Defend_G","Strike_G+1","Strike_G","Survivor","Neutralize+1","PiercingWail","Footwork+1","Backstab","Dagger Throw","A Thousand Cuts","Footwork+1","Dash","Burst+1","Noxious Fumes+1","Malaise+1","Backflip","Footwork+1","Noxious Fumes+1","Cloak And Dagger"],"special_seed":0,"relics":["Ring of the Snake","NeowsBlessing","PreservedInsect","Ginger","Old Coin","Black Star","TwistedFunnel","War Paint","Kunai","Mango","Mercury Hourglass"],"potions_floor_usage":[31,33,33,33],"damage_taken":[{"damage":0.0,"enemies":"2 Louse","floor":1.0,"turns":1.0},{"damage":0.0,"enemies":"Small Slimes","floor":2.0,"turns":1.0},{"damage":0.0,"enemies":"3 Sentries","floor":7.0,"turns":1.0},{"damage":0.0,"enemies":"Cultist","floor":11.0,"turns":4.0},{"damage":0.0,"enemies":"Blue Slaver","floor":12.0,"turns":3.0},{"damage":32.0,"enemies":"Slime Boss","floor":16.0,"turns":13.0},{"damage":9,"enemies":"Spheric Guardian","floor":18,"turns":9},{"damage":20,"enemies":"Shell Parasite","floor":20,"turns":9},{"damage":0,"enemies":"Snecko","floor":21,"turns":6},{"damage":13,"enemies":"Book of Stabbing","floor":25,"turns":8},{"damage":6,"enemies":"3 Cultists","floor":28,"turns":5},{"damage":2,"enemies":"Sentry and Sphere","floor":31,"turns":7},{"damage":47,"enemies":"Collector","floor":33,"turns":7}],"seed_played":"5880293085410550483","potions_obtained":[{"floor":12.0,"key":"SpeedPotion"},{"floor":16.0,"key":"Dexterity Potion"},{"floor":18,"key":"Explosive Potion"},{"floor":25,"key":"Energy Potion"},{"floor":31,"key":"Explosive Potion"}],"is_trial":false,"path_per_floor":["M","M","?","?","$","R","E","R","T","?","M","M","R","?","R","B",null,"M","$","M","M","?","R","?","E","T","R","M","R","$","M","R","B"],"character_chosen":"THE_SILENT","items_purchased":["Footwork","Backstab","TwistedFunnel","Malaise","Backflip","Footwork"],"campfire_rested":0,"item_purchase_floors":[5,5,19,19,19,19],"current_hp_per_floor":[63,63,56,42,42,42,42,42,42,42,42,42,42,42,42,10,55,46,46,26,26,49,49,49,50,50,50,44,44,44,42,42,0],"gold":93,"neow_bonus":"THREE_ENEMY_KILL","is_prod":false,"is_daily":false,"chose_seed":false,"campfire_upgraded":7,"win_rate":0,"timestamp":1549562290,"path_taken":["M","M","?","?","$","R","E","R","T","?","M","?","R","?","R","BOSS","M","$","M","?","?","R","?","E","T","R","M","R","$","M","R","BOSS"],"build_version":"2019-01-23","purchased_purges":1,"victory":false,"max_hp_per_floor":[70,70,70,70,70,70,70,70,70,70,70,70,70,70,70,70,70,70,70,70,70,70,70,70,84,84,84,84,84,84,84,84,84],"card_choices":[{"not_picked":["Dagger Spray","Outmaneuver"],"picked":"PiercingWail","floor":1.0},{"not_picked":["Slice","Distraction","PiercingWail"],"picked":"SKIP","floor":2.0},{"not_picked":["Flechettes","Heel Hook"],"picked":"Dagger Throw","floor":7.0},{"not_picked":["Leg Sweep","Deadly Poison"],"picked":"Footwork","floor":11.0},{"not_picked":["Blade Dance","Quick Slash"],"picked":"Dash","floor":12.0},{"not_picked":["A Thousand Cuts","Venomology"],"picked":"Burst","floor":16.0},{"not_picked":["Dagger Spray","Predator"],"picked":"Noxious Fumes","floor":18},{"not_picked":["Caltrops","Bane"],"picked":"Noxious Fumes","floor":20},{"not_picked":["Blade Dance","Outmaneuver+1"],"picked":"Cloak And Dagger","floor":21},{"not_picked":["Slice","All Out Attack","Dodge and Roll"],"picked":"SKIP","floor":25},{"not_picked":["Blade Dance","Flying Knee","PiercingWail+1"],"picked":"SKIP","floor":28},{"not_picked":["Dagger Spray+1","Choke","Prepared"],"picked":"SKIP","floor":31}],"player_experience":288603,"relics_obtained":[{"floor":7.0,"key":"Ginger"},{"floor":9.0,"key":"Old Coin"},{"floor":25,"key":"Kunai"},{"floor":25,"key":"Mango"},{"floor":26,"key":"Mercury Hourglass"}],"event_choices":[{"damage_healed":0.0,"max_hp_gain":0.0,"max_hp_loss":0.0,"gold_gain":0.0,"event_name":"Scrap Ooze","player_choice":"Success","floor":3.0,"gold_loss":0.0,"damage_taken":7.0,"relics_obtained":["PreservedInsect"]},{"damage_healed":0.0,"max_hp_gain":0.0,"max_hp_loss":0.0,"gold_gain":0.0,"event_name":"Shining Light","player_choice":"Entered Light","floor":4.0,"gold_loss":0.0,"damage_taken":14.0,"cards_upgraded":["Strike_G","Defend_G"]},{"damage_healed":0.0,"max_hp_gain":0.0,"max_hp_loss":0.0,"gold_gain":0.0,"cards_transformed":["Strike_G"],"event_name":"Transmorgrifier","player_choice":"Transformed","floor":10.0,"gold_loss":0.0,"damage_taken":0.0,"cards_obtained":["A Thousand Cuts"]},{"cards_removed":["Strike_G"],"damage_healed":0.0,"max_hp_gain":0.0,"max_hp_loss":0.0,"gold_gain":0.0,"event_name":"Purifier","player_choice":"Purged","floor":14.0,"gold_loss":0.0,"damage_taken":0.0},{"damage_healed":23,"gold_gain":0,"player_choice":"Heal","damage_taken":0,"max_hp_gain":0,"max_hp_loss":0,"event_name":"The Library","floor":22,"gold_loss":0},{"damage_healed":0,"gold_gain":0,"player_choice":"Opened","damage_taken":0,"relics_obtained":["War Paint"],"max_hp_gain":0,"max_hp_loss":0,"event_name":"The Mausoleum","floor":24,"gold_loss":0}],"is_beta":false,"boss_relics":[{"not_picked":["Ectoplasm","Orrery"],"picked":"Black Star"}],"items_purged_floors":[19],"is_endless":false,"potions_floor_spawned":[12,16,18,25,28,31],"killed_by":"Collector","ascension_level":6}