{"gold_per_floor":[115,18,33,59,77,77,111,111,111,144,44,59,59,75,75,177,177,188,207,221,233,253,253,269,269,269,285,68,68,85,97,97,196,196,215,215],"floor_reached":36,"playtime":1752,"items_purged":["Strike_B","Strike_B","Defend_B"],"score":589,"play_id":"d6f11b36-b70f-449f-9751-3f40df4e5525","local_time":"20190128150604","is_ascension_mode":true,"campfire_choices":[{"data":"Sunder","floor":6,"key":"SMITH"},{"data":"Sunder","floor":8,"key":"SMITH"},{"data":"Chill","floor":13,"key":"SMITH"},{"data":"Zap","floor":15,"key":"SMITH"},{"floor":23,"key":"REST"},{"data":"Meteor Strike","floor":25,"key":"SMITH"},{"data":"Panacea","floor":29,"key":"SMITH"},{"floor":32,"key":"RECALL"}],"neow_cost":"TEN_PERCENT_HP_LOSS","seed_source_timestamp":915704904059017,"circlet_count":0,"master_deck":["AscendersBane","Defend_B","Defend_B","Defend_B","Zap+1","Dualcast","Sunder+1","Sunder+1","Steam","Conserve Battery","Cold Snap","Auto Shields","Multi-Cast","Chill+1","Meteor Strike+1","Auto Shields+1","Melter","Sweeping Beam","Steam Power","Seek","Rebound+1","Panacea+1","Defragment","Fission","Chill"],"relics":["Cracked Core","DataDisk","Bag of Marbles","Ice Cream","Ornamental Fan","Nuclear Battery","Mercury Hourglass"],"potions_floor_usage":[33,33,33,33],"damage_taken":[{"damage":0,"enemies":"Cultist","floor":1,"turns":3},{"damage":0,"enemies":"2 Louse","floor":3,"turns":2},{"damage":0,"enemies":"Small Slimes","floor":5,"turns":3},{"damage":18,"enemies":"3 Sentries","floor":7,"turns":6},{"damage":2,"enemies":"Lagavulin","floor":10,"turns":5},{"damage":0,"enemies":"Exordium Wildlife","floor":12,"turns":1},{"damage":0,"enemies":"2 Fungi Beasts","floor":14,"turns":3},{"damage":4,"enemies":"The Guardian","floor":16,"turns":9},{"damage":0,"enemies":"Chosen","floor":18,"turns":4},{"damage":9,"enemies":"Spheric Guardian","floor":19,"turns":4},{"damage":25,"enemies":"Snake Plant","floor":20,"turns":4},{"damage":0,"enemies":"Shelled Parasite and Fungi","floor":21,"turns":4},{"damage":0,"enemies":"Chosen and Byrds","floor":22,"turns":4},{"damage":0,"enemies":"3 Cultists","floor":24,"turns":5},{"damage":0,"enemies":"Snecko","floor":27,"turns":3},{"damage":0,"enemies":"Centurion and Healer","floor":30,"turns":4},{"damage":0,"enemies":"Chosen and Byrds","floor":31,"turns":4},{"damage":25,"enemies":"Collector","floor":33,"turns":8},{"damage":1,"enemies":"3 Darklings","floor":35,"turns":5},{"damage":59,"enemies":"2 Orb Walkers","floor":36,"turns":5}],"seed_played":"-2002935066515753794","potions_obtained":[{"floor":10,"key":"EssenceOfSteel"},{"floor":14,"key":"Ancient Potion"},{"floor":22,"key":"Swift Potion"},{"floor":30,"key":"EntropicBrew"}],"is_trial":false,"path_per_floor":["M","$","M","T","M","R","E","R","T","E","$","M","R","M","R","B",null,"M","M","M","M","M","R","M","R","T","M","$","R","M","M","R","B",null,"M","?"],"character_chosen":"DEFECT","items_purchased":["Conserve Battery","Panacea"],"campfire_rested":1,"item_purchase_floors":[2,28],"current_hp_per_floor":[68,68,68,68,68,68,50,50,50,48,48,48,48,48,48,44,62,62,53,28,28,28,48,48,48,48,48,48,48,48,48,48,23,57,56,0],"gold":215,"neow_bonus":"TRANSFORM_TWO_CARDS","is_prod":false,"is_daily":false,"chose_seed":false,"campfire_upgraded":6,"win_rate":0,"timestamp":1548705964,"path_taken":["M","$","?","?","M","R","E","R","T","E","?","M","R","M","R","BOSS","M","?","M","M","M","R","M","R","T","M","$","R","M","M","R","BOSS","M","?"],"build_version":"2019-01-23","purchased_purges":3,"victory":false,"max_hp_per_floor":[68,68,68,68,68,68,68,68,68,68,68,68,68,68,68,68,68,68,68,68,68,68,68,68,68,68,68,68,68,68,68,68,68,68,68,68],"card_choices":[{"not_picked":["Streamline","Sweeping Beam"],"picked":"Steam","floor":1},{"not_picked":["Static Discharge","Capacitor"],"picked":"Cold Snap","floor":3},{"not_picked":["Coolheaded","Storm"],"picked":"Auto Shields","floor":5},{"not_picked":["Defragment","Storm"],"picked":"Multi-Cast","floor":7},{"not_picked":["Hologram","Leap","Ball Lightning"],"picked":"SKIP","floor":10},{"not_picked":["Barrage","Storm"],"picked":"Chill","floor":12},{"not_picked":["Coolheaded","Stack","Barrage"],"picked":"SKIP","floor":14},{"not_picked":["Electrodynamics","Rainbow"],"picked":"Meteor Strike","floor":16},{"not_picked":["Steam","Darkness"],"picked":"Auto Shields+1","floor":18},{"not_picked":["Redo+1","Leap+1"],"picked":"Melter","floor":19},{"not_picked":["Beam Cell+1","Force Field"],"picked":"Sweeping Beam","floor":20},{"not_picked":["Conserve Battery","Melter"],"picked":"Steam Power","floor":21},{"not_picked":["Cold Snap","Ball Lightning","Beam Cell"],"picked":"SKIP","floor":22},{"not_picked":["Stack","Streamline"],"picked":"Seek","floor":24},{"not_picked":["Conserve Battery","Recycle"],"picked":"Rebound+1","floor":27},{"not_picked":["Rebound","Compile Driver"],"picked":"Defragment","floor":30},{"not_picked":["Go for the Eyes","Fusion","FTL"],"picked":"SKIP","floor":31},{"not_picked":["All For One","Reboot"],"picked":"Fission","floor":33},{"not_picked":["Tempest","Rebound"],"picked":"Chill","floor":35}],"player_experience":527997,"relics_obtained":[{"floor":4,"key":"DataDisk"},{"floor":7,"key":"Bag of Marbles"},{"floor":9,"key":"Ice Cream"},{"floor":10,"key":"Ornamental Fan"},{"floor":26,"key":"Mercury Hourglass"}],"event_choices":[{"damage_healed":0,"gold_gain":0,"player_choice":"Fight","damage_taken":0,"max_hp_gain":0,"max_hp_loss":0,"event_name":"Mysterious Sphere","floor":36,"gold_loss":0}],"is_beta":false,"boss_relics":[{"not_picked":["Busted Crown","Calling Bell"],"picked":"Nuclear Battery"},{"not_picked":["Fusion Hammer","Snecko Eye","Coffee Dripper"]}],"items_purged_floors":[2,11,28],"is_endless":false,"potions_floor_spawned":[10,14,16,18,21,22,30],"killed_by":"2 Orb Walkers","ascension_level":11}