{"gold_per_floor":[362,437,437,133,148,148,180,196,196,146,162,188,188,21,21,21],"floor_reached":16,"playtime":991,"items_purged":["Strike_G","Strike_G"],"score":189,"play_id":"79b525c5-e48a-4f15-a834-44b82dcf6e14","local_time":"20190220215045","is_ascension_mode":true,"campfire_choices":[{"data":"Dagger Throw","floor":6,"key":"SMITH"},{"data":"Catalyst","floor":13,"key":"SMITH"},{"data":"Crippling Poison","floor":15,"key":"SMITH"}],"neow_cost":"TEN_PERCENT_HP_LOSS","seed_source_timestamp":125967342989362,"circlet_count":0,"master_deck":["AscendersBane","Defend_G","Defend_G","Defend_G","Defend_G","Defend_G","Strike_G","Strike_G","Strike_G","Survivor","Neutralize","Dagger Throw+1","Dagger Spray","Crippling Poison+1","Adrenaline","Escape Plan","Dodge and Roll","PiercingWail","Catalyst+1"],"relics":["Ring of the Snake","Meat on the Bone","PreservedInsect","Smiling Mask","The Courier","Omamori","ClockworkSouvenir"],"potions_floor_usage":[16,16],"damage_taken":[{"damage":1,"enemies":"Jaw Worm","floor":1,"turns":5},{"damage":0,"enemies":"Cultist","floor":5,"turns":3},{"damage":23,"enemies":"Gremlin Nob","floor":7,"turns":4},{"damage":6,"enemies":"2 Louse","floor":8,"turns":8},{"damage":12,"enemies":"Exordium Wildlife","floor":11,"turns":7},{"damage":12,"enemies":"3 Sentries","floor":12,"turns":6},{"damage":67,"enemies":"Slime Boss","floor":16,"turns":14}],"seed_played":"7374438624455312661","potions_obtained":[{"floor":8,"key":"SkillPotion"},{"floor":12,"key":"Regen Potion"}],"is_trial":false,"path_per_floor":["M","?","T","$","M","R","E","M","T","$","M","E","R","$","R","B"],"character_chosen":"THE_SILENT","items_purchased":["PreservedInsect","Dagger Spray","Crippling Poison","ClockworkSouvenir"],"campfire_rested":0,"item_purchase_floors":[4,4,4,14],"current_hp_per_floor":[58,47,47,47,47,47,36,42,42,42,42,42,42,42,42,0],"gold":21,"neow_bonus":"TWO_FIFTY_GOLD","is_prod":false,"is_daily":false,"chose_seed":false,"campfire_upgraded":3,"win_rate":0,"timestamp":1550717445,"path_taken":["M","?","?","$","?","R","E","M","T","?","M","E","R","$","R","BOSS"],"build_version":"2019-01-23","purchased_purges":2,"victory":false,"max_hp_per_floor":[60,60,60,60,60,60,60,60,60,60,60,60,60,60,60,60],"card_choices":[{"not_picked":["Backflip","Deflect"],"picked":"Dagger Throw","floor":1},{"not_picked":["Cloak And Dagger","Outmaneuver"],"picked":"Adrenaline","floor":5},{"not_picked":["Terror","Acrobatics"],"picked":"Escape Plan","floor":7},{"not_picked":["Flying Knee","Heel Hook"],"picked":"Dodge and Roll","floor":8},{"not_picked":["Quick Slash","Acrobatics"],"picked":"PiercingWail","floor":11},{"not_picked":["Blur","Backflip"],"picked":"Catalyst","floor":12}],"player_experience":802342,"relics_obtained":[{"floor":3,"key":"Meat on the Bone"},{"floor":7,"key":"Smiling Mask"},{"floor":9,"key":"The Courier"},{"floor":12,"key":"Omamori"}],"event_choices":[{"damage_healed":0,"gold_gain":75,"player_choice":"Gather Gold","damage_taken":11,"max_hp_gain":0,"max_hp_loss":0,"event_name":"World of Goop","floor":2,"gold_loss":0}],"is_beta":false,"boss_relics":[],"items_purged_floors":[4,10],"is_endless":false,"potions_floor_spawned":[8,12],"killed_by":"Slime Boss","ascension_level":15}