{"path_per_floor":["M","M","?","$","M","E","M","M","T","?","$","R","$","?","R","B",null,"M","?","?","M","$","R","?","M","T","M","E","M","M","?","R","B",null,"M","M","$","M","M","R"],"character_chosen":"IRONCLAD","items_purchased":["Apotheosis"],"gold_per_floor":[109,128,128,53,63,97,111,131,131,306,28,28,28,50,50,150,150,169,169,169,183,58,58,58,73,73,91,126,140,156,156,156,252,252,263,279,129,146,157,157,157],"floor_reached":41,"campfire_rested":3,"playtime":2467,"current_hp_per_floor":[80,80,77,77,80,66,65,63,63,63,63,63,63,60,80,38,80,79,79,79,79,79,79,79,67,67,42,34,24,24,8,47,16,80,80,80,80,63,44,80,0],"items_purged":["Strike_R","Doubt","Bloodletting","Bash"],"gold":157,"score":440,"play_id":"ff3dbc72-0aea-491c-b18a-a03628d32ec4","local_time":"20180418090205","is_prod":false,"is_daily":false,"chose_seed":false,"is_ascension_mode":false,"campfire_upgraded":2,"timestamp":1524067325,"path_taken":["M","M","?","$","M","E","M","M","T","?","$","R","?","?","R","BOSS","M","?","?","?","$","R","?","M","T","M","E","M","?","?","R","BOSS","M","M","$","M","M","R","E"],"build_version":"2018-04-12","seed_source_timestamp":0,"purchased_purges":4,"victory":false,"master_deck":["Defend_R","Defend_R","Defend_R","Flex+1","Thunderclap","Rage","Apotheosis+1","Rampage+1","Double Tap","Reaper+1","Double Tap","Necronomicurse"],"max_hp_per_floor":[80,80,80,80,80,80,80,80,80,80,80,80,80,80,80,80,80,80,80,80,80,80,80,80,80,80,80,80,80,80,80,80,80,80,80,80,80,80,80,80,80],"relics":["Burning Blood","Bronze Scales","Regal Pillow","Molten Egg 2","Odd Mushroom","Astrolabe","Ancient Tea Set","Self Forming Clay","Bird Faced Urn","Necronomicon","Runic Dome"],"card_choices":[{"not_picked":["Body Slam","Pommel Strike"],"picked":"Flex","floor":1.0},{"not_picked":["Armaments","Heavy Blade"],"picked":"Thunderclap","floor":2.0},{"not_picked":["Shockwave","True Grit"],"picked":"Rage","floor":6.0},{"not_picked":["Flex","Twin Strike"],"picked":"Rampage","floor":14.0},{"not_picked":["Fiend Fire","Brutality"],"picked":"Double Tap","floor":16.0}],"player_experience":49686,"potions_floor_usage":[36,41,41],"damage_taken":[{"damage":6.0,"enemies":"Jaw Worm","floor":1.0,"turns":5.0},{"damage":5.0,"enemies":"Cultist","floor":2.0,"turns":4.0},{"damage":0.0,"enemies":"2 Louse","floor":5.0,"turns":3.0},{"damage":20.0,"enemies":"Gremlin Nob","floor":6.0,"turns":4.0},{"damage":7.0,"enemies":"Large Slime","floor":7.0,"turns":6.0},{"damage":8.0,"enemies":"3 Louse","floor":8.0,"turns":3.0},{"damage":9.0,"enemies":"The Mushroom Lair","floor":14.0,"turns":3.0},{"damage":48.0,"enemies":"The Guardian","floor":16.0,"turns":9.0},{"damage":14.0,"enemies":"Shell Parasite","floor":18.0,"turns":5.0},{"damage":6.0,"enemies":"3 Byrds","floor":21.0,"turns":2.0},{"damage":27.0,"enemies":"Centurion and Healer","floor":25.0,"turns":5.0},{"damage":35.0,"enemies":"Sentry and Sphere","floor":27.0,"turns":7.0},{"damage":32.0,"enemies":"Slavers","floor":28.0,"turns":3.0},{"damage":23,"enemies":"Chosen and Byrds","floor":29,"turns":6},{"damage":26,"enemies":"Centurion and Healer","floor":30,"turns":8},{"damage":55,"enemies":"Champ","floor":33,"turns":10},{"damage":29,"enemies":"3 Darklings","floor":35,"turns":4},{"damage":0,"enemies":"Orb Walker","floor":36,"turns":3},{"damage":43,"enemies":"3 Darklings","floor":38,"turns":7},{"damage":51,"enemies":"4 Shapes","floor":39,"turns":7},{"damage":89,"enemies":"2 Orb Walkers","floor":41,"turns":4}],"event_choices":[{"event_name":"Scrap Ooze","player_choice":"success","floor":3.0,"damage_taken":3.0},{"event_name":"Liars Game","player_choice":"agreed","floor":10.0,"damage_taken":0.0},{"event_name":"Mushrooms","player_choice":"Fought Mushrooms","floor":14.0,"damage_taken":0.0},{"event_name":"The Mausoleum","player_choice":"Yes","floor":19.0,"damage_taken":0.0},{"event_name":"Back to Basics","player_choice":"Elegance","floor":20.0,"damage_taken":0.0},{"event_name":"Transmorgrifier","player_choice":"Transform","floor":24.0,"damage_taken":0.0},{"event_name":"Cursed Tome","player_choice":"Obtained Book","floor":31,"damage_taken":0}],"boss_relics":[{"not_picked":["Runic Cube","Eternal Feather"],"picked":"Runic Dome"}],"potions_floor_spawned":[5,6,21,30,33,35,39],"seed_played":"6339514991076063717","killed_by":"2 Orb Walkers","ascension_level":0,"is_trial":false}