{"gold_per_floor":[119,194,204,221,235,235,251,251,251,251,13,13,24,24],"floor_reached":14,"playtime":536,"items_purged":["Strike_B"],"score":82,"play_id":"5a28449d-2046-4d1e-8d97-02ce46d70df3","local_time":"20190208121659","is_ascension_mode":false,"campfire_choices":[{"data":"Capacitor","floor":6,"key":"SMITH"},{"data":"Consume","floor":8,"key":"SMITH"}],"neow_cost":"NONE","seed_source_timestamp":1857287698551636,"circlet_count":0,"master_deck":["Strike_B","Strike_B","Defend_B","Defend_B","Defend_B","Defend_B","Zap","Dualcast","Consume+1","Conserve Battery","Fusion","Capacitor+1","Self Repair","Buffer","White Noise","Self Repair"],"relics":["Sozu"],"potions_floor_usage":[],"damage_taken":[{"damage":1,"enemies":"Jaw Worm","floor":1,"turns":4},{"damage":5,"enemies":"Small Slimes","floor":3,"turns":4},{"damage":0,"enemies":"Cultist","floor":4,"turns":4},{"damage":6,"enemies":"2 Fungi Beasts","floor":5,"turns":4},{"damage":28,"enemies":"Large Slime","floor":7,"turns":8},{"damage":7,"enemies":"Red Slaver","floor":13,"turns":6},{"damage":26,"enemies":"Gremlin Gang","floor":14,"turns":3}],"seed_played":"-499222014184841905","potions_obtained":[],"is_trial":false,"path_per_floor":["M","?","M","M","M","R","M","R","T","?","$","?","M","M"],"character_chosen":"DEFECT","items_purchased":["Buffer"],"campfire_rested":0,"item_purchase_floors":[11],"current_hp_per_floor":[74,63,58,58,52,52,24,24,24,24,24,24,24,0],"gold":24,"neow_bonus":"BOSS_RELIC","is_prod":false,"is_daily":false,"chose_seed":false,"campfire_upgraded":2,"win_rate":0,"timestamp":1549646219,"path_taken":["M","?","M","M","M","R","M","R","T","?","$","?","M","M"],"build_version":"2019-01-23","purchased_purges":1,"victory":false,"max_hp_per_floor":[75,75,75,75,75,75,75,75,75,75,75,75,75,75],"card_choices":[{"not_picked":["Beam Cell","Barrage"],"picked":"Consume","floor":1},{"not_picked":["Go for the Eyes","Barrage"],"picked":"Conserve Battery","floor":3},{"not_picked":["Turbo","Compile Driver"],"picked":"Fusion","floor":4},{"not_picked":["Reinforced Body","Self Repair"],"picked":"Capacitor","floor":5},{"not_picked":["Conserve Battery","Turbo"],"picked":"Self Repair","floor":7},{"not_picked":["Conserve Battery","Turbo"],"picked":"Self Repair","floor":13}],"player_experience":704837,"relics_obtained":[],"event_choices":[{"damage_healed":0,"gold_gain":75,"player_choice":"Gather Gold","damage_taken":11,"max_hp_gain":0,"max_hp_loss":0,"event_name":"World of Goop","floor":2,"gold_loss":0},{"damage_healed":0,"gold_gain":0,"player_choice":"Fled","damage_taken":0,"max_hp_gain":0,"max_hp_loss":0,"event_name":"Scrap Ooze","floor":10,"gold_loss":0},{"damage_healed":0,"gold_gain":0,"cards_transformed":["Strike_B"],"player_choice":"Transformed","damage_taken":0,"max_hp_gain":0,"max_hp_loss":0,"event_name":"Transmorgrifier","floor":12,"gold_loss":0,"cards_obtained":["White Noise"]}],"is_beta":false,"boss_relics":[],"items_purged_floors":[11],"is_endless":false,"potions_floor_spawned":[3,5],"killed_by":"Gremlin Gang","ascension_level":0}