{"gold_per_floor":[110,185,202,127,138,138,313,313,365,380,380,380,392,25,25,124,124,141,16,29,29,42,42,61,61,61],"floor_reached":26,"playtime":998,"items_purged":["Strike_R","Normality","Dual Wield"],"score":198,"play_id":"3d328795-c65c-4fb5-832d-c01f84262836","local_time":"20190203193929","is_ascension_mode":false,"campfire_choices":[{"data":"Whirlwind","floor":6,"key":"SMITH"},{"data":"Dual Wield","floor":11,"key":"SMITH"},{"data":"Rage","floor":15,"key":"SMITH"},{"floor":23,"key":"REST"},{"data":"Dropkick","floor":25,"key":"SMITH"}],"neow_cost":"NONE","seed_source_timestamp":1451320507750833,"circlet_count":0,"master_deck":["Bash+1","Whirlwind+1","Dual Wield+1","Evolve","Rage+1","Dropkick+1","Barricade","Ghostly Armor","Power Through","Feel No Pain","Feel No Pain","Seeing Red","Injury"],"relics":["Cursed Key","Whetstone","Sling","Pandora\u0027s Box"],"potions_floor_usage":[18,22,22],"damage_taken":[{"damage":1,"enemies":"Jaw Worm","floor":1,"turns":3},{"damage":5,"enemies":"Small Slimes","floor":3,"turns":2},{"damage":0,"enemies":"Cultist","floor":5,"turns":3},{"damage":0,"enemies":"Large Slime","floor":10,"turns":4},{"damage":21,"enemies":"Exordium Wildlife","floor":13,"turns":4},{"damage":32,"enemies":"The Guardian","floor":16,"turns":8},{"damage":7,"enemies":"2 Thieves","floor":18,"turns":4},{"damage":43,"enemies":"Spheric Guardian","floor":20,"turns":7},{"damage":10,"enemies":"Cultist and Chosen","floor":22,"turns":4},{"damage":19,"enemies":"Sentry and Sphere","floor":24,"turns":8}],"seed_played":"-155866764449852645","potions_obtained":[{"floor":3,"key":"Energy Potion"},{"floor":10,"key":"AttackPotion"},{"floor":18,"key":"Fruit Juice"},{"floor":22,"key":"EssenceOfSteel"}],"is_trial":false,"path_per_floor":["M","?","M","$","M","R","?","?","T","M","R","?","M","$","R","B",null,"M","$","M","?","M","R","M","R","T"],"character_chosen":"IRONCLAD","items_purchased":["Sling","Rage"],"campfire_rested":1,"item_purchase_floors":[14,14],"current_hp_per_floor":[79,68,63,63,63,63,63,56,56,56,56,56,35,35,35,3,80,78,78,35,35,25,50,31,31,31],"gold":61,"neow_bonus":"BOSS_RELIC","is_prod":false,"is_daily":false,"chose_seed":false,"campfire_upgraded":4,"win_rate":0,"timestamp":1549240769,"path_taken":["M","?","M","$","M","R","?","?","T","M","R","?","M","$","R","BOSS","M","$","?","?","M","R","M","R","T"],"build_version":"2019-01-23","purchased_purges":3,"victory":false,"max_hp_per_floor":[80,80,80,80,80,80,80,80,80,80,80,80,80,80,80,80,80,85,85,85,85,85,85,85,85,85],"card_choices":[{"not_picked":["Shrug It Off","Second Wind"],"picked":"Whirlwind","floor":1},{"not_picked":["Anger","Twin Strike"],"picked":"Dual Wield","floor":3},{"not_picked":["Iron Wave","Heavy Blade"],"picked":"Evolve","floor":5},{"not_picked":["Havoc","Exhume","Perfected Strike"],"picked":"SKIP","floor":10},{"not_picked":["Iron Wave","Body Slam","Warcry"],"picked":"SKIP","floor":13},{"not_picked":["Flex","Twin Strike","Carnage"],"picked":"SKIP","floor":18},{"not_picked":["Flex","Cleave+1","Rampage+1"],"picked":"SKIP","floor":20},{"not_picked":["Rupture","Clash+1","Body Slam"],"picked":"SKIP","floor":22},{"not_picked":["Shrug It Off","Bloodletting+1","Perfected Strike"],"picked":"SKIP","floor":24}],"player_experience":656641,"relics_obtained":[{"floor":9,"key":"Whetstone"}],"event_choices":[{"damage_healed":0,"gold_gain":75,"player_choice":"Gather Gold","damage_taken":11,"max_hp_gain":0,"max_hp_loss":0,"event_name":"World of Goop","floor":2,"gold_loss":0},{"damage_healed":0,"gold_gain":175,"player_choice":"AGREE","damage_taken":0,"max_hp_gain":0,"max_hp_loss":0,"event_name":"Liars Game","floor":7,"gold_loss":0,"cards_obtained":["Doubt"]},{"cards_removed":["Doubt"],"damage_healed":0,"gold_gain":0,"player_choice":"Card Removal","damage_taken":7,"max_hp_gain":0,"max_hp_loss":0,"event_name":"Golden Wing","floor":8,"gold_loss":0},{"damage_healed":0,"gold_gain":0,"player_choice":"Forge","damage_taken":0,"max_hp_gain":0,"max_hp_loss":0,"event_name":"Accursed Blacksmith","floor":12,"gold_loss":0,"cards_upgraded":["Bash"]},{"damage_healed":0,"gold_gain":0,"player_choice":"Ignored","damage_taken":0,"max_hp_gain":0,"max_hp_loss":0,"event_name":"Vampires","floor":21,"gold_loss":0}],"is_beta":false,"boss_relics":[{"not_picked":["Coffee Dripper","Snecko Eye"],"picked":"Pandora\u0027s Box"}],"items_purged_floors":[4,14,19],"is_endless":false,"potions_floor_spawned":[3,10,18,22],"ascension_level":0}