{"gold_per_floor":[119,135,146,61,61,96,96,96,122,153,168,93,107,7,7,131,131,154,29,45,0,0,0,25,56,137,137,160,259,259,259],"floor_reached":31,"playtime":908,"items_purged":["Strike_B","Strike_B","Strike_B"],"score":378,"play_id":"65dadfec-7f76-4b8e-951e-8c3d8829c117","local_time":"20190126181247","is_ascension_mode":true,"campfire_choices":[{"data":"Panacea","floor":8,"key":"SMITH"},{"floor":15,"key":"REST"},{"data":"Machine Learning","floor":23,"key":"SMITH"},{"floor":27,"key":"REST"},{"data":"Machine Learning","floor":30,"key":"SMITH"}],"neow_cost":"NONE","seed_source_timestamp":754927647841146,"circlet_count":0,"master_deck":["Defend_B","Defend_B","Defend_B","Defend_B","Zap","Dualcast","Streamline","Streamline","Panacea+1","Steam","Cold Snap","Cold Snap","Multi-Cast","Machine Learning+1","Steam","Ball Lightning","Machine Learning+1"],"relics":["Cracked Core","NeowsBlessing","Golden Idol","Anchor","Bronze Scales","Lantern","Velvet Choker","Regal Pillow","Orichalcum","Bottled Tornado"],"potions_floor_usage":[6,16,16,16,25],"damage_taken":[{"damage":0,"enemies":"Cultist","floor":1,"turns":1},{"damage":0,"enemies":"Small Slimes","floor":2,"turns":1},{"damage":0,"enemies":"Jaw Worm","floor":3,"turns":1},{"damage":24,"enemies":"Gremlin Nob","floor":6,"turns":4},{"damage":29,"enemies":"3 Sentries","floor":10,"turns":8},{"damage":0,"enemies":"3 Louse","floor":11,"turns":2},{"damage":6,"enemies":"Blue Slaver","floor":13,"turns":3},{"damage":28,"enemies":"Slime Boss","floor":16,"turns":11},{"damage":0,"enemies":"Chosen","floor":18,"turns":5},{"damage":8,"enemies":"2 Thieves","floor":20,"turns":4},{"damage":24,"enemies":"Book of Stabbing","floor":25,"turns":6},{"damage":5,"enemies":"Snecko","floor":28,"turns":4},{"damage":65,"enemies":"Slavers","floor":31,"turns":4}],"seed_played":"-3543763381146254004","potions_obtained":[{"floor":1,"key":"Poison Potion"},{"floor":2,"key":"SpeedPotion"},{"floor":10,"key":"Dexterity Potion"},{"floor":11,"key":"Explosive Potion"},{"floor":18,"key":"LiquidBronze"}],"is_trial":false,"path_per_floor":["M","M","M","$","?","E","?","R","T","E","M","$","M","$","R","B",null,"M","$","M","?","?","R","T","E","T","R","M","?","R","E"],"character_chosen":"DEFECT","items_purchased":["Panacea"],"campfire_rested":2,"item_purchase_floors":[4],"current_hp_per_floor":[68,68,68,68,68,44,44,44,44,15,15,15,9,9,29,1,52,52,52,44,44,44,44,44,20,20,55,50,50,50,0],"gold":259,"neow_bonus":"THREE_ENEMY_KILL","is_prod":false,"is_daily":false,"chose_seed":false,"campfire_upgraded":3,"win_rate":0,"timestamp":1548544367,"path_taken":["M","M","?","$","?","E","?","R","T","E","?","$","M","$","R","BOSS","M","$","?","?","?","R","?","E","T","R","M","?","R","E"],"build_version":"2019-01-23","purchased_purges":3,"victory":false,"max_hp_per_floor":[75,75,75,75,69,69,69,69,69,69,69,69,69,69,69,69,69,69,69,69,69,69,69,69,69,69,69,69,69,69,69],"card_choices":[{"not_picked":["Loop","BootSequence"],"picked":"Streamline","floor":1},{"not_picked":["Barrage","Go for the Eyes","Blizzard"],"picked":"SKIP","floor":2},{"not_picked":["Go for the Eyes","Blizzard"],"picked":"Streamline","floor":3},{"not_picked":["Rainbow","Turbo"],"picked":"Steam","floor":6},{"not_picked":["Double Energy","Compile Driver"],"picked":"Cold Snap","floor":10},{"not_picked":["Redo","Barrage"],"picked":"Cold Snap","floor":11},{"not_picked":["Stack","Defragment"],"picked":"Multi-Cast","floor":13},{"not_picked":["Seek","All For One"],"picked":"Machine Learning","floor":16},{"not_picked":["Barrage","Genetic Algorithm"],"picked":"Steam","floor":18},{"not_picked":["Gash","Heatsinks","Redo"],"picked":"SKIP","floor":20},{"not_picked":["Hologram","Rebound"],"picked":"Ball Lightning","floor":25},{"not_picked":["Stack","Blizzard"],"picked":"Machine Learning","floor":28}],"player_experience":478375,"relics_obtained":[{"floor":6,"key":"Anchor"},{"floor":9,"key":"Bronze Scales"},{"floor":10,"key":"Lantern"},{"floor":24,"key":"Regal Pillow"},{"floor":25,"key":"Orichalcum"},{"floor":26,"key":"Bottled Tornado"}],"event_choices":[{"damage_healed":0,"gold_gain":0,"player_choice":"Lose Max HP","damage_taken":0,"relics_obtained":["Golden Idol"],"max_hp_gain":0,"max_hp_loss":6,"event_name":"Golden Idol","floor":5,"gold_loss":0},{"cards_removed":["Strike_B"],"damage_healed":0,"gold_gain":0,"player_choice":"Purged","damage_taken":0,"max_hp_gain":0,"max_hp_loss":0,"event_name":"Purifier","floor":7,"gold_loss":0},{"damage_healed":0,"gold_gain":0,"player_choice":"Paid Fearfully","damage_taken":0,"max_hp_gain":0,"max_hp_loss":0,"event_name":"Masked Bandits","floor":21,"gold_loss":45},{"damage_healed":0,"gold_gain":0,"player_choice":"Ignored","damage_taken":0,"max_hp_gain":0,"max_hp_loss":0,"event_name":"The Mausoleum","floor":22,"gold_loss":0},{"damage_healed":0,"gold_gain":99,"player_choice":"Stole From Cult","damage_taken":0,"max_hp_gain":0,"max_hp_loss":0,"event_name":"Nest","floor":29,"gold_loss":0}],"is_beta":false,"boss_relics":[{"not_picked":["Black Star","Busted Crown"],"picked":"Velvet Choker"}],"items_purged_floors":[12,14,19],"is_endless":false,"potions_floor_spawned":[1,2,10,11,13,18],"killed_by":"Slavers","ascension_level":9}