{"gold_per_floor":[113,288,304,304,31,64,64,81,81,115,79,79,113,123,123,225,225,239,258,158,158,158,185,185,217,244,46,46,62,74,107,107,208,208,221,1220,1220,1220,1235,1269,1269,1287,1287,1305,1121,780,798,467,467,467,467,467,2,31,31],"floor_reached":56,"playtime":3634,"items_purged":["Doubt","Strike_B","Dualcast","Defend_B+1","Bite","Barrage"],"score":1326,"play_id":"1d8694cd-62ad-4ea1-a221-7df7488b1a2c","local_time":"20190216000143","is_ascension_mode":false,"campfire_choices":[{"data":"Buffer","floor":7,"key":"SMITH"},{"data":"Zap","floor":15,"key":"SMITH"},{"data":"Reboot","floor":24,"key":"SMITH"},{"data":"Seek","floor":32,"key":"SMITH"},{"floor":41,"key":"RECALL"},{"data":"Consume","floor":49,"key":"SMITH"},{"data":"Blizzard","floor":52,"key":"SMITH"}],"neow_cost":"NONE","seed_source_timestamp":51135810824567,"circlet_count":0,"master_deck":["Defend_B+1","Defend_B+1","Defend_B+1","Zap+1","Buffer+1","Compile Driver","Glacier","Fusion+1","Reboot+1","Seek+1","Tempest","Bite","Bite","Bite","Defragment+1","Defragment","Glacier","Meteor Strike","Dark Shackles","Ball Lightning+1","Consume+1","Blizzard+1","Dark Shackles","Tempest","Apotheosis","Blizzard+1"],"relics":["Cracked Core","Letter Opener","Runic Capacitor","Omamori","Singing Bowl","Orichalcum","Dodecahedron","Inserter","Smiling Mask","Lantern","Happy Flower","Membership Card","GremlinMask","Bottled Tornado","Coffee Dripper","Thread and Needle","Medical Kit","PreservedInsect","Mummified Hand","Bird Faced Urn","TheAbacus","DataDisk","Sundial","Frozen Eye","Pen Nib"],"potions_floor_usage":[6,10,13,16,30,47,55,55],"damage_taken":[{"damage":0,"enemies":"2 Louse","floor":1,"turns":2},{"damage":10,"enemies":"Small Slimes","floor":3,"turns":6},{"damage":18,"enemies":"3 Sentries","floor":6,"turns":5},{"damage":0,"enemies":"Cultist","floor":8,"turns":4},{"damage":0,"enemies":"Gremlin Nob","floor":10,"turns":4},{"damage":2,"enemies":"3 Sentries","floor":13,"turns":7},{"damage":0,"enemies":"3 Louse","floor":14,"turns":3},{"damage":12,"enemies":"Hexaghost","floor":16,"turns":10},{"damage":6,"enemies":"Shell Parasite","floor":18,"turns":6},{"damage":0,"enemies":"Spheric Guardian","floor":19,"turns":4},{"damage":3,"enemies":"Book of Stabbing","floor":23,"turns":5},{"damage":0,"enemies":"Gremlin Leader","floor":25,"turns":8},{"damage":10,"enemies":"Shelled Parasite and Fungi","floor":29,"turns":5},{"damage":0,"enemies":"Snake Plant","floor":30,"turns":4},{"damage":36,"enemies":"Slavers","floor":31,"turns":7},{"damage":4,"enemies":"Automaton","floor":33,"turns":13},{"damage":0,"enemies":"3 Shapes","floor":35,"turns":3},{"damage":7,"enemies":"3 Darklings","floor":39,"turns":6},{"damage":0,"enemies":"Giant Head","floor":40,"turns":13},{"damage":20,"enemies":"Jaw Worm Horde","floor":42,"turns":3},{"damage":11,"enemies":"Sphere and 2 Shapes","floor":44,"turns":4},{"damage":1,"enemies":"Writhing Mass","floor":47,"turns":6},{"damage":8,"enemies":"Donu and Deca","floor":50,"turns":7},{"damage":12,"enemies":"Shield and Spear","floor":54,"turns":6},{"damage":38,"enemies":"The Heart","floor":55,"turns":12}],"seed_played":"-1286361431545467272","potions_obtained":[{"floor":3,"key":"Explosive Potion"},{"floor":6,"key":"Fire Potion"},{"floor":10,"key":"Energy Potion"},{"floor":13,"key":"Regen Potion"},{"floor":19,"key":"SpeedPotion"},{"floor":29,"key":"AttackPotion"},{"floor":30,"key":"SpeedPotion"},{"floor":39,"key":"Regen Potion"},{"floor":54,"key":"FocusPotion"}],"is_trial":false,"path_per_floor":["M","?","M","?","$","E","R","M","T","E","?","?","E","M","R","B",null,"M","M","$","?","?","E","R","E","T","$","?","M","M","E","R","B",null,"M","?","?","?","M","E","R","M","T","M","$","$","M","$","R","B",null,"R","$","E","B",null],"character_chosen":"DEFECT","items_purchased":["Runic Capacitor","Membership Card","Consume","Medical Kit","PreservedInsect","Mummified Hand","Blizzard","Dark Shackles","Bird Faced Urn","Tempest","TheAbacus","DataDisk","Apotheosis","Sundial","Frozen Eye","Poison Potion"],"campfire_rested":0,"item_purchase_floors":[5,27,45,45,46,46,46,46,48,48,48,53,53,53,53,53],"current_hp_per_floor":[75,75,65,53,53,35,35,35,35,35,35,35,33,35,35,38,77,71,73,73,55,55,57,57,57,57,57,57,57,59,33,33,59,59,61,61,61,61,63,63,63,53,53,52,52,52,69,69,69,69,69,69,69,68,50],"gold":31,"neow_bonus":"ONE_RANDOM_RARE_CARD","is_prod":false,"is_daily":false,"chose_seed":false,"campfire_upgraded":6,"win_rate":0,"timestamp":1550293303,"path_taken":["M","?","M","?","$","E","R","M","T","E","?","?","E","M","R","BOSS","M","M","$","?","?","E","R","E","T","$","?","M","M","E","R","BOSS","M","?","?","?","M","E","R","M","T","M","?","$","M","$","R","BOSS","R","$","E","BOSS"],"build_version":"2019-01-23","purchased_purges":6,"victory":true,"max_hp_per_floor":[75,75,75,75,75,75,75,75,75,75,75,75,75,77,77,77,77,77,79,79,55,55,57,57,57,57,57,57,57,59,59,59,59,59,61,61,61,61,63,63,63,65,65,67,67,67,69,69,69,69,69,69,69,69,69],"card_choices":[{"not_picked":["Go for the Eyes","Auto Shields"],"picked":"Barrage","floor":1},{"not_picked":["Redo","Conserve Battery"],"picked":"Compile Driver","floor":3},{"not_picked":["Tempest","Stack"],"picked":"Glacier","floor":6},{"not_picked":["Stack","Melter","Leap"],"picked":"SKIP","floor":8},{"not_picked":["Streamline","Storm"],"picked":"Fusion","floor":10},{"not_picked":["Skim","Redo"],"picked":"Reboot","floor":13},{"not_picked":["Compile Driver","Cold Snap","Go for the Eyes"],"picked":"Singing Bowl","floor":14},{"not_picked":["Core Surge","Thunder Strike"],"picked":"Seek","floor":16},{"not_picked":["Ball Lightning","Scrape"],"picked":"Tempest","floor":18},{"not_picked":["Rebound+1","Ball Lightning","Blizzard"],"picked":"Singing Bowl","floor":19},{"not_picked":["Thunder Strike","Stack+1","Self Repair+1"],"picked":"Singing Bowl","floor":23},{"not_picked":["Ball Lightning","Barrage+1"],"picked":"Defragment+1","floor":25},{"not_picked":["Turbo+1","Static Discharge"],"picked":"Defragment","floor":29},{"not_picked":["Thunder Strike","Melter","Hologram"],"picked":"Singing Bowl","floor":30},{"not_picked":["Stack+1","Go for the Eyes"],"picked":"Glacier","floor":31},{"not_picked":["Core Surge","Hyperbeam"],"picked":"Meteor Strike","floor":33},{"not_picked":["Rebound","Beam Cell","Doom and Gloom"],"picked":"Singing Bowl","floor":35},{"not_picked":["Bandage Up","The Bomb"],"picked":"Dark Shackles","floor":37},{"not_picked":["Steam+1","Stack+1","Gash+1"],"picked":"Singing Bowl","floor":39},{"not_picked":["Sweeping Beam+1","Double Energy"],"picked":"Ball Lightning+1","floor":40},{"not_picked":["Rainbow","Compile Driver+1","Go for the Eyes"],"picked":"Singing Bowl","floor":42},{"not_picked":["Stack","Conserve Battery+1","Hologram"],"picked":"Singing Bowl","floor":44},{"not_picked":["Turbo+1","Reinforced Body","Compile Driver+1"],"picked":"Singing Bowl","floor":47},{"not_picked":["Thunder Strike","BootSequence"],"picked":"Blizzard+1","floor":54}],"player_experience":769207,"relics_obtained":[{"floor":6,"key":"Omamori"},{"floor":9,"key":"Singing Bowl"},{"floor":10,"key":"Orichalcum"},{"floor":13,"key":"Dodecahedron"},{"floor":23,"key":"Smiling Mask"},{"floor":25,"key":"Lantern"},{"floor":26,"key":"Happy Flower"},{"floor":31,"key":"Bottled Tornado"},{"floor":40,"key":"Thread and Needle"},{"floor":54,"key":"Pen Nib"}],"event_choices":[{"damage_healed":0,"gold_gain":175,"player_choice":"AGREE","damage_taken":0,"max_hp_gain":0,"max_hp_loss":0,"event_name":"Liars Game","floor":2,"gold_loss":0,"cards_obtained":["Doubt"]},{"damage_healed":0,"gold_gain":0,"player_choice":"Success","damage_taken":12,"relics_obtained":["Letter Opener"],"max_hp_gain":0,"max_hp_loss":0,"event_name":"Scrap Ooze","floor":4,"gold_loss":0},{"damage_healed":0,"gold_gain":0,"player_choice":"Left Gold","damage_taken":0,"max_hp_gain":0,"max_hp_loss":0,"event_name":"World of Goop","floor":11,"gold_loss":36},{"damage_healed":0,"gold_gain":0,"player_choice":"Forge","damage_taken":0,"max_hp_gain":0,"max_hp_loss":0,"event_name":"Accursed Blacksmith","floor":12,"gold_loss":0,"cards_upgraded":["Fusion"]},{"damage_healed":0,"gold_gain":0,"player_choice":"Became a vampire","damage_taken":0,"max_hp_gain":0,"max_hp_loss":24,"event_name":"Vampires","floor":21,"gold_loss":0,"cards_obtained":["Bite","Bite","Bite","Bite","Bite"]},{"damage_healed":0,"gold_gain":0,"player_choice":"Simplicity","damage_taken":0,"max_hp_gain":0,"max_hp_loss":0,"event_name":"Back to Basics","floor":22,"gold_loss":0,"cards_upgraded":["Defend_B","Defend_B","Defend_B","Defend_B"]},{"damage_healed":0,"gold_gain":0,"player_choice":"Trade","damage_taken":0,"relics_obtained":["GremlinMask"],"max_hp_gain":0,"max_hp_loss":0,"event_name":"FaceTrader","floor":28,"gold_loss":0},{"damage_healed":0,"gold_gain":999,"player_choice":"Gold","damage_taken":0,"max_hp_gain":0,"max_hp_loss":0,"event_name":"MindBloom","floor":36,"gold_loss":0,"cards_obtained":["Normality","Normality"]},{"damage_healed":0,"gold_gain":0,"player_choice":"Memory 1","damage_taken":0,"max_hp_gain":0,"max_hp_loss":0,"event_name":"SensoryStone","floor":37,"gold_loss":0},{"cards_removed":["Bite"],"damage_healed":0,"gold_gain":0,"player_choice":"Removed Attack","damage_taken":0,"max_hp_gain":0,"max_hp_loss":0,"event_name":"Falling","floor":38,"gold_loss":0}],"is_beta":false,"boss_relics":[{"not_picked":["Empty Cage","Lizard Tail"],"picked":"Inserter"},{"not_picked":["Tiny House","Cursed Key"],"picked":"Coffee Dripper"}],"items_purged_floors":[5,20,45,46,48,53],"is_endless":false,"potions_floor_spawned":[3,6,10,13,19,29,30,39,44,54],"ascension_level":0}