{"gold_per_floor":[416,416,264,264,280,280,313,313,338,373,373,409,174,187,187,282,282,302,321,168,18,53,53,1,40,64,99,120,154,154,0,0,89,89,104,104,128,128,178,178,123,123,123,156,156],"floor_reached":45,"playtime":2124,"items_purged":["Strike_R","Strike_R","Strike_R","Strike_R"],"score":1120,"play_id":"e798dfae-75f4-427a-aa90-ffd93a1b4166","local_time":"20190130134759","is_ascension_mode":true,"campfire_choices":[{"data":"Shockwave","floor":6.0,"key":"SMITH"},{"data":"Body Slam","floor":8.0,"key":"SMITH"},{"data":"Carnage","floor":11.0,"key":"SMITH"},{"data":"True Grit","floor":15.0,"key":"SMITH"},{"floor":23.0,"key":"REST"},{"data":"Body Slam","floor":30.0,"key":"SMITH"},{"floor":32.0,"key":"REST"},{"data":"Double Tap","floor":40,"key":"SMITH"},{"data":"Body Slam","floor":42,"key":"SMITH"}],"neow_cost":"PERCENT_DAMAGE","seed_source_timestamp":1083452081376849,"circlet_count":0,"master_deck":["AscendersBane","Defend_R+1","Defend_R+1","Defend_R","Defend_R","Bash","Shockwave+1","Shrug It Off","Body Slam+1","Pommel Strike","Anger","Carnage+1","Corruption","Body Slam+1","True Grit+1","Juggernaut","Entrench","Shrug It Off","Body Slam+1","Iron Wave","Seeing Red","Feel No Pain","True Grit+1","Shrug It Off","Panacea","Double Tap+1","Shrug It Off","Body Slam+1"],"special_seed":0,"relics":["Black Blood","Old Coin","Golden Idol","War Paint","Art of War","Regal Pillow","Mercury Hourglass","Velvet Choker","Red Mask","Du-Vu Doll","Gremlin Horn","Omamori","Anchor","Shuriken","PreservedInsect","Gambling Chip","Bronze Scales"],"potions_floor_usage":[44,45],"damage_taken":[{"damage":7.0,"enemies":"Cultist","floor":1.0,"turns":4.0},{"damage":5.0,"enemies":"2 Louse","floor":5.0,"turns":4.0},{"damage":9.0,"enemies":"Lagavulin","floor":7.0,"turns":8.0},{"damage":16.0,"enemies":"3 Sentries","floor":10.0,"turns":7.0},{"damage":0.0,"enemies":"Lagavulin","floor":12.0,"turns":3.0},{"damage":2.0,"enemies":"Jaw Worm","floor":14.0,"turns":3.0},{"damage":29.0,"enemies":"The Guardian","floor":16.0,"turns":8.0},{"damage":0.0,"enemies":"Chosen","floor":18.0,"turns":3.0},{"damage":23.0,"enemies":"Shell Parasite","floor":19.0,"turns":3.0},{"damage":36.0,"enemies":"Masked Bandits","floor":22.0,"turns":5.0},{"damage":28.0,"enemies":"Gremlin Leader","floor":25.0,"turns":6.0},{"damage":20.0,"enemies":"Slavers","floor":27.0,"turns":4.0},{"damage":5.0,"enemies":"Snake Plant","floor":28.0,"turns":3.0},{"damage":7.0,"enemies":"Gremlin Leader","floor":29.0,"turns":5.0},{"damage":20.0,"enemies":"Collector","floor":33.0,"turns":7.0},{"damage":6,"enemies":"3 Shapes","floor":35,"turns":3},{"damage":0,"enemies":"3 Darklings","floor":37,"turns":5},{"damage":54,"enemies":"Reptomancer","floor":44,"turns":3},{"damage":42,"enemies":"Transient","floor":45,"turns":6}],"seed_played":"1283793081865419488","potions_obtained":[{"floor":1.0,"key":"PowerPotion"},{"floor":10.0,"key":"SkillPotion"},{"floor":14.0,"key":"Poison Potion"},{"floor":16.0,"key":"Swift Potion"},{"floor":18.0,"key":"AttackPotion"},{"floor":19.0,"key":"EssenceOfSteel"},{"floor":25.0,"key":"Dexterity Potion"},{"floor":35,"key":"Block Potion"}],"is_trial":false,"path_per_floor":["M","?","$","?","M","R","E","R","T","E","R","E","$","M","R","B",null,"M","M","$","$","?","R","?","E","T","E","M","E","R","$","R","B",null,"M","?","M","$","T","R","$","R","T","E","M"],"character_chosen":"IRONCLAD","items_purchased":["Shrug It Off","Body Slam","Corruption","Body Slam","Body Slam","Shrug It Off","Panacea","SpeedPotion"],"campfire_rested":2,"item_purchase_floors":[3,3,13,13,20,31,31,41],"current_hp_per_floor":[49,74,74,48,49,49,46,46,46,36,36,42,42,46,46,23,62,68,51,51,51,21,58,58,36,36,22,23,22,22,22,59,45,68,72,72,75,75,75,75,75,75,75,31,0],"gold":156,"neow_bonus":"ONE_RARE_RELIC","is_prod":false,"is_daily":false,"chose_seed":false,"campfire_upgraded":7,"win_rate":0,"timestamp":1548874079,"path_taken":["M","?","$","?","?","R","E","R","T","E","R","E","$","M","R","BOSS","M","M","?","$","?","R","?","E","T","E","?","E","R","$","R","BOSS","M","?","M","$","?","R","?","R","T","E","M"],"build_version":"2019-01-23","purchased_purges":4,"victory":false,"max_hp_per_floor":[75,75,75,75,75,75,75,75,75,75,75,75,75,75,75,75,75,75,75,75,75,75,75,75,75,75,75,75,75,75,75,75,75,75,75,75,75,75,75,75,75,75,75,75,75],"card_choices":[{"not_picked":["Cleave","Disarm"],"picked":"Shockwave","floor":1.0},{"not_picked":["Hemokinesis","Warcry"],"picked":"Pommel Strike","floor":5.0},{"not_picked":["Clash","Thunderclap"],"picked":"Anger","floor":7.0},{"not_picked":["Exhume","Feel No Pain"],"picked":"Carnage","floor":10.0},{"not_picked":["Infernal Blade","Havoc","Thunderclap"],"picked":"SKIP","floor":12.0},{"not_picked":["Rage","Seeing Red"],"picked":"True Grit","floor":14.0},{"not_picked":["Exhume","Brutality"],"picked":"Juggernaut","floor":16.0},{"not_picked":["Armaments","Intimidate"],"picked":"Entrench","floor":18.0},{"not_picked":["True Grit","Dual Wield"],"picked":"Shrug It Off","floor":19.0},{"not_picked":["Wild Strike","Anger"],"picked":"Iron Wave","floor":22.0},{"not_picked":["Fiend Fire","Shockwave"],"picked":"Seeing Red","floor":25.0},{"not_picked":["Anger","Clothesline"],"picked":"Feel No Pain","floor":27.0},{"not_picked":["Flame Barrier","Entrench"],"picked":"True Grit+1","floor":28.0},{"not_picked":["Uppercut","Perfected Strike","Burning Pact"],"picked":"SKIP","floor":29.0},{"not_picked":["Brutality","Feed"],"picked":"Double Tap","floor":33.0},{"not_picked":["Cleave","Heavy Blade+1","Havoc"],"picked":"SKIP","floor":35},{"not_picked":["Flex","Hemokinesis+1"],"picked":"Shrug It Off","floor":37},{"not_picked":["Dual Wield","Clash"],"picked":"Body Slam+1","floor":44}],"player_experience":571638,"relics_obtained":[{"floor":7.0,"key":"War Paint"},{"floor":9.0,"key":"Art of War"},{"floor":10.0,"key":"Regal Pillow"},{"floor":12.0,"key":"Mercury Hourglass"},{"floor":22.0,"key":"Red Mask"},{"floor":25.0,"key":"Gremlin Horn"},{"floor":26.0,"key":"Omamori"},{"floor":27.0,"key":"Anchor"},{"floor":29.0,"key":"Shuriken"},{"floor":39,"key":"PreservedInsect"},{"floor":43,"key":"Gambling Chip"},{"floor":44,"key":"Bronze Scales"}],"event_choices":[{"damage_healed":25.0,"max_hp_gain":0.0,"max_hp_loss":0.0,"gold_gain":0.0,"event_name":"Big Fish","player_choice":"Banana","floor":2.0,"gold_loss":0.0,"damage_taken":0.0},{"damage_healed":0.0,"max_hp_gain":0.0,"max_hp_loss":0.0,"gold_gain":0.0,"event_name":"Golden Idol","player_choice":"Take Damage","floor":4.0,"gold_loss":0.0,"damage_taken":26.0,"relics_obtained":["Golden Idol"]},{"damage_healed":0.0,"max_hp_gain":0.0,"max_hp_loss":0.0,"gold_gain":0.0,"event_name":"Masked Bandits","player_choice":"Fought Bandits","floor":22.0,"gold_loss":0.0,"damage_taken":0.0},{"damage_healed":0.0,"max_hp_gain":0.0,"max_hp_loss":0.0,"gold_gain":0.0,"event_name":"WeMeetAgain","player_choice":"Paid Gold","floor":24.0,"gold_loss":52.0,"damage_taken":0.0,"relics_obtained":["Du-Vu Doll"]},{"cards_removed":["Strike_R"],"damage_healed":0,"gold_gain":0,"player_choice":"Offered Basic","damage_taken":0,"max_hp_gain":0,"max_hp_loss":0,"event_name":"Bonfire Elementals","floor":36,"gold_loss":0}],"is_beta":false,"boss_relics":[{"not_picked":["Coffee Dripper","Snecko Eye"],"picked":"Velvet Choker"},{"not_picked":["Runic Dome","Runic Cube"],"picked":"Black Blood"}],"items_purged_floors":[3,13,20,21],"is_endless":false,"potions_floor_spawned":[1,10,14,16,18,19,25,35],"killed_by":"Transient","ascension_level":19}