{"gold_per_floor":[117,5,5,19,19,48,48,62,62,62,81,98,98,5,5,105,105,95,95,12,26,39,39,49,49,49,49,49,68,102,120,120,216,216,227,327,35,135,0,29,46,75,102,112,128,128],"floor_reached":46,"playtime":2573,"items_purged":["Strike_R","Strike_R"],"score":575,"play_id":"16ab7901-c6db-4235-83b5-a52dee90b083","local_time":"20190304222319","is_ascension_mode":true,"campfire_choices":[{"data":"Armaments","floor":7,"key":"SMITH"},{"data":"Spot Weakness","floor":10,"key":"SMITH"},{"data":"Flex","floor":15,"key":"SMITH"},{"data":"Metallicize","floor":23,"key":"SMITH"},{"data":"Metallicize","floor":25,"key":"SMITH"},{"data":"Flame Barrier","floor":27,"key":"SMITH"},{"data":"Double Tap","floor":32,"key":"SMITH"}],"neow_cost":"NONE","seed_source_timestamp":1315358842427421,"circlet_count":0,"master_deck":["Strike_R","Strike_R","Defend_R","Defend_R+1","Defend_R+1","Defend_R","Bash","Cleave","Spot Weakness+1","Heavy Blade","Armaments+1","Flame Barrier+1","Metallicize+1","Double Tap+1","Flex+1","Metallicize+1","Reaper","Purity","Headbutt","Sword Boomerang","Flex+1","Limit Break","Pummel+1","Dual Wield+1"],"relics":["Burning Blood","Ornamental Fan","Gremlin Horn","Dream Catcher","Velvet Choker","Darkstone Periapt","Kunai","Sozu","Sling","StoneCalendar","Red Mask","Sundial","Boot","Bronze Scales"],"potions_floor_usage":[30,42,46],"damage_taken":[{"damage":10,"enemies":"Small Slimes","floor":1,"turns":4},{"damage":2,"enemies":"2 Louse","floor":4,"turns":2},{"damage":28,"enemies":"Gremlin Nob","floor":6,"turns":4},{"damage":1,"enemies":"Cultist","floor":8,"turns":3},{"damage":8,"enemies":"Lots of Slimes","floor":11,"turns":2},{"damage":1,"enemies":"3 Louse","floor":12,"turns":4},{"damage":46,"enemies":"Slime Boss","floor":16,"turns":8},{"damage":22,"enemies":"2 Thieves","floor":18,"turns":5},{"damage":26,"enemies":"Chosen","floor":21,"turns":8},{"damage":5,"enemies":"Snecko","floor":22,"turns":6},{"damage":34,"enemies":"Centurion and Healer","floor":24,"turns":7},{"damage":2,"enemies":"3 Cultists","floor":29,"turns":5},{"damage":33,"enemies":"Slavers","floor":30,"turns":5},{"damage":4,"enemies":"Sentry and Sphere","floor":31,"turns":5},{"damage":33,"enemies":"Automaton","floor":33,"turns":8},{"damage":3,"enemies":"Orb Walker","floor":35,"turns":3},{"damage":33,"enemies":"Mind Bloom Boss Battle","floor":38,"turns":9},{"damage":67,"enemies":"Giant Head","floor":40,"turns":8},{"damage":10,"enemies":"3 Shapes","floor":41,"turns":5},{"damage":58,"enemies":"Reptomancer","floor":42,"turns":7},{"damage":13,"enemies":"Maw","floor":44,"turns":7},{"damage":20,"enemies":"4 Shapes","floor":45,"turns":7},{"damage":74,"enemies":"Nemesis","floor":46,"turns":4}],"seed_played":"5345519195625405210","potions_obtained":[{"floor":6,"key":"SteroidPotion"},{"floor":11,"key":"BloodPotion"},{"floor":16,"key":"Weak Potion"},{"floor":18,"key":"LiquidBronze"},{"floor":33,"key":"Poison Potion"}],"is_trial":false,"path_per_floor":["M","$","?","M","?","E","R","M","T","R","M","M","?","$","R","B",null,"M","?","$","M","M","R","M","R","T","R","$","M","E","M","R","B",null,"M","?","$","?","?","E","M","E","T","M","M","E"],"character_chosen":"IRONCLAD","items_purchased":["Spot Weakness","Flex","Metallicize","Purity","Sling"],"campfire_rested":0,"item_purchase_floors":[2,14,14,20,37],"current_hp_per_floor":[84,84,66,70,70,48,48,53,53,53,51,56,53,53,53,13,88,77,77,77,69,79,79,59,59,59,59,59,84,88,88,88,61,88,88,88,88,86,86,88,84,50,50,56,54,0],"gold":128,"neow_bonus":"TEN_PERCENT_HP_BONUS","is_prod":false,"is_daily":false,"chose_seed":false,"campfire_upgraded":7,"win_rate":0,"timestamp":1551756199,"path_taken":["M","$","?","M","?","E","R","M","T","R","M","M","?","$","R","BOSS","M","?","?","M","?","R","M","R","T","R","$","M","E","M","R","BOSS","M","?","?","?","?","E","M","E","T","M","M","E"],"build_version":"2019-01-23","purchased_purges":2,"victory":false,"max_hp_per_floor":[88,88,88,88,88,88,88,88,88,88,88,88,88,88,88,88,88,88,88,88,88,88,88,88,88,88,88,88,88,88,88,88,88,88,88,88,88,88,88,88,88,88,88,88,88,88],"card_choices":[{"not_picked":["Iron Wave","Heavy Blade"],"picked":"Cleave","floor":1},{"not_picked":["Battle Trance","Sentinel"],"picked":"Heavy Blade","floor":4},{"not_picked":["Rage","Burning Pact"],"picked":"Armaments","floor":6},{"not_picked":["Iron Wave","Thunderclap"],"picked":"Flame Barrier","floor":8},{"not_picked":["Blood for Blood","Heavy Blade"],"picked":"Metallicize","floor":11},{"not_picked":["Pummel","Dual Wield"],"picked":"Double Tap","floor":12},{"not_picked":["Exhume","Brutality"],"picked":"Reaper","floor":16},{"not_picked":["Rupture","Infernal Blade","Bloodletting"],"picked":"SKIP","floor":18},{"not_picked":["Clothesline","Clash+1"],"picked":"Headbutt","floor":21},{"not_picked":["Pummel","True Grit","Iron Wave"],"picked":"SKIP","floor":22},{"not_picked":["Pommel Strike","Spot Weakness","Evolve+1"],"picked":"SKIP","floor":24},{"not_picked":["Second Wind","Searing Blow","Heavy Blade"],"picked":"SKIP","floor":29},{"not_picked":["Iron Wave","Twin Strike"],"picked":"Sword Boomerang","floor":30},{"not_picked":["Shockwave","Thunderclap"],"picked":"Flex+1","floor":31},{"not_picked":["Offering","Dark Embrace"],"picked":"Limit Break","floor":33},{"not_picked":["True Grit+1","Wild Strike+1","Havoc"],"picked":"SKIP","floor":35},{"not_picked":["Pommel Strike","True Grit+1"],"picked":"Pummel+1","floor":38},{"not_picked":["Rampage","Anger","Headbutt"],"picked":"SKIP","floor":40},{"not_picked":["Flex+1","Body Slam+1","Wild Strike"],"picked":"SKIP","floor":41},{"not_picked":["Blood for Blood+1","Carnage","Flex+1"],"picked":"SKIP","floor":42},{"not_picked":["Body Slam","Berserk","Wild Strike"],"picked":"SKIP","floor":44},{"not_picked":["Warcry+1","Twin Strike"],"picked":"Dual Wield+1","floor":45}],"player_experience":230676,"relics_obtained":[{"floor":6,"key":"Ornamental Fan"},{"floor":9,"key":"Gremlin Horn"},{"floor":26,"key":"Darkstone Periapt"},{"floor":30,"key":"Kunai"},{"floor":38,"key":"StoneCalendar"},{"floor":40,"key":"Sundial"},{"floor":42,"key":"Boot"},{"floor":43,"key":"Bronze Scales"}],"event_choices":[{"damage_healed":0,"gold_gain":0,"player_choice":"Entered Light","damage_taken":18,"max_hp_gain":0,"max_hp_loss":0,"event_name":"Shining Light","floor":3,"gold_loss":0,"cards_upgraded":["Defend_R","Defend_R"]},{"damage_healed":0,"gold_gain":0,"player_choice":"Ignored","damage_taken":0,"max_hp_gain":0,"max_hp_loss":0,"event_name":"Liars Game","floor":5,"gold_loss":0},{"damage_healed":0,"gold_gain":0,"player_choice":"Success","damage_taken":3,"relics_obtained":["Dream Catcher"],"max_hp_gain":0,"max_hp_loss":0,"event_name":"Scrap Ooze","floor":13,"gold_loss":0},{"cards_removed":["Strike_R"],"damage_healed":0,"gold_gain":0,"player_choice":"Offered Basic","damage_taken":0,"max_hp_gain":0,"max_hp_loss":0,"event_name":"Bonfire Elementals","floor":19,"gold_loss":0},{"damage_healed":0,"gold_gain":100,"player_choice":"Pray","damage_taken":0,"max_hp_gain":0,"max_hp_loss":0,"event_name":"Golden Shrine","floor":36,"gold_loss":0},{"damage_healed":0,"gold_gain":0,"player_choice":"Fight","damage_taken":0,"max_hp_gain":0,"max_hp_loss":0,"event_name":"MindBloom","floor":38,"gold_loss":0},{"damage_healed":0,"gold_gain":0,"player_choice":"Paid","damage_taken":0,"relics_obtained":["Red Mask"],"max_hp_gain":0,"max_hp_loss":0,"event_name":"Tomb of Lord Red Mask","floor":39,"gold_loss":135}],"is_beta":false,"boss_relics":[{"not_picked":["Busted Crown","Eternal Feather"],"picked":"Velvet Choker"},{"not_picked":["Cursed Key","Runic Cube"],"picked":"Sozu"}],"items_purged_floors":[2,37],"is_endless":false,"potions_floor_spawned":[6,11,16,18,21,22,29,33,38,40,41,45],"killed_by":"Nemesis","ascension_level":3}