{"path_per_floor":["M","?","$","M","M","R","M","M","T","E","R","?","?","M","R","B",null,"M","$","M","?","M","R","M","R","T","E","R","M","R","M","R","B",null,"M","$","?","M","M","R","E","M","T","?","M","M","$","?","R","B"],"character_chosen":"THE_SILENT","items_purchased":["Noxious Fumes","Footwork","Vajra","Backflip","Apotheosis","Whetstone"],"gold_per_floor":[210,210,61,77,97,97,121,91,91,135,135,173,173,198,198,319,319,337,103,118,118,143,143,158,158,158,192,192,206,206,224,224,353,353,378,48,48,68,87,87,125,145,145,0,19,33,33,33,33,33],"floor_reached":51,"campfire_rested":7,"playtime":3464,"current_hp_per_floor":[70,53,53,49,48,48,44,44,44,27,48,23,9,9,30,10,70,67,67,67,51,49,49,31,52,52,26,47,19,40,28,49,23,70,70,70,70,70,57,57,40,40,40,40,24,21,21,21,42,4],"items_purged":["Strike_G"],"gold":33,"score":739,"play_id":"5d1f548f-abdb-4bfa-8be7-e75657805052","local_time":"20180508085006","is_prod":false,"is_daily":false,"chose_seed":false,"is_ascension_mode":true,"campfire_upgraded":3,"timestamp":1525794606,"path_taken":["M","?","$","M","M","R","M","?","T","E","R","?","?","M","R","BOSS","M","$","M","?","M","R","?","R","T","E","R","M","R","?","R","BOSS","M","$","?","M","?","R","E","M","T","?","M","?","$","?","R","BOSS"],"build_version":"2018-05-03","seed_source_timestamp":0,"purchased_purges":1,"victory":true,"master_deck":["Survivor","Neutralize+1","PiercingWail","Noxious Fumes+1","Cloak And Dagger+1","Leg Sweep+1","Flying Knee+1","Dagger Spray","Acrobatics","Unload+1","Riddle With Holes","Infinite Blades","Deflect","Sucker Punch","Riddle With Holes","Heel Hook+1","Quick Slash","Footwork","Backflip","Footwork","Backflip","Blade Dance+1","Accuracy+1","Noxious Fumes","Apotheosis+1","Cloak And Dagger+1","Cloak And Dagger+1","Madness"],"max_hp_per_floor":[70,70,70,70,70,70,70,70,70,70,70,70,70,70,70,70,70,70,70,70,70,70,70,70,70,70,70,70,70,70,70,70,70,70,70,70,70,70,70,70,70,70,70,70,70,70,70,70,70,70],"relics":["Ring of the Snake","Golden Idol","Bottled Flame","Mummified Hand","Odd Mushroom","Pandora\u0027s Box","Vajra","Nilry\u0027s Codex","Gambling Chip","War Paint","Sozu","Whetstone","Oddly Smooth Stone","Matryoshka","Red Mask"],"card_choices":[{"not_picked":["Dagger Throw","Flying Knee"],"picked":"PiercingWail","floor":1.0},{"not_picked":["Quick Slash","Poisoned Stab"],"picked":"Cloak And Dagger","floor":4.0},{"not_picked":["Dagger Throw","Deflect"],"picked":"Leg Sweep","floor":5.0},{"not_picked":["Catalyst","Deadly Poison"],"picked":"Flying Knee","floor":8.0},{"not_picked":["Slice","Deflect"],"picked":"Dagger Spray","floor":10.0},{"not_picked":["Crippling Poison","Concentrate"],"picked":"Acrobatics","floor":12.0},{"not_picked":["Wraith Form v2","Burst"],"picked":"Unload","floor":16.0},{"not_picked":["Dodge and Roll","Acrobatics"],"picked":"Backflip","floor":18.0},{"not_picked":["Sucker Punch","Flechettes"],"picked":"Blade Dance","floor":20.0},{"not_picked":["Phantasmal Killer","Dagger Throw"],"picked":"Accuracy","floor":22.0},{"not_picked":["Sucker Punch","Dagger Spray"],"picked":"Noxious Fumes","floor":31.0},{"not_picked":["Prepared","Backflip"],"picked":"Cloak And Dagger","floor":38.0},{"not_picked":["Poisoned Stab","Deflect"],"picked":"Cloak And Dagger","floor":41.0},{"not_picked":["Blind","Sadistic Nature"],"picked":"Madness","floor":48}],"player_experience":153377,"potions_floor_usage":[50],"damage_taken":[{"damage":0.0,"enemies":"2 Louse","floor":1.0,"turns":4.0},{"damage":4.0,"enemies":"Small Slimes","floor":4.0,"turns":5.0},{"damage":1.0,"enemies":"Cultist","floor":5.0,"turns":5.0},{"damage":4.0,"enemies":"Blue Slaver","floor":7.0,"turns":5.0},{"damage":0.0,"enemies":"Looter","floor":8.0,"turns":4.0},{"damage":17.0,"enemies":"Gremlin Nob","floor":10.0,"turns":5.0},{"damage":25.0,"enemies":"The Mushroom Lair","floor":12.0,"turns":5.0},{"damage":0.0,"enemies":"3 Louse","floor":14.0,"turns":3.0},{"damage":20.0,"enemies":"The Guardian","floor":16.0,"turns":14.0},{"damage":3.0,"enemies":"Spheric Guardian","floor":18.0,"turns":4.0},{"damage":0.0,"enemies":"Shell Parasite","floor":20.0,"turns":5.0},{"damage":2.0,"enemies":"Centurion and Healer","floor":22.0,"turns":6.0},{"damage":18.0,"enemies":"Snake Plant","floor":24.0,"turns":3.0},{"damage":26.0,"enemies":"Slavers","floor":27.0,"turns":6.0},{"damage":28.0,"enemies":"Cultist and Chosen","floor":29.0,"turns":5.0},{"damage":12.0,"enemies":"3 Cultists","floor":31.0,"turns":5.0},{"damage":26.0,"enemies":"Collector","floor":33.0,"turns":6.0},{"damage":0.0,"enemies":"Orb Walker","floor":35.0,"turns":3.0},{"damage":0.0,"enemies":"3 Shapes","floor":38.0,"turns":4.0},{"damage":13.0,"enemies":"Sphere and 2 Shapes","floor":39.0,"turns":4.0},{"damage":17.0,"enemies":"Nemesis","floor":41.0,"turns":5.0},{"damage":0.0,"enemies":"Maw","floor":42.0,"turns":6.0},{"damage":16,"enemies":"3 Darklings","floor":45,"turns":3},{"damage":3,"enemies":"Sphere and 2 Shapes","floor":46,"turns":5},{"damage":38,"enemies":"Donu and Deca","floor":50,"turns":9}],"event_choices":[{"event_name":"Golden Idol","player_choice":"Take Damage","floor":2.0,"damage_taken":0.0},{"event_name":"Mushrooms","player_choice":"Fought Mushrooms","floor":12.0,"damage_taken":0.0},{"event_name":"Shining Light","player_choice":"Entered Light","floor":13.0,"damage_taken":0.0},{"event_name":"Cursed Tome","player_choice":"Obtained Book","floor":21.0,"damage_taken":0.0},{"event_name":"Tomb of Lord Red Mask","player_choice":"Paid","floor":44.0,"damage_taken":0.0},{"event_name":"SensoryStone","player_choice":"Memory 1","floor":48,"damage_taken":0}],"boss_relics":[],"potions_floor_spawned":[5,7,10,14,20,27,31,38,41,46],"seed_played":"66221648179777086","ascension_level":2,"is_trial":false}