{"gold_per_floor":[117,130,280,291,291,291,303,333,384,384,384,384,417,435,435,435],"floor_reached":16,"playtime":827,"items_purged":[],"score":185,"play_id":"579405f9-fd06-4a8d-9dab-1bf7dafc5066","local_time":"20190302120934","is_ascension_mode":true,"campfire_choices":[{"floor":6.0,"key":"REST"},{"data":"Neutralize","floor":10.0,"key":"SMITH"},{"floor":12.0,"key":"REST"},{"floor":15,"key":"REST"}],"neow_cost":"NONE","seed_source_timestamp":199061966534787,"circlet_count":0,"master_deck":["AscendersBane","Defend_G","Defend_G","Defend_G","Defend_G","Defend_G","Strike_G","Strike_G","Strike_G+1","Strike_G","Strike_G","Survivor+1","Neutralize+1","Doubt","Cloak And Dagger","Backflip","Cloak And Dagger","Injury","After Image"],"special_seed":0,"relics":["Ring of the Snake","Bronze Scales","Odd Mushroom","Art of War","Golden Idol","Vajra"],"potions_floor_usage":[],"damage_taken":[{"damage":0.0,"enemies":"Jaw Worm","floor":1.0,"turns":5.0},{"damage":3.0,"enemies":"Small Slimes","floor":2.0,"turns":5.0},{"damage":0.0,"enemies":"2 Louse","floor":4.0,"turns":3.0},{"damage":11.0,"enemies":"Large Slime","floor":7.0,"turns":4.0},{"damage":11.0,"enemies":"The Mushroom Lair","floor":8.0,"turns":6.0},{"damage":41,"enemies":"Gremlin Nob","floor":13,"turns":6},{"damage":2,"enemies":"2 Fungi Beasts","floor":14,"turns":3},{"damage":32,"enemies":"Hexaghost","floor":16,"turns":16}],"seed_played":"-8804939313149886363","potions_obtained":[{"floor":1.0,"key":"Block Potion"},{"floor":2.0,"key":"Fire Potion"}],"is_trial":false,"path_per_floor":["M","M","?","M","?","R","M","?","T","R","?","R","E","M","R","B"],"character_chosen":"THE_SILENT","items_purchased":[],"campfire_rested":3,"item_purchase_floors":[],"current_hp_per_floor":[59,56,56,56,36,55,44,33,33,33,33,52,11,9,28,0],"gold":435,"neow_bonus":"RANDOM_COMMON_RELIC","is_prod":false,"is_daily":false,"chose_seed":false,"campfire_upgraded":1,"win_rate":0,"timestamp":1551557374,"path_taken":["M","M","?","M","?","R","M","?","T","R","?","R","E","M","R","BOSS"],"build_version":"2019-01-23","purchased_purges":0,"victory":false,"max_hp_per_floor":[66,66,66,66,66,66,66,66,66,66,66,66,66,66,66,66],"card_choices":[{"not_picked":["Concentrate","Sucker Punch","Poisoned Stab"],"picked":"SKIP","floor":1.0},{"not_picked":["Underhanded Strike","Quick Slash","Heel Hook"],"picked":"SKIP","floor":2.0},{"not_picked":["Tactician","Deflect"],"picked":"Cloak And Dagger","floor":4.0},{"not_picked":["PiercingWail","Deflect"],"picked":"Backflip","floor":7.0},{"not_picked":["Deadly Poison","Deflect"],"picked":"Cloak And Dagger","floor":8.0},{"not_picked":["Noxious Fumes","Deadly Poison"],"picked":"After Image","floor":13},{"not_picked":["Setup","Eviscerate","Deflect"],"picked":"SKIP","floor":14}],"player_experience":575383,"relics_obtained":[{"floor":8.0,"key":"Odd Mushroom"},{"floor":9.0,"key":"Art of War"},{"floor":13,"key":"Vajra"}],"event_choices":[{"damage_healed":0.0,"max_hp_gain":0.0,"max_hp_loss":0.0,"gold_gain":150.0,"event_name":"Liars Game","player_choice":"AGREE","floor":3.0,"gold_loss":0.0,"damage_taken":0.0,"cards_obtained":["Doubt"]},{"damage_healed":0.0,"max_hp_gain":0.0,"max_hp_loss":0.0,"gold_gain":0.0,"event_name":"Shining Light","player_choice":"Entered Light","floor":5.0,"gold_loss":0.0,"damage_taken":20.0,"cards_upgraded":["Survivor","Strike_G"]},{"damage_healed":0.0,"max_hp_gain":0.0,"max_hp_loss":0.0,"gold_gain":0.0,"event_name":"Mushrooms","player_choice":"Fought Mushrooms","floor":8.0,"gold_loss":0.0,"damage_taken":0.0},{"damage_healed":0.0,"max_hp_gain":0.0,"max_hp_loss":0.0,"gold_gain":0.0,"event_name":"Golden Idol","player_choice":"Take Wound","floor":11.0,"gold_loss":0.0,"damage_taken":0.0,"relics_obtained":["Golden Idol"],"cards_obtained":["Injury"]}],"is_beta":false,"boss_relics":[],"items_purged_floors":[],"is_endless":false,"potions_floor_spawned":[1,2],"killed_by":"Hexaghost","ascension_level":17}