{"gold_per_floor":[109,184,184,184,184,184,202,237,264,264,279,314,314,264,264,384,384,403,427,442,162,176,176,176,195,195,195,226,226,251,32,32,32],"floor_reached":33,"playtime":1892,"items_purged":["Normality","Injury"],"score":355,"play_id":"d9e3e1d7-6dac-4713-b741-ad9d15713ce8","local_time":"20190208090620","is_ascension_mode":true,"campfire_choices":[{"floor":6.0,"key":"REST"},{"floor":10.0,"key":"REST"},{"data":"Survivor","floor":13.0,"key":"SMITH"},{"floor":15.0,"key":"RECALL"},{"floor":23.0,"key":"REST"},{"data":"Doubt","floor":27.0,"key":"PURGE"},{"floor":29.0,"key":"REST"},{"floor":32.0,"key":"REST"}],"neow_cost":"NONE","seed_source_timestamp":0,"circlet_count":0,"master_deck":["Defend_G","Defend_G+1","Defend_G","Defend_G","Defend_G","Strike_G","Strike_G","Survivor+1","Neutralize+1","Predator","Escape Plan","Terror","Corpse Explosion","Die Die Die","Backflip+1","Adrenaline","Dash","Adrenaline","Cloak And Dagger","Noxious Fumes","Backstab","Cloak And Dagger"],"special_seed":0,"relics":["Empty Cage","Golden Idol","Vajra","Bronze Scales","Pantograph","Calling Bell","Smiling Mask","Singing Bowl","Peace Pipe","Tingsha"],"potions_floor_usage":[33,33],"damage_taken":[{"damage":1.0,"enemies":"Jaw Worm","floor":1.0,"turns":5.0},{"damage":0.0,"enemies":"2 Louse","floor":7.0,"turns":2.0},{"damage":28.0,"enemies":"3 Sentries","floor":8.0,"turns":13.0},{"damage":1.0,"enemies":"Small Slimes","floor":11.0,"turns":3.0},{"damage":17.0,"enemies":"Lagavulin","floor":12.0,"turns":7.0},{"damage":42.0,"enemies":"Hexaghost","floor":16.0,"turns":12.0},{"damage":2.0,"enemies":"Shell Parasite","floor":18.0,"turns":5.0},{"damage":0.0,"enemies":"3 Byrds","floor":19.0,"turns":2.0},{"damage":42.0,"enemies":"Sentry and Sphere","floor":20.0,"turns":9.0},{"damage":12.0,"enemies":"Centurion and Healer","floor":22.0,"turns":6.0},{"damage":3.0,"enemies":"3 Cultists","floor":25.0,"turns":3.0},{"damage":10.0,"enemies":"Book of Stabbing","floor":28.0,"turns":5.0},{"damage":27.0,"enemies":"Chosen and Byrds","floor":30.0,"turns":5.0},{"damage":73,"enemies":"Champ","floor":33,"turns":13}],"seed_played":"-1976377638217148939","potions_obtained":[{"floor":7.0,"key":"Ancient Potion"},{"floor":16.0,"key":"EssenceOfSteel"},{"floor":19.0,"key":"Ancient Potion"},{"floor":20.0,"key":"Energy Potion"},{"floor":25.0,"key":"SkillPotion"},{"floor":30.0,"key":"Weak Potion"}],"is_trial":false,"path_per_floor":["M","?","?","?","?","R","M","E","T","R","M","E","R","?","R","B",null,"M","M","M","$","M","R","?","M","T","R","E","R","M","$","R","B"],"character_chosen":"THE_SILENT","items_purchased":["Adrenaline","Dash","Noxious Fumes","Backstab","Cloak And Dagger"],"campfire_rested":5,"item_purchase_floors":[21,21,31,31,31],"current_hp_per_floor":[62,51,51,37,30,51,51,23,23,44,43,26,26,26,26,9,55,53,55,15,15,5,27,27,24,24,24,16,39,14,14,38,0],"gold":32,"neow_bonus":"BOSS_RELIC","is_prod":false,"is_daily":false,"chose_seed":false,"campfire_upgraded":1,"win_rate":0,"timestamp":1549645580,"path_taken":["M","?","?","?","?","R","M","E","T","R","M","E","R","?","R","BOSS","M","M","M","$","M","R","?","?","T","R","E","R","M","?","R","BOSS"],"build_version":"2019-01-23","purchased_purges":2,"victory":false,"max_hp_per_floor":[70,70,70,70,70,70,70,70,70,70,70,70,70,70,70,70,70,70,72,74,74,76,76,76,76,76,76,78,78,80,80,80,80],"card_choices":[{"not_picked":["Deadly Poison","Slice"],"picked":"Predator","floor":1.0},{"not_picked":["Bane","Blade Dance","Dagger Throw"],"picked":"SKIP","floor":7.0},{"not_picked":["Deflect","Quick Slash"],"picked":"Escape Plan","floor":8.0},{"not_picked":["Flechettes","Dagger Throw"],"picked":"Terror","floor":11.0},{"not_picked":["Bane","Infinite Blades"],"picked":"Corpse Explosion","floor":12.0},{"not_picked":["Phantasmal Killer","Night Terror"],"picked":"Die Die Die","floor":16.0},{"not_picked":["Finisher","Dodge and Roll+1"],"picked":"Backflip+1","floor":18.0},{"not_picked":["Caltrops","Sucker Punch","Deadly Poison+1"],"picked":"Singing Bowl","floor":19.0},{"not_picked":["Deadly Poison","Infinite Blades+1","Finisher"],"picked":"Singing Bowl","floor":20.0},{"not_picked":["Catalyst","All Out Attack","Dodge and Roll+1"],"picked":"Singing Bowl","floor":22.0},{"not_picked":["Setup+1","Dodge and Roll+1"],"picked":"Cloak And Dagger","floor":25.0},{"not_picked":["Setup+1","Outmaneuver","Deflect"],"picked":"Singing Bowl","floor":28.0},{"not_picked":["Riddle With Holes","Dagger Throw","Distraction"],"picked":"Singing Bowl","floor":30.0}],"player_experience":292237,"relics_obtained":[{"floor":8.0,"key":"Vajra"},{"floor":9.0,"key":"Bronze Scales"},{"floor":12.0,"key":"Pantograph"},{"floor":17.0,"key":"Smiling Mask"},{"floor":17.0,"key":"Singing Bowl"},{"floor":17.0,"key":"Peace Pipe"},{"floor":28.0,"key":"Tingsha"}],"event_choices":[{"damage_healed":0.0,"max_hp_gain":0.0,"max_hp_loss":0.0,"gold_gain":75.0,"event_name":"World of Goop","player_choice":"Gather Gold","floor":2.0,"gold_loss":0.0,"damage_taken":11.0},{"damage_healed":0.0,"max_hp_gain":0.0,"max_hp_loss":0.0,"gold_gain":0.0,"event_name":"Golden Idol","player_choice":"Take Wound","floor":3.0,"gold_loss":0.0,"damage_taken":0.0,"relics_obtained":["Golden Idol"],"cards_obtained":["Injury"]},{"damage_healed":0.0,"max_hp_gain":0.0,"max_hp_loss":0.0,"gold_gain":0.0,"event_name":"Shining Light","player_choice":"Entered Light","floor":4.0,"gold_loss":0.0,"damage_taken":14.0,"cards_upgraded":["Neutralize","Defend_G"]},{"cards_removed":["Injury"],"damage_healed":0.0,"max_hp_gain":0.0,"max_hp_loss":0.0,"gold_gain":0.0,"event_name":"Golden Wing","player_choice":"Card Removal","floor":5.0,"gold_loss":0.0,"damage_taken":7.0},{"cards_removed":["Strike_G"],"damage_healed":0.0,"max_hp_gain":0.0,"max_hp_loss":0.0,"gold_gain":0.0,"event_name":"The Cleric","player_choice":"Card Removal","floor":14.0,"gold_loss":50.0,"damage_taken":0.0},{"damage_healed":0.0,"max_hp_gain":0.0,"max_hp_loss":0.0,"gold_gain":0.0,"event_name":"Duplicator","player_choice":"Copied","floor":24.0,"gold_loss":0.0,"damage_taken":0.0,"cards_obtained":["Adrenaline"]}],"is_beta":false,"boss_relics":[{"not_picked":["Tiny House","Pandora\u0027s Box"],"picked":"Calling Bell"}],"items_purged_floors":[21,31],"is_endless":false,"potions_floor_spawned":[7,16,19,20,25,30],"killed_by":"Champ","ascension_level":6}