{"path_per_floor":["M","$","?","M","M","E","R","E","T","R","?","?","M","T","R","B",null,"M","?","?","M","?","E","R","E","T"],"character_chosen":"DEFECT","items_purchased":["Gash","Leap"],"gold_per_floor":[113,17,17,30,43,82,82,115,115,115,115,185,205,205,205,298,298,313,313,313,338,338,372,372,406,480,480],"floor_reached":27,"campfire_rested":2,"playtime":955,"item_purchase_floors":[],"current_hp_per_floor":[59,59,35,32,32,2,38,21,21,57,39,39,36,36,36,36,62,54,49,49,49,49,27,27,10,10,0],"items_purged":[],"gold":480,"score":562,"play_id":"c9e750c7-730d-4745-82a4-8012bfa655ff","local_time":"20180612173512","is_prod":false,"is_daily":false,"chose_seed":false,"is_ascension_mode":true,"campfire_upgraded":2,"win_rate":0,"timestamp":1528817712,"campfire_choices":[{"floor":7,"key":"REST"},{"floor":10,"key":"REST"},{"data":"Defragment","floor":15,"key":"SMITH"},{"data":"Electrodynamics","floor":24,"key":"SMITH"}],"path_taken":["M","?","?","M","M","E","R","E","T","R","?","?","M","?","R","BOSS","M","?","?","M","?","E","R","E","T","M"],"build_version":"2018-06-07v3","seed_source_timestamp":359966923323429,"purchased_purges":0,"victory":false,"master_deck":["Zap","Dualcast","AscendersBane","FTL","Gash","Leap","Beam Cell","Defragment+1","Hologram","All For One","Go for the Eyes","Electrodynamics+1","Storm","Coolheaded","Stack","Darkness","Rebound","Cold Snap","Hologram","Steam","Tempest","Bite","Bite","Bite","Bite","Rip and Tear","Writhe","Hello World","Coolheaded"],"max_hp_per_floor":[71,71,71,71,71,71,71,71,71,71,71,71,71,71,71,71,71,71,49,49,49,49,49,49,49,49,49],"relics":["Cracked Core","Regal Pillow","Golden Idol","Bag of Marbles","The Courier","Happy Flower","Vajra","Smiling Mask","Pandora\u0027s Box","Molten Egg 2","Ancient Tea Set","Boot","Cables"],"card_choices":[{"not_picked":["Force Field","Turbo"],"picked":"FTL","floor":1.0},{"not_picked":["Auto Shields","Turbo"],"picked":"Beam Cell","floor":4.0},{"not_picked":["Doom and Gloom","Beam Cell"],"picked":"Defragment","floor":5.0},{"not_picked":["Coolheaded","Redo"],"picked":"Hologram","floor":6},{"not_picked":["Hyperbeam","Turbo"],"picked":"All For One","floor":8},{"not_picked":["Beam Cell","Steam"],"picked":"Go for the Eyes","floor":13},{"not_picked":["Thunder Strike","All For One"],"picked":"Electrodynamics","floor":16},{"not_picked":["Hologram","Chaos"],"picked":"Tempest","floor":18},{"not_picked":["Fusion","Steam Power"],"picked":"Rip and Tear","floor":21},{"not_picked":["Stack","Rip and Tear+1"],"picked":"Hello World","floor":23},{"not_picked":["Sweeping Beam+1","Gash+1"],"picked":"Coolheaded","floor":25}],"player_experience":527546,"potions_floor_usage":[23,23],"damage_taken":[{"damage":5.0,"enemies":"Cultist","floor":1.0,"turns":4.0},{"damage":3.0,"enemies":"Jaw Worm","floor":4.0,"turns":3.0},{"damage":0.0,"enemies":"Small Slimes","floor":5.0,"turns":3.0},{"damage":30,"enemies":"3 Sentries","floor":6,"turns":7},{"damage":17,"enemies":"Lagavulin","floor":8,"turns":8},{"damage":3,"enemies":"3 Louse","floor":13,"turns":4},{"damage":0,"enemies":"Slime Boss","floor":16,"turns":6},{"damage":8,"enemies":"3 Byrds","floor":18,"turns":3},{"damage":0,"enemies":"Chosen","floor":21,"turns":4},{"damage":24,"enemies":"Slavers","floor":23,"turns":4},{"damage":23,"enemies":"Book of Stabbing","floor":25,"turns":4},{"damage":13,"enemies":"Snake Plant","floor":27,"turns":1}],"relics_obtained":[{"floor":6,"key":"Bag of Marbles"},{"floor":8,"key":"The Courier"},{"floor":9,"key":"Happy Flower"},{"floor":14,"key":"Smiling Mask"},{"floor":23,"key":"Ancient Tea Set"},{"floor":25,"key":"Boot"},{"floor":26,"key":"Cables"}],"event_choices":[{"event_name":"Golden Idol","player_choice":"Take Damage","floor":3.0,"damage_taken":0.0},{"event_name":"Scrap Ooze","player_choice":"success","floor":11,"damage_taken":18},{"event_name":"Golden Wing","player_choice":"Gained Gold","floor":12,"damage_taken":0},{"event_name":"Vampires","player_choice":"Became a vampire","floor":19,"damage_taken":0},{"event_name":"Back to Basics","player_choice":"Elegance","floor":20,"damage_taken":0},{"event_name":"The Mausoleum","player_choice":"Yes","floor":22,"damage_taken":0}],"boss_relics":[{"not_picked":["Runic Pyramid","Orrery"],"picked":"Pandora\u0027s Box"}],"items_purged_floors":[],"potions_floor_spawned":[1,6,13,16,21],"seed_played":"7150049604568737585","killed_by":"Snake Plant","ascension_level":15,"potions_obtained":[{"floor":1.0,"key":"PowerPotion"},{"floor":6,"key":"EssenceOfSteel"}],"is_trial":false}