{"gold_per_floor":[118,268,282,298,298,298,313,313,337,347,347,377,377,396,396,475,475,395,445,103,103,120,120,140,140,164,164,183,183,183,183,195,207],"floor_reached":33,"playtime":1158,"items_purged":["Doubt"],"score":450,"play_id":"cf6924be-74e8-4673-9d51-d872bffef86c","local_time":"20190304085639","is_ascension_mode":true,"campfire_choices":[{"data":"Flame Barrier","floor":6.0,"key":"SMITH"},{"data":"Whirlwind","floor":8.0,"key":"SMITH"},{"floor":11.0,"key":"REST"},{"data":"Uppercut","floor":13.0,"key":"SMITH"},{"data":"Metallicize","floor":15.0,"key":"SMITH"},{"floor":23.0,"key":"REST"},{"data":"Body Slam","floor":25.0,"key":"SMITH"},{"data":"Shrug It Off","floor":27.0,"key":"SMITH"},{"floor":29.0,"key":"REST"},{"data":"Bludgeon","floor":32.0,"key":"SMITH"}],"neow_cost":"CURSE","seed_source_timestamp":291619535276614,"circlet_count":0,"master_deck":["AscendersBane","Strike_R","Strike_R","Strike_R","Defend_R","Defend_R","Defend_R","Defend_R","Bash","Parasite","Whirlwind+1","Flame Barrier+1","Uppercut+1","Battle Trance","Metallicize+1","Impervious","Shrug It Off+1","Shrug It Off+1","Body Slam+1","Bludgeon+1","Dual Wield"],"special_seed":0,"relics":["Burning Blood","Unceasing Top","Omamori","Boot","Juzu Bracelet","White Beast Statue","Toy Ornithopter","Lantern","MawBank"],"potions_floor_usage":[33],"damage_taken":[{"damage":4.0,"enemies":"2 Louse","floor":1.0,"turns":3.0},{"damage":29.0,"enemies":"Jaw Worm","floor":3.0,"turns":6.0},{"damage":11.0,"enemies":"Cultist","floor":4.0,"turns":6.0},{"damage":8.0,"enemies":"Blue Slaver","floor":7.0,"turns":2.0},{"damage":20.0,"enemies":"Red Slaver","floor":10.0,"turns":5.0},{"damage":12.0,"enemies":"Gremlin Nob","floor":12.0,"turns":4.0},{"damage":6.0,"enemies":"Looter","floor":14.0,"turns":3.0},{"damage":37.0,"enemies":"The Guardian","floor":16.0,"turns":15.0},{"damage":1.0,"enemies":"2 Thieves","floor":18.0,"turns":4.0},{"damage":7.0,"enemies":"3 Byrds","floor":22.0,"turns":4.0},{"damage":13.0,"enemies":"Centurion and Healer","floor":24.0,"turns":16.0},{"damage":43.0,"enemies":"Sentry and Sphere","floor":28.0,"turns":10.0},{"damage":89,"enemies":"Automaton","floor":33,"turns":10}],"seed_played":"2433745757067894108","potions_obtained":[{"floor":3.0,"key":"Strength Potion"},{"floor":4.0,"key":"Fire Potion"},{"floor":10.0,"key":"Explosive Potion"},{"floor":12.0,"key":"LiquidBronze"},{"floor":16.0,"key":"GamblersBrew"},{"floor":18.0,"key":"GamblersBrew"},{"floor":22.0,"key":"SkillPotion"},{"floor":24.0,"key":"Regen Potion"},{"floor":28.0,"key":"SteroidPotion"}],"is_trial":false,"path_per_floor":["M","?","M","M","?","R","M","R","T","M","R","E","R","M","R","B",null,"M","?","$","?","M","R","M","R","T","R","M","R","?","T","R","B"],"character_chosen":"IRONCLAD","items_purchased":["Toy Ornithopter","Shrug It Off"],"campfire_rested":3,"item_purchase_floors":[20,20],"current_hp_per_floor":[70,70,47,42,42,42,40,40,40,26,48,42,42,42,42,11,59,64,57,57,36,45,69,62,62,62,62,50,74,74,74,74,0],"gold":207,"neow_bonus":"ONE_RARE_RELIC","is_prod":false,"is_daily":false,"chose_seed":false,"campfire_upgraded":7,"win_rate":0,"timestamp":1551718599,"path_taken":["M","?","M","M","?","R","M","R","T","?","R","E","R","M","R","BOSS","M","?","$","?","M","R","M","R","T","R","M","R","?","?","R","BOSS"],"build_version":"2019-01-23","purchased_purges":1,"victory":false,"max_hp_per_floor":[75,75,75,75,75,75,75,75,75,75,75,75,75,75,75,75,75,75,75,75,80,80,80,80,80,80,80,80,80,80,80,80,80],"card_choices":[{"not_picked":["Rampage","Reckless Charge"],"picked":"Whirlwind","floor":1.0},{"not_picked":["Warcry","Pommel Strike"],"picked":"Flame Barrier","floor":3.0},{"not_picked":["Bloodletting","Burning Pact","Anger"],"picked":"SKIP","floor":4.0},{"not_picked":["Havoc","Second Wind","Evolve"],"picked":"SKIP","floor":7.0},{"not_picked":["Warcry","Sword Boomerang"],"picked":"Uppercut","floor":10.0},{"not_picked":["Shockwave","Rage"],"picked":"Battle Trance","floor":12.0},{"not_picked":["Anger","Pommel Strike"],"picked":"Metallicize","floor":14.0},{"not_picked":["Limit Break","Fiend Fire"],"picked":"Impervious","floor":16.0},{"not_picked":["Infernal Blade","Sentinel"],"picked":"Shrug It Off+1","floor":18.0},{"not_picked":["Corruption","Carnage","Warcry"],"picked":"SKIP","floor":22.0},{"not_picked":["Combust","Infernal Blade"],"picked":"Body Slam","floor":24.0},{"not_picked":["Twin Strike","Body Slam","Wild Strike"],"picked":"SKIP","floor":28.0}],"player_experience":602266,"relics_obtained":[{"floor":5.0,"key":"Omamori"},{"floor":9.0,"key":"Boot"},{"floor":12.0,"key":"Juzu Bracelet"},{"floor":26.0,"key":"Lantern"},{"floor":31.0,"key":"MawBank"}],"event_choices":[{"damage_healed":0.0,"max_hp_gain":0.0,"max_hp_loss":0.0,"gold_gain":150.0,"event_name":"Liars Game","player_choice":"AGREE","floor":2.0,"gold_loss":0.0,"damage_taken":0.0,"cards_obtained":["Doubt"]},{"damage_healed":0.0,"max_hp_gain":0.0,"max_hp_loss":0.0,"gold_gain":0.0,"event_name":"Wheel of Change","player_choice":"Relic","floor":5.0,"gold_loss":0.0,"damage_taken":0.0},{"damage_healed":0.0,"max_hp_gain":0.0,"max_hp_loss":0.0,"gold_gain":50.0,"event_name":"FaceTrader","player_choice":"Touch","floor":19.0,"gold_loss":0.0,"damage_taken":7.0},{"damage_healed":0.0,"max_hp_gain":5.0,"max_hp_loss":0.0,"gold_gain":0.0,"event_name":"Forgotten Altar","player_choice":"Shed Blood","floor":21.0,"gold_loss":0.0,"damage_taken":26.0},{"damage_healed":0.0,"max_hp_gain":0.0,"max_hp_loss":0.0,"gold_gain":0.0,"cards_transformed":["Strike_R","Strike_R"],"event_name":"Drug Dealer","player_choice":"Became Test Subject","floor":30.0,"gold_loss":0.0,"damage_taken":0.0,"cards_obtained":["Bludgeon","Dual Wield"]}],"is_beta":false,"boss_relics":[{"not_picked":["Lizard Tail","Runic Dome"],"picked":"White Beast Statue"}],"items_purged_floors":[20],"is_endless":false,"potions_floor_spawned":[3,4,10,12,16,18,22,24,28],"killed_by":"Automaton","ascension_level":17}