{"gold_per_floor":[113,127,127,277,146,179,179,213,238,250,279,291,335,366,378,466,478,500,512,524,617,48,48],"floor_reached":23,"playtime":812,"items_purged":["Doubt","Strike_B"],"score":437,"play_id":"1d7d7db5-44a5-4f93-98a6-62862a50a334","local_time":"20190305103133","is_ascension_mode":true,"campfire_choices":[{"data":"Streamline","floor":7,"key":"SMITH"},{"data":"Loop","floor":10,"key":"SMITH"},{"floor":15,"key":"REST"}],"neow_cost":"NONE","seed_source_timestamp":166980442186713,"circlet_count":0,"master_deck":["AscendersBane","Strike_B+1","Strike_B","Defend_B","Defend_B","Defend_B","Defend_B+1","Zap","Dualcast","Loop+1","Streamline+1","Ball Lightning","Rebound","Chill","Echo Form","Barrage+1","Capacitor"],"relics":["Cracked Core","NeowsBlessing","Bronze Scales","Orichalcum","MawBank","Vajra","Coffee Dripper","MutagenicStrength","Sundial","Blood Vial","Juzu Bracelet"],"potions_floor_usage":[18,23,23],"damage_taken":[{"damage":0,"enemies":"Jaw Worm","floor":1,"turns":1},{"damage":0,"enemies":"Small Slimes","floor":2,"turns":1},{"damage":0,"enemies":"Lagavulin","floor":6,"turns":1},{"damage":11,"enemies":"Gremlin Nob","floor":8,"turns":3},{"damage":1,"enemies":"2 Louse","floor":11,"turns":2},{"damage":12,"enemies":"3 Sentries","floor":13,"turns":6},{"damage":8,"enemies":"Exordium Thugs","floor":14,"turns":3},{"damage":24,"enemies":"Hexaghost","floor":16,"turns":8},{"damage":23,"enemies":"2 Thieves","floor":18,"turns":4},{"damage":67,"enemies":"Slavers","floor":23,"turns":4}],"seed_played":"4128797079656208606","potions_obtained":[{"floor":2,"key":"SpeedPotion"},{"floor":13,"key":"Dexterity Potion"}],"is_trial":false,"path_per_floor":["M","M","?","?","$","E","R","E","T","R","M","?","E","M","R","B",null,"M","?","?","T","$","E"],"character_chosen":"DEFECT","items_purchased":["SteroidPotion","Fruit Juice","Blood Vial","Capacitor","Juzu Bracelet"],"campfire_rested":1,"item_purchase_floors":[5,22,22,22,22],"current_hp_per_floor":[64,64,43,43,43,43,43,32,32,32,31,31,19,11,32,8,55,32,32,46,46,46,0],"gold":48,"neow_bonus":"THREE_ENEMY_KILL","is_prod":false,"is_daily":false,"chose_seed":false,"campfire_upgraded":2,"win_rate":0,"timestamp":1551799893,"path_taken":["M","M","?","?","$","E","R","E","T","R","M","?","E","?","R","BOSS","M","?","?","?","$","E"],"build_version":"2019-01-23","purchased_purges":2,"victory":false,"max_hp_per_floor":[71,71,71,71,71,71,71,71,71,71,71,71,71,71,71,71,71,71,71,71,71,71,76],"card_choices":[{"not_picked":["Go for the Eyes","Conserve Battery"],"picked":"Loop","floor":1},{"not_picked":["Go for the Eyes","Force Field"],"picked":"Streamline","floor":2},{"not_picked":["Double Energy","Stack","Aggregate"],"picked":"SKIP","floor":6},{"not_picked":["Turbo","Lockon","Reprogram"],"picked":"SKIP","floor":8},{"not_picked":["Hologram","Stack"],"picked":"Ball Lightning","floor":11},{"not_picked":["Compile Driver","Machine Learning"],"picked":"Rebound","floor":13},{"not_picked":["Gash","Turbo"],"picked":"Chill","floor":14},{"not_picked":["Biased Cognition","Meteor Strike"],"picked":"Echo Form","floor":16},{"not_picked":["Scrape","Leap"],"picked":"Barrage+1","floor":18}],"player_experience":870990,"relics_obtained":[{"floor":6,"key":"Bronze Scales"},{"floor":8,"key":"Orichalcum"},{"floor":9,"key":"MawBank"},{"floor":13,"key":"Vajra"},{"floor":21,"key":"Sundial"}],"event_choices":[{"damage_healed":0,"gold_gain":0,"player_choice":"Entered Light","damage_taken":21,"max_hp_gain":0,"max_hp_loss":0,"event_name":"Shining Light","floor":3,"gold_loss":0,"cards_upgraded":["Strike_B","Defend_B"]},{"damage_healed":0,"gold_gain":150,"player_choice":"AGREE","damage_taken":0,"max_hp_gain":0,"max_hp_loss":0,"event_name":"Liars Game","floor":4,"gold_loss":0,"cards_obtained":["Doubt"]},{"cards_removed":["Strike_B"],"damage_healed":0,"gold_gain":0,"player_choice":"Offered Basic","damage_taken":0,"max_hp_gain":0,"max_hp_loss":0,"event_name":"Bonfire Elementals","floor":12,"gold_loss":0},{"damage_healed":0,"gold_gain":0,"player_choice":"Inject Mutagens","damage_taken":0,"relics_obtained":["MutagenicStrength"],"max_hp_gain":0,"max_hp_loss":0,"event_name":"Drug Dealer","floor":19,"gold_loss":0},{"damage_healed":14,"gold_gain":0,"player_choice":"Heal","damage_taken":0,"max_hp_gain":0,"max_hp_loss":0,"event_name":"The Library","floor":20,"gold_loss":0}],"is_beta":false,"boss_relics":[{"not_picked":["Sozu","Black Star"],"picked":"Coffee Dripper"}],"items_purged_floors":[5,22],"is_endless":false,"potions_floor_spawned":[2,11,13,14],"killed_by":"Slavers","ascension_level":18}