{"gold_per_floor":[112,37,187,187,87,87,100,57,57,57,16,31,31,63,63,137,137,176,190,240,75,103,103,118,118,171,185,185,185,83,353,353,432,432,452,472,9,9,9],"floor_reached":39,"playtime":1863,"items_purged":["Doubt","Doubt","Strike_R"],"score":657,"play_id":"4f281541-e47d-4525-8c18-aae8d6b129c4","local_time":"20190301183439","is_ascension_mode":true,"campfire_choices":[{"data":"Magnetism","floor":6.0,"key":"SMITH"},{"data":"Metallicize","floor":10.0,"key":"SMITH"},{"data":"Uppercut","floor":13.0,"key":"SMITH"},{"data":"Flame Barrier","floor":15.0,"key":"SMITH"},{"floor":23.0,"key":"REST"},{"floor":25.0,"key":"REST"},{"floor":28.0,"key":"RECALL"},{"floor":32.0,"key":"REST"}],"neow_cost":"CURSE","seed_source_timestamp":0,"circlet_count":0,"master_deck":["AscendersBane","Strike_R","Strike_R","Strike_R","Strike_R+1","Defend_R","Defend_R","Defend_R","Defend_R","Bash","Magnetism+1","Good Instincts","Armaments+1","Uppercut+1","Metallicize+1","Spot Weakness","Flame Barrier+1","Flame Barrier","Demon Form","Whirlwind","Shrug It Off","J.A.X.","Flash of Steel","Offering"],"special_seed":0,"relics":["Burning Blood","Torii","Fusion Hammer","Regal Pillow","Red Mask","Blood Vial","Black Star","Ice Cream"],"potions_floor_usage":[],"damage_taken":[{"damage":15.0,"enemies":"Cultist","floor":1.0,"turns":5.0},{"damage":6.0,"enemies":"2 Louse","floor":7.0,"turns":3.0},{"damage":1.0,"enemies":"Small Slimes","floor":12.0,"turns":4.0},{"damage":2.0,"enemies":"Blue Slaver","floor":14.0,"turns":6.0},{"damage":24.0,"enemies":"Slime Boss","floor":16.0,"turns":11.0},{"damage":13.0,"enemies":"Spheric Guardian","floor":18.0,"turns":6.0},{"damage":10.0,"enemies":"3 Byrds","floor":19.0,"turns":3.0},{"damage":46.0,"enemies":"Masked Bandits","floor":22.0,"turns":7.0},{"damage":28.0,"enemies":"Sentry and Sphere","floor":24.0,"turns":6.0},{"damage":8.0,"enemies":"Cultist and Chosen","floor":27.0,"turns":7.0},{"damage":56.0,"enemies":"Automaton","floor":33.0,"turns":10.0},{"damage":16.0,"enemies":"Orb Walker","floor":35.0,"turns":4.0},{"damage":24.0,"enemies":"3 Darklings","floor":36.0,"turns":7.0},{"damage":42,"enemies":"Sphere and 2 Shapes","floor":39,"turns":3}],"seed_played":"-3554759207237469587","potions_obtained":[{"floor":7.0,"key":"Block Potion"},{"floor":14.0,"key":"AttackPotion"},{"floor":19.0,"key":"Dexterity Potion"},{"floor":22.0,"key":"Ancient Potion"},{"floor":27.0,"key":"Energy Potion"},{"floor":36.0,"key":"Dexterity Potion"}],"is_trial":false,"path_per_floor":["M","$","?","?","$","R","M","$","T","R","$","M","R","M","R","B",null,"M","M","?","$","?","R","M","R","T","M","R","?","$","?","R","B",null,"M","M","$","?","M"],"character_chosen":"IRONCLAD","items_purchased":["Metallicize","Spot Weakness","Regal Pillow","Flash of Steel","Ice Cream"],"campfire_rested":3,"item_purchase_floors":[8,11,21,30,37],"current_hp_per_floor":[59,59,59,36,36,36,36,36,36,36,36,41,41,45,45,27,63,56,52,52,52,12,49,27,64,64,64,64,64,64,36,73,25,63,55,39,39,39,0],"gold":9,"neow_bonus":"RANDOM_COLORLESS_2","is_prod":false,"is_daily":false,"chose_seed":false,"campfire_upgraded":4,"win_rate":0,"timestamp":1551494079,"path_taken":["M","?","?","?","$","R","M","$","T","R","?","M","R","M","R","BOSS","M","M","?","$","?","R","M","R","T","M","R","?","$","?","R","BOSS","M","M","$","?","M"],"build_version":"2019-01-23","purchased_purges":3,"victory":false,"max_hp_per_floor":[75,75,75,75,75,75,75,75,75,75,75,75,75,75,75,75,75,75,75,75,75,75,75,75,75,75,75,75,75,75,75,75,75,75,75,75,75,75,75],"card_choices":[{"not_picked":["Cleave","Clash"],"picked":"Armaments","floor":1.0},{"not_picked":["Sword Boomerang","Havoc"],"picked":"Uppercut","floor":7.0},{"not_picked":["Power Through","Thunderclap"],"picked":"Flame Barrier","floor":12.0},{"not_picked":["Ghostly Armor","Armaments"],"picked":"Flame Barrier","floor":14.0},{"not_picked":["Brutality","Berserk"],"picked":"Demon Form","floor":16.0},{"not_picked":["Reckless Charge","Burning Pact","Heavy Blade"],"picked":"SKIP","floor":18.0},{"not_picked":["Flex","Cleave","Iron Wave"],"picked":"SKIP","floor":19.0},{"not_picked":["Twin Strike","Cleave+1"],"picked":"Whirlwind","floor":22.0},{"not_picked":["Thunderclap","Sword Boomerang","Armaments"],"picked":"SKIP","floor":24.0},{"not_picked":["Flex","Perfected Strike"],"picked":"Shrug It Off","floor":27.0},{"not_picked":["Impervious","Double Tap"],"picked":"Offering","floor":33.0},{"not_picked":["Pommel Strike","Inflame+1","Clothesline"],"picked":"SKIP","floor":35.0},{"not_picked":["Pommel Strike+1","Entrench+1","Power Through"],"picked":"SKIP","floor":36.0}],"player_experience":561728,"relics_obtained":[{"floor":9.0,"key":"Torii"},{"floor":22.0,"key":"Red Mask"},{"floor":26.0,"key":"Blood Vial"}],"event_choices":[{"damage_healed":0.0,"max_hp_gain":0.0,"max_hp_loss":0.0,"gold_gain":150.0,"event_name":"Liars Game","player_choice":"AGREE","floor":3.0,"gold_loss":0.0,"damage_taken":0.0,"cards_obtained":["Doubt"]},{"damage_healed":0.0,"max_hp_gain":0.0,"max_hp_loss":0.0,"gold_gain":0.0,"event_name":"Shining Light","player_choice":"Entered Light","floor":4.0,"gold_loss":0.0,"damage_taken":23.0,"cards_upgraded":["Strike_R","Armaments"]},{"damage_healed":0.0,"max_hp_gain":0.0,"max_hp_loss":0.0,"gold_gain":50.0,"event_name":"Nest","player_choice":"Stole From Cult","floor":20.0,"gold_loss":0.0,"damage_taken":0.0},{"damage_healed":0.0,"max_hp_gain":0.0,"max_hp_loss":0.0,"gold_gain":0.0,"event_name":"Masked Bandits","player_choice":"Fought Bandits","floor":22.0,"gold_loss":0.0,"damage_taken":0.0},{"damage_healed":0.0,"max_hp_gain":0.0,"max_hp_loss":0.0,"gold_gain":0.0,"event_name":"Drug Dealer","player_choice":"Obtain J.A.X.","floor":29.0,"gold_loss":0.0,"damage_taken":0.0,"cards_obtained":["J.A.X."]},{"damage_healed":0.0,"max_hp_gain":0.0,"max_hp_loss":0.0,"gold_gain":270.0,"event_name":"Knowing Skull","player_choice":"GOLD GOLD GOLD ","floor":31.0,"potions_obtained":[],"gold_loss":0.0,"damage_taken":28.0,"cards_obtained":[]},{"damage_healed":0,"gold_gain":0,"player_choice":"Leave","damage_taken":0,"max_hp_gain":0,"max_hp_loss":0,"event_name":"FaceTrader","floor":38,"gold_loss":0}],"is_beta":false,"boss_relics":[{"not_picked":["White Beast Statue","Orrery"],"picked":"Fusion Hammer"},{"not_picked":["Astrolabe","Mark of Pain"],"picked":"Black Star"}],"items_purged_floors":[2,5,37],"is_endless":false,"potions_floor_spawned":[7,14,19,22,27,36],"killed_by":"Sphere and 2 Shapes","ascension_level":16}