{"gold_per_floor":[369,369,74,74,74,74,74,74,100,125,143,93,93,106,106,232,232,232,232,217,217,217,217,217,217,217,217,217,217,217,217,217,217,217,217,26,26,26,26,26,26,26,26,26,26,26,26,26,26,26,26,26,26,26,26],"floor_reached":55,"playtime":5706,"items_purged":["Strike_G"],"score":932,"play_id":"04c296fd-b24a-4388-b878-e27caa6d2bf8","local_time":"20190209163828","is_ascension_mode":true,"campfire_choices":[{"data":"Cloak And Dagger","floor":6,"key":"SMITH"},{"data":"Survivor","floor":8,"key":"SMITH"},{"data":"Backstab","floor":15,"key":"SMITH"},{"data":"Predator","floor":23,"key":"SMITH"},{"floor":30,"key":"REST"},{"data":"Burst","floor":32,"key":"SMITH"},{"floor":40,"key":"RECALL"},{"floor":45,"key":"DIG"},{"floor":47,"key":"DIG"},{"floor":49,"key":"DIG"},{"floor":52,"key":"DIG"}],"neow_cost":"TEN_PERCENT_HP_LOSS","seed_source_timestamp":29965574531726,"circlet_count":0,"master_deck":["Defend_G+1","Defend_G+1","Defend_G+1","Defend_G+1","Defend_G+1","Strike_G+1","Strike_G+1","Strike_G+1","Survivor+1","Neutralize+1","Cloak And Dagger+1","Predator+1","Backflip","Backstab+1","Tools of the Trade","Leg Sweep+1","Burst+1","Malaise+1","Backflip+1","Well Laid Plans","Infinite Blades+1","Terror+1"],"relics":["Ring of the Snake","Bag of Marbles","Golden Idol","Ornamental Fan","Bronze Scales","Ectoplasm","MutagenicStrength","Red Mask","Pantograph","PreservedInsect","Gambling Chip","Busted Crown","Oddly Smooth Stone","StoneCalendar","Ancient Tea Set","Shovel","Smiling Mask","Bag of Preparation","Ice Cream","Boot","Bottled Lightning","Gremlin Horn"],"potions_floor_usage":[20,21,29,33,33,44,55,55,55],"damage_taken":[{"damage":2,"enemies":"Jaw Worm","floor":1,"turns":5},{"damage":0,"enemies":"2 Louse","floor":10,"turns":2},{"damage":0,"enemies":"Small Slimes","floor":11,"turns":2},{"damage":2,"enemies":"3 Louse","floor":14,"turns":3},{"damage":41,"enemies":"Hexaghost","floor":16,"turns":12},{"damage":0,"enemies":"3 Byrds","floor":18,"turns":3},{"damage":2,"enemies":"2 Thieves","floor":20,"turns":2},{"damage":8,"enemies":"Snake Plant","floor":21,"turns":4},{"damage":3,"enemies":"Masked Bandits","floor":22,"turns":5},{"damage":7,"enemies":"Book of Stabbing","floor":27,"turns":6},{"damage":0,"enemies":"3 Cultists","floor":28,"turns":4},{"damage":15,"enemies":"Gremlin Leader","floor":29,"turns":3},{"damage":2,"enemies":"Centurion and Healer","floor":31,"turns":5},{"damage":38,"enemies":"Automaton","floor":33,"turns":18},{"damage":0,"enemies":"Orb Walker","floor":35,"turns":2},{"damage":0,"enemies":"Mind Bloom Boss Battle","floor":37,"turns":7},{"damage":1,"enemies":"3 Shapes","floor":39,"turns":5},{"damage":0,"enemies":"Jaw Worm Horde","floor":41,"turns":5},{"damage":0,"enemies":"Maw","floor":42,"turns":7},{"damage":0,"enemies":"Giant Head","floor":44,"turns":6},{"damage":0,"enemies":"Spire Growth","floor":46,"turns":4},{"damage":0,"enemies":"2 Orb Walkers","floor":48,"turns":4},{"damage":16,"enemies":"Time Eater","floor":50,"turns":16},{"damage":20,"enemies":"Shield and Spear","floor":54,"turns":6},{"damage":70,"enemies":"The Heart","floor":55,"turns":8}],"seed_played":"-1625098479003432345","potions_obtained":[{"floor":11,"key":"AttackPotion"},{"floor":16,"key":"FearPotion"},{"floor":21,"key":"Fruit Juice"},{"floor":27,"key":"SkillPotion"},{"floor":28,"key":"Swift Potion"},{"floor":35,"key":"Energy Potion"},{"floor":39,"key":"Weak Potion"},{"floor":42,"key":"FearPotion"},{"floor":54,"key":"Swift Potion"}],"is_trial":false,"path_per_floor":["M","?","$","?","?","R","?","R","T","M","M","?","$","M","R","B",null,"M","?","M","M","?","R","?","T","T","E","M","E","R","M","R","B",null,"M","$","?","?","M","R","M","M","T","E","R","M","R","?","R","B",null,"R","$","E","B"],"character_chosen":"THE_SILENT","items_purchased":["Bag of Marbles","Predator","Oddly Smooth Stone","Well Laid Plans"],"campfire_rested":1,"item_purchase_floors":[3,3,36,36],"current_hp_per_floor":[61,61,61,61,54,54,54,54,54,54,54,54,54,52,52,11,50,50,50,48,45,42,42,42,42,42,35,35,20,40,38,38,25,57,57,57,68,68,67,67,67,67,67,67,67,67,67,67,67,52,64,64,64,44,0],"gold":26,"neow_bonus":"TWO_FIFTY_GOLD","is_prod":false,"is_daily":false,"chose_seed":false,"campfire_upgraded":5,"win_rate":0,"timestamp":1549759108,"path_taken":["M","?","$","?","?","R","?","R","T","M","M","?","?","M","R","BOSS","M","?","M","M","?","R","?","?","T","E","?","E","R","M","R","BOSS","M","$","?","?","M","R","M","?","T","E","R","M","R","?","R","BOSS","R","$","E","BOSS"],"build_version":"2019-01-23","purchased_purges":1,"victory":false,"max_hp_per_floor":[63,63,63,63,63,63,63,63,63,63,63,63,63,63,63,63,63,63,63,63,68,68,68,68,68,68,68,68,68,68,68,68,68,68,68,68,68,68,68,68,68,68,68,68,68,68,68,68,68,68,68,68,68,68,68],"card_choices":[{"not_picked":["Accuracy","Blade Dance"],"picked":"Cloak And Dagger","floor":1},{"not_picked":["Underhanded Strike","Dagger Spray"],"picked":"Backflip","floor":10},{"not_picked":["Masterful Stab","Slice","Poisoned Stab"],"picked":"SKIP","floor":11},{"not_picked":["Blade Dance","Tactician"],"picked":"Backstab","floor":14},{"not_picked":["Doppelganger","Bullet Time"],"picked":"Tools of the Trade","floor":16},{"not_picked":["Poisoned Stab","Masterful Stab","Deflect"],"picked":"SKIP","floor":18},{"not_picked":["Flying Knee","Dagger Throw","Skewer+1"],"picked":"SKIP","floor":20},{"not_picked":["Underhanded Strike","Sucker Punch","Slice"],"picked":"SKIP","floor":21},{"not_picked":["Concentrate","Flechettes"],"picked":"Leg Sweep+1","floor":22},{"not_picked":["Terror","Prepared+1"],"picked":"Burst","floor":27},{"not_picked":["Flying Knee","Acrobatics","Slice"],"picked":"SKIP","floor":28},{"not_picked":["Heel Hook","PiercingWail","Prepared"],"picked":"SKIP","floor":29},{"not_picked":["All Out Attack","Expertise","Acrobatics"],"picked":"SKIP","floor":31},{"not_picked":["Night Terror","Envenom"],"picked":"Malaise","floor":33},{"not_picked":[],"picked":"Backflip+1","floor":35},{"not_picked":[],"picked":"Infinite Blades+1","floor":37},{"not_picked":["PiercingWail+1"],"picked":"SKIP","floor":39},{"not_picked":["Caltrops"],"picked":"SKIP","floor":41},{"not_picked":["Dagger Spray+1"],"picked":"SKIP","floor":42},{"not_picked":["Catalyst"],"picked":"SKIP","floor":44},{"not_picked":["Underhanded Strike"],"picked":"SKIP","floor":46},{"not_picked":[],"picked":"Terror+1","floor":48},{"not_picked":["Acrobatics+1"],"picked":"SKIP","floor":54}],"player_experience":307162,"relics_obtained":[{"floor":9,"key":"Bronze Scales"},{"floor":22,"key":"Red Mask"},{"floor":26,"key":"Pantograph"},{"floor":27,"key":"PreservedInsect"},{"floor":29,"key":"Gambling Chip"},{"floor":37,"key":"StoneCalendar"},{"floor":43,"key":"Ancient Tea Set"},{"floor":44,"key":"Shovel"},{"floor":45,"key":"Smiling Mask"},{"floor":47,"key":"Bag of Preparation"},{"floor":48,"key":"Ice Cream"},{"floor":49,"key":"Boot"},{"floor":52,"key":"Bottled Lightning"},{"floor":54,"key":"Gremlin Horn"}],"event_choices":[{"damage_healed":0,"gold_gain":0,"player_choice":"Grow","damage_taken":0,"max_hp_gain":0,"max_hp_loss":0,"event_name":"Living Wall","floor":2,"gold_loss":0,"cards_upgraded":["Neutralize"]},{"damage_healed":0,"gold_gain":0,"player_choice":"Take Wound","damage_taken":0,"relics_obtained":["Golden Idol"],"max_hp_gain":0,"max_hp_loss":0,"event_name":"Golden Idol","floor":4,"gold_loss":0,"cards_obtained":["Injury"]},{"cards_removed":["Injury"],"damage_healed":0,"gold_gain":0,"player_choice":"Card Removal","damage_taken":7,"max_hp_gain":0,"max_hp_loss":0,"event_name":"Golden Wing","floor":5,"gold_loss":0},{"damage_healed":0,"gold_gain":0,"player_choice":"Searched \u00271\u0027 times","damage_taken":0,"relics_obtained":["Ornamental Fan"],"max_hp_gain":0,"max_hp_loss":0,"event_name":"Dead Adventurer","floor":7,"gold_loss":0},{"cards_removed":["Strike_G"],"damage_healed":0,"gold_gain":0,"player_choice":"Card Removal","damage_taken":0,"max_hp_gain":0,"max_hp_loss":0,"event_name":"The Cleric","floor":12,"gold_loss":50},{"damage_healed":0,"gold_gain":0,"player_choice":"Inject Mutagens","damage_taken":0,"relics_obtained":["MutagenicStrength"],"max_hp_gain":0,"max_hp_loss":0,"event_name":"Drug Dealer","floor":19,"gold_loss":0},{"damage_healed":0,"gold_gain":0,"player_choice":"Fought Bandits","damage_taken":0,"max_hp_gain":0,"max_hp_loss":0,"event_name":"Masked Bandits","floor":22,"gold_loss":0},{"damage_healed":0,"gold_gain":0,"player_choice":"Simplicity","damage_taken":0,"max_hp_gain":0,"max_hp_loss":0,"event_name":"Back to Basics","floor":24,"gold_loss":0,"cards_upgraded":["Defend_G","Defend_G","Defend_G","Defend_G","Defend_G","Strike_G","Strike_G","Strike_G"]},{"damage_healed":0,"gold_gain":0,"player_choice":"Fight","damage_taken":0,"max_hp_gain":0,"max_hp_loss":0,"event_name":"MindBloom","floor":37,"gold_loss":0},{"damage_healed":0,"gold_gain":0,"player_choice":"Forge","damage_taken":0,"max_hp_gain":0,"max_hp_loss":0,"event_name":"Accursed Blacksmith","floor":38,"gold_loss":0,"cards_upgraded":["Malaise"]},{"damage_healed":0,"gold_gain":0,"player_choice":"Fight","damage_taken":0,"max_hp_gain":0,"max_hp_loss":0,"event_name":"Mysterious Sphere","floor":48,"gold_loss":0}],"is_beta":false,"boss_relics":[{"not_picked":["White Beast Statue","Velvet Choker"],"picked":"Ectoplasm"},{"not_picked":["Calling Bell","Sozu"],"picked":"Busted Crown"}],"items_purged_floors":[3],"is_endless":false,"potions_floor_spawned":[11,16,21,27,28,35,39,42,54],"killed_by":"The Heart","ascension_level":6}