{"gold_per_floor":[111,111,121,101,26,26,52,52,52,64,82,115,115,125,125,197,247,259,279,296,312,332,332,90,90,113,0,0,10,28,28],"floor_reached":31,"playtime":1083,"items_purged":["Strike_B"],"score":521,"play_id":"8b57be8d-ba4c-47ba-84e3-0a70f92b3206","local_time":"20190216164622","is_ascension_mode":true,"campfire_choices":[{"data":"Zap","floor":6.0,"key":"SMITH"},{"data":"Self Repair","floor":8.0,"key":"SMITH"},{"data":"Stack","floor":13.0,"key":"SMITH"},{"data":"Coolheaded","floor":15.0,"key":"SMITH"},{"floor":23.0,"key":"REST"},{"data":"Defragment","floor":28.0,"key":"SMITH"}],"neow_cost":"NONE","seed_source_timestamp":19823679201149,"circlet_count":0,"master_deck":["AscendersBane","Strike_B","Strike_B+1","Strike_B+1","Defend_B","Defend_B","Defend_B","Defend_B","Zap+1","Dualcast","BootSequence","Decay","Melter+1","Self Repair+1","Cold Snap","Auto Shields","Stack+1","Doom and Gloom","Coolheaded+1","Hyperbeam","Conserve Battery","Defragment+1","Defragment","Capacitor+1","Buffer","Go for the Eyes","Rainbow"],"special_seed":0,"relics":["Cracked Core","NeowsBlessing","Whetstone","Cables","Happy Flower","Tiny House","Bronze Scales"],"potions_floor_usage":[30,31],"damage_taken":[{"damage":0.0,"enemies":"2 Louse","floor":1.0,"turns":1.0},{"damage":0.0,"enemies":"Cultist","floor":3.0,"turns":1.0},{"damage":0.0,"enemies":"3 Sentries","floor":7.0,"turns":1.0},{"damage":0.0,"enemies":"Jaw Worm","floor":10.0,"turns":3.0},{"damage":2.0,"enemies":"Gremlin Gang","floor":11.0,"turns":3.0},{"damage":26.0,"enemies":"Lagavulin","floor":12.0,"turns":5.0},{"damage":6.0,"enemies":"Lots of Slimes","floor":14.0,"turns":4.0},{"damage":47.0,"enemies":"Hexaghost","floor":16.0,"turns":15.0},{"damage":25.0,"enemies":"Chosen","floor":18.0,"turns":6.0},{"damage":13.0,"enemies":"3 Byrds","floor":19.0,"turns":4.0},{"damage":17.0,"enemies":"Snecko","floor":20.0,"turns":7.0},{"damage":11.0,"enemies":"Centurion and Healer","floor":21.0,"turns":11.0},{"damage":18.0,"enemies":"Sentry and Sphere","floor":22.0,"turns":3.0},{"damage":24.0,"enemies":"Snake Plant","floor":29.0,"turns":4.0},{"damage":27,"enemies":"3 Cultists","floor":30,"turns":5},{"damage":28,"enemies":"Slavers","floor":31,"turns":2}],"seed_played":"3902210949492270473","potions_obtained":[{"floor":4.0,"key":"Fire Potion"},{"floor":7.0,"key":"AttackPotion"},{"floor":11.0,"key":"PowerPotion"},{"floor":12.0,"key":"FearPotion"},{"floor":17.0,"key":"EssenceOfSteel"},{"floor":18.0,"key":"EssenceOfSteel"},{"floor":20.0,"key":"PowerPotion"},{"floor":29.0,"key":"Explosive Potion"},{"floor":30,"key":"SkillPotion"}],"is_trial":false,"path_per_floor":["M","?","M","?","$","R","E","R","T","M","M","E","R","M","R","B",null,"M","M","M","M","M","R","$","?","T","?","R","M","M","E"],"character_chosen":"DEFECT","items_purchased":["Self Repair","Buffer"],"campfire_rested":1,"item_purchase_floors":[5,24],"current_hp_per_floor":[64,64,64,64,64,64,64,64,64,71,71,55,55,59,59,22,64,49,36,29,28,20,42,42,57,57,57,57,43,26,0],"gold":28,"neow_bonus":"THREE_ENEMY_KILL","is_prod":false,"is_daily":false,"chose_seed":false,"campfire_upgraded":5,"win_rate":0,"timestamp":1550303182,"path_taken":["M","?","?","?","$","R","E","R","T","M","M","E","R","M","R","BOSS","M","?","?","M","M","R","$","?","T","?","R","M","M","E"],"build_version":"2019-01-23","purchased_purges":1,"victory":false,"max_hp_per_floor":[71,71,71,71,71,71,71,71,71,71,71,71,71,71,71,71,76,76,76,76,76,76,76,76,76,76,76,76,76,76,76],"card_choices":[{"not_picked":["Rebound","Go for the Eyes"],"picked":"BootSequence","floor":1.0},{"not_picked":["FTL","Leap"],"picked":"Melter","floor":3.0},{"not_picked":["Compile Driver","Heatsinks"],"picked":"Cold Snap","floor":7.0},{"not_picked":["Steam","Recycle"],"picked":"Auto Shields","floor":10.0},{"not_picked":["Reprogram","Turbo"],"picked":"Stack","floor":11.0},{"not_picked":["Beam Cell","Recycle"],"picked":"Doom and Gloom","floor":12.0},{"not_picked":["Steam Power","Compile Driver"],"picked":"Coolheaded","floor":14.0},{"not_picked":["Multi-Cast","Meteor Strike"],"picked":"Hyperbeam","floor":16.0},{"not_picked":["Barrage","Chaos"],"picked":"Conserve Battery","floor":17.0},{"not_picked":["Recycle","Compile Driver","Rip and Tear"],"picked":"SKIP","floor":18.0},{"not_picked":["Go for the Eyes","Barrage"],"picked":"Defragment","floor":19.0},{"not_picked":["Steam","Stack","Gash"],"picked":"SKIP","floor":20.0},{"not_picked":["Sunder","Redo"],"picked":"Defragment","floor":21.0},{"not_picked":["Tempest+1","Ball Lightning"],"picked":"Capacitor+1","floor":22.0},{"not_picked":["Leap+1","Streamline"],"picked":"Go for the Eyes","floor":29.0},{"not_picked":["Gash","Go for the Eyes"],"picked":"Rainbow","floor":30}],"player_experience":363076,"relics_obtained":[{"floor":7.0,"key":"Whetstone"},{"floor":9.0,"key":"Cables"},{"floor":12.0,"key":"Happy Flower"},{"floor":26.0,"key":"Bronze Scales"}],"event_choices":[{"damage_healed":0.0,"max_hp_gain":0.0,"max_hp_loss":0.0,"gold_gain":0.0,"event_name":"Wheel of Change","player_choice":"Cursed","floor":2.0,"gold_loss":0.0,"damage_taken":0.0,"cards_obtained":["Decay"]},{"damage_healed":0.0,"max_hp_gain":0.0,"max_hp_loss":0.0,"gold_gain":0.0,"event_name":"The Woman in Blue","player_choice":"Bought 1 Potion","floor":4.0,"gold_loss":0.0,"damage_taken":0.0},{"damage_healed":15.0,"max_hp_gain":0.0,"max_hp_loss":0.0,"gold_gain":0.0,"event_name":"The Library","player_choice":"Heal","floor":25.0,"gold_loss":0.0,"damage_taken":0.0},{"damage_healed":0.0,"max_hp_gain":0.0,"max_hp_loss":0.0,"gold_gain":0.0,"event_name":"Masked Bandits","player_choice":"Paid Fearfully","floor":27.0,"gold_loss":113.0,"damage_taken":0.0}],"is_beta":false,"boss_relics":[{"not_picked":["Snecko Eye","Pandora\u0027s Box"],"picked":"Tiny House"}],"items_purged_floors":[24],"is_endless":false,"potions_floor_spawned":[7,10,11,12,18,20,29,30],"killed_by":"Slavers","ascension_level":18}