{"gold_per_floor":[117,128,128,1,11,11,40,40,40,65,78,92,92,92],"floor_reached":14,"playtime":432,"items_purged":["Strike_R"],"score":170,"play_id":"fe15a0b4-4643-4532-9e37-b39581eecea3","local_time":"20190124110007","is_ascension_mode":true,"campfire_choices":[{"data":"Bash","floor":6,"key":"SMITH"},{"floor":8,"key":"REST"},{"floor":13,"key":"REST"}],"neow_cost":"NONE","seed_source_timestamp":556637886249422,"circlet_count":0,"master_deck":["AscendersBane","Strike_R","Strike_R","Defend_R","Defend_R","Defend_R","Defend_R","Bash+1","Heavy Blade","Dropkick"],"relics":["Burning Blood","Bag of Marbles","Matryoshka","Vajra"],"potions_floor_usage":[10,12],"damage_taken":[{"damage":3,"enemies":"Jaw Worm","floor":1,"turns":5},{"damage":0,"enemies":"2 Louse","floor":2,"turns":2},{"damage":7,"enemies":"Small Slimes","floor":5,"turns":4},{"damage":56,"enemies":"Gremlin Nob","floor":7,"turns":5},{"damage":40,"enemies":"Lagavulin","floor":10,"turns":8},{"damage":2,"enemies":"Looter","floor":11,"turns":4},{"damage":12,"enemies":"Exordium Wildlife","floor":12,"turns":3},{"damage":8,"enemies":"The Mushroom Lair","floor":14,"turns":2}],"seed_played":"-2313542795878340595","potions_obtained":[{"floor":1,"key":"Energy Potion"},{"floor":10,"key":"Dexterity Potion"}],"is_trial":false,"path_per_floor":["M","M","?","$","M","R","E","R","T","E","M","M","R","?"],"character_chosen":"IRONCLAD","items_purchased":["PowerPotion"],"campfire_rested":2,"item_purchase_floors":[4],"current_hp_per_floor":[71,75,75,75,74,74,24,46,46,12,16,10,32,24],"gold":92,"neow_bonus":"REMOVE_CARD","is_prod":false,"is_daily":false,"chose_seed":false,"campfire_upgraded":1,"win_rate":0,"timestamp":1548345607,"path_taken":["M","M","?","$","M","R","E","R","T","E","M","M","R","?"],"build_version":"2019-01-23","purchased_purges":1,"victory":false,"max_hp_per_floor":[75,75,75,75,75,75,75,75,75,75,75,75,75,75],"card_choices":[{"not_picked":["Combust","Headbutt"],"picked":"Heavy Blade","floor":1},{"not_picked":["Pommel Strike","Twin Strike","Heavy Blade"],"picked":"SKIP","floor":2},{"not_picked":["Body Slam","Iron Wave","Headbutt"],"picked":"SKIP","floor":5},{"not_picked":["Fire Breathing","Cleave","Exhume"],"picked":"SKIP","floor":7},{"not_picked":["Perfected Strike","Sentinel","Havoc"],"picked":"SKIP","floor":10},{"not_picked":["Twin Strike","Warcry","Feel No Pain"],"picked":"SKIP","floor":11},{"not_picked":["Clothesline","Clash"],"picked":"Dropkick","floor":12}],"player_experience":407542,"relics_obtained":[{"floor":7,"key":"Bag of Marbles"},{"floor":9,"key":"Matryoshka"},{"floor":10,"key":"Vajra"}],"event_choices":[{"cards_removed":["Strike_R"],"damage_healed":0,"gold_gain":0,"player_choice":"Forget","damage_taken":0,"max_hp_gain":0,"max_hp_loss":0,"event_name":"Living Wall","floor":3,"gold_loss":0},{"damage_healed":0,"gold_gain":0,"player_choice":"Fought Mushrooms","damage_taken":0,"max_hp_gain":0,"max_hp_loss":0,"event_name":"Mushrooms","floor":14,"gold_loss":0}],"is_beta":false,"boss_relics":[],"items_purged_floors":[4],"is_endless":false,"potions_floor_spawned":[1,10,11],"killed_by":"The Mushroom Lair","ascension_level":14}