{"gold_per_floor":[114,39,39,39,13,38,38,72,124,140,150,150,169,69,69,168,168,186,61,77,77,89,89,105,105,130,143,170,170,170,184,184,184],"floor_reached":33,"playtime":991,"items_purged":["Strike_G","Strike_G","Strike_G"],"score":438,"play_id":"0f7c06e1-dd7c-4be2-b17a-a45d074349db","local_time":"20190104223351","is_ascension_mode":true,"campfire_choices":[{"data":"Deadly Poison","floor":7,"key":"SMITH"},{"data":"Footwork","floor":12,"key":"SMITH"},{"data":"Deadly Poison","floor":15,"key":"SMITH"},{"data":"Corpse Explosion","floor":23,"key":"SMITH"},{"data":"Escape Plan","floor":25,"key":"SMITH"},{"data":"Survivor","floor":30,"key":"SMITH"},{"data":"Venomology","floor":32,"key":"SMITH"}],"neow_cost":"NONE","seed_source_timestamp":1281804964600240,"circlet_count":0,"master_deck":["Defend_G","Defend_G","Defend_G","Defend_G+1","Defend_G","Strike_G+1","Survivor+1","Neutralize+1","Deadly Poison+1","Crippling Poison+1","Footwork+1","Deadly Poison+1","Corpse Explosion+1","Escape Plan+1","Blur+1","Venomology+1"],"relics":["NeowsBlessing","Singing Bowl","Art of War","War Paint","Coffee Dripper","Lantern","Dodecahedron","Nloth\u0027s Gift"],"potions_floor_usage":[28,28],"damage_taken":[{"damage":0,"enemies":"Cultist","floor":1,"turns":1},{"damage":0,"enemies":"Lagavulin","floor":6,"turns":1},{"damage":0,"enemies":"3 Sentries","floor":8,"turns":1},{"damage":0,"enemies":"2 Louse","floor":10,"turns":2},{"damage":4,"enemies":"Jaw Worm","floor":11,"turns":4},{"damage":12,"enemies":"Lots of Slimes","floor":13,"turns":3},{"damage":3,"enemies":"The Guardian","floor":16,"turns":8},{"damage":8,"enemies":"2 Thieves","floor":18,"turns":3},{"damage":0,"enemies":"3 Byrds","floor":20,"turns":2},{"damage":21,"enemies":"Colosseum Slavers","floor":21,"turns":3},{"damage":24,"enemies":"Centurion and Healer","floor":22,"turns":5},{"damage":4,"enemies":"Snake Plant","floor":24,"turns":4},{"damage":0,"enemies":"Snecko","floor":27,"turns":4},{"damage":0,"enemies":"Book of Stabbing","floor":28,"turns":6},{"damage":3,"enemies":"Centurion and Healer","floor":31,"turns":5},{"damage":25,"enemies":"Collector","floor":33,"turns":5}],"seed_played":"-667702759859650363","potions_obtained":[{"floor":6,"key":"Ancient Potion"},{"floor":11,"key":"Weak Potion"},{"floor":20,"key":"PowerPotion"}],"is_trial":false,"path_per_floor":["M","$","?","?","$","E","R","E","T","M","M","R","M","$","R","B",null,"M","$","M","?","M","R","M","R","T","M","E","?","R","M","R","B"],"character_chosen":"THE_SILENT","items_purchased":["Deadly Poison"],"campfire_rested":0,"item_purchase_floors":[5],"current_hp_per_floor":[70,70,70,56,56,56,56,58,58,58,56,56,44,44,44,41,66,60,60,60,39,17,17,15,15,15,15,17,17,17,14,14,0],"gold":184,"neow_bonus":"THREE_ENEMY_KILL","is_prod":false,"is_daily":false,"chose_seed":false,"campfire_upgraded":7,"win_rate":0,"timestamp":1546659231,"path_taken":["M","?","?","?","?","E","R","E","T","M","M","R","?","$","R","BOSS","M","$","M","?","M","R","M","R","T","M","E","?","R","M","R","BOSS"],"build_version":"2019-01-03v3","purchased_purges":3,"victory":false,"max_hp_per_floor":[70,70,70,70,70,70,70,72,72,72,74,74,74,74,74,74,74,76,76,76,76,78,78,80,80,80,80,82,82,82,82,82,82],"card_choices":[{"not_picked":["Backflip","Sucker Punch","Distraction"],"picked":"SKIP","floor":1},{"not_picked":["Calculated Gamble","Blade Dance"],"picked":"Crippling Poison","floor":6},{"not_picked":["Underhanded Strike","Dagger Throw","Reflex"],"picked":"Singing Bowl","floor":8},{"not_picked":["Blade Dance","Flying Knee"],"picked":"Footwork","floor":10},{"not_picked":["Outmaneuver","Slice","Reflex"],"picked":"Singing Bowl","floor":11},{"not_picked":["Night Terror","Poisoned Stab"],"picked":"Deadly Poison","floor":13},{"not_picked":["Venomology","A Thousand Cuts"],"picked":"Corpse Explosion","floor":16},{"not_picked":["Dodge and Roll","Cloak And Dagger+1","Masterful Stab"],"picked":"Singing Bowl","floor":18},{"not_picked":["Well Laid Plans+1","Calculated Gamble"],"picked":"Escape Plan","floor":20},{"not_picked":["Heel Hook","Dash","Dodge and Roll"],"picked":"Singing Bowl","floor":22},{"not_picked":["Quick Slash+1","Tactician","Deflect"],"picked":"Singing Bowl","floor":24},{"not_picked":["Flechettes+1","Outmaneuver"],"picked":"Blur+1","floor":27},{"not_picked":["Underhanded Strike","Endless Agony","All Out Attack"],"picked":"Singing Bowl","floor":28},{"not_picked":["Doppelganger","Calculated Gamble+1"],"picked":"Venomology","floor":31}],"player_experience":313486,"relics_obtained":[{"floor":6,"key":"Singing Bowl"},{"floor":8,"key":"Art of War"},{"floor":9,"key":"War Paint"},{"floor":26,"key":"Lantern"},{"floor":28,"key":"Dodecahedron"}],"event_choices":[{"cards_removed":["Strike_G"],"damage_healed":0,"gold_gain":0,"player_choice":"Forget","damage_taken":0,"max_hp_gain":0,"max_hp_loss":0,"event_name":"Living Wall","floor":3,"gold_loss":0},{"damage_healed":0,"gold_gain":0,"player_choice":"Entered Light","damage_taken":14,"max_hp_gain":0,"max_hp_loss":0,"event_name":"Shining Light","floor":4,"gold_loss":0,"cards_upgraded":["Strike_G","Neutralize"]},{"damage_healed":0,"gold_gain":0,"player_choice":"Fight","damage_taken":0,"max_hp_gain":0,"max_hp_loss":0,"event_name":"Colosseum","floor":21,"gold_loss":0},{"damage_healed":0,"gold_gain":0,"player_choice":"Fled From Nobs","damage_taken":0,"max_hp_gain":0,"max_hp_loss":0,"event_name":"Colosseum","floor":21,"gold_loss":0},{"damage_healed":0,"gold_gain":0,"player_choice":"Traded Relic","damage_taken":0,"relics_obtained":["Nloth\u0027s Gift"],"max_hp_gain":0,"max_hp_loss":0,"event_name":"N\u0027loth","floor":29,"relics_lost":["Ring of the Snake"],"gold_loss":0}],"is_beta":false,"boss_relics":[{"not_picked":["Calling Bell","Eternal Feather"],"picked":"Coffee Dripper"}],"items_purged_floors":[2,14,19],"is_endless":false,"potions_floor_spawned":[6,11,20,24],"killed_by":"Collector","ascension_level":5}