{"gold_per_floor":[116,132,132,74,84,84,97,125,150,150,168,178,208,208,208,208],"floor_reached":16,"playtime":825,"items_purged":[],"score":224,"play_id":"64212647-262a-4254-a8b1-542788ae9da2","local_time":"20190224164334","is_ascension_mode":true,"campfire_choices":[{"data":"Neutralize","floor":6,"key":"SMITH"},{"floor":15,"key":"REST"}],"neow_cost":"TEN_PERCENT_HP_LOSS","seed_source_timestamp":2809408772686225,"circlet_count":0,"master_deck":["AscendersBane","Defend_G","Defend_G","Defend_G","Defend_G","Defend_G","Strike_G","Strike_G","Strike_G","Strike_G","Strike_G","Survivor","Neutralize+1","PiercingWail","Terror+1","Quick Slash","Dodge and Roll","Backflip","Dagger Spray","Dodge and Roll","Crippling Poison"],"relics":["Ring of the Snake","FossilizedHelix","Omamori","Snake Skull","Boot","Bag of Marbles"],"potions_floor_usage":[8,13,13],"damage_taken":[{"damage":0,"enemies":"Small Slimes","floor":1,"turns":5},{"damage":0,"enemies":"Cultist","floor":2,"turns":5},{"damage":0,"enemies":"Jaw Worm","floor":5,"turns":4},{"damage":0,"enemies":"Exordium Wildlife","floor":7,"turns":3},{"damage":31,"enemies":"Lagavulin","floor":8,"turns":8},{"damage":0,"enemies":"2 Fungi Beasts","floor":11,"turns":5},{"damage":0,"enemies":"Red Slaver","floor":12,"turns":4},{"damage":10,"enemies":"3 Sentries","floor":13,"turns":5},{"damage":40,"enemies":"The Guardian","floor":16,"turns":16}],"seed_played":"-2246281285563960679","potions_obtained":[{"floor":5,"key":"Poison Potion"},{"floor":11,"key":"PowerPotion"},{"floor":12,"key":"SkillPotion"}],"is_trial":false,"path_per_floor":["M","M","?","$","M","R","M","E","T","$","M","M","E","?","R","B"],"character_chosen":"THE_SILENT","items_purchased":["Quick Slash"],"campfire_rested":1,"item_purchase_floors":[4],"current_hp_per_floor":[59,59,59,59,59,59,59,28,28,28,28,28,18,18,36,0],"gold":208,"neow_bonus":"ONE_RARE_RELIC","is_prod":false,"is_daily":false,"chose_seed":false,"campfire_upgraded":1,"win_rate":0,"timestamp":1551048214,"path_taken":["M","M","?","?","M","R","M","E","T","$","?","M","E","?","R","BOSS"],"build_version":"2019-02-06","purchased_purges":0,"victory":false,"max_hp_per_floor":[60,60,60,60,60,60,60,60,60,60,60,60,60,60,60,60],"card_choices":[{"not_picked":["Outmaneuver","Concentrate"],"picked":"PiercingWail","floor":1},{"not_picked":["Acrobatics","PiercingWail"],"picked":"Terror","floor":2},{"not_picked":["Bane","Dagger Throw"],"picked":"Dodge and Roll","floor":5},{"not_picked":["Eviscerate","Bullet Time","Reflex"],"picked":"SKIP","floor":7},{"not_picked":["Sucker Punch","Bane"],"picked":"Backflip","floor":8},{"not_picked":["Bouncing Flask","Cloak And Dagger"],"picked":"Dagger Spray","floor":11},{"not_picked":["All Out Attack","Outmaneuver"],"picked":"Dodge and Roll","floor":12},{"not_picked":["Cloak And Dagger","Tactician"],"picked":"Crippling Poison","floor":13}],"player_experience":842304,"relics_obtained":[{"floor":8,"key":"Omamori"},{"floor":9,"key":"Snake Skull"},{"floor":13,"key":"Boot"}],"event_choices":[{"damage_healed":0,"gold_gain":0,"player_choice":"Upgraded","damage_taken":0,"max_hp_gain":0,"max_hp_loss":0,"event_name":"Upgrade Shrine","floor":3,"gold_loss":0,"cards_upgraded":["Terror"]},{"damage_healed":0,"gold_gain":0,"player_choice":"Box","damage_taken":0,"relics_obtained":["Bag of Marbles"],"max_hp_gain":0,"max_hp_loss":0,"event_name":"Big Fish","floor":14,"gold_loss":0,"cards_obtained":["Regret"]}],"is_beta":true,"boss_relics":[],"items_purged_floors":[],"is_endless":false,"potions_floor_spawned":[5,11,12],"killed_by":"The Guardian","ascension_level":20}