{"gold_per_floor":[119,133,133,133,152,152,165,112,112,141,216,216,233,247,247,247],"floor_reached":16,"playtime":816,"items_purged":[],"score":161,"play_id":"04960461-4fac-4b7c-80b0-6f59d6709054","local_time":"20190226131853","is_ascension_mode":true,"campfire_choices":[{"data":"Body Slam","floor":6.0,"key":"SMITH"},{"data":"Body Slam","floor":12,"key":"SMITH"},{"floor":15,"key":"REST"}],"neow_cost":"PERCENT_DAMAGE","seed_source_timestamp":537427728149610,"circlet_count":0,"master_deck":["AscendersBane","Strike_R","Strike_R","Strike_R","Strike_R","Defend_R","Defend_R","Defend_R","Defend_R","Bash","Body Slam+1","Body Slam+1","Metallicize","Shrug It Off","Shockwave","Uppercut","True Grit"],"special_seed":0,"relics":["Burning Blood","Champion Belt","Dream Catcher","Odd Mushroom"],"potions_floor_usage":[13,14],"damage_taken":[{"damage":0.0,"enemies":"Small Slimes","floor":1.0,"turns":3.0},{"damage":11.0,"enemies":"Cultist","floor":2.0,"turns":5.0},{"damage":15.0,"enemies":"Jaw Worm","floor":5.0,"turns":5.0},{"damage":7,"enemies":"3 Louse","floor":7,"turns":4},{"damage":20,"enemies":"The Mushroom Lair","floor":10,"turns":6},{"damage":1,"enemies":"2 Fungi Beasts","floor":13,"turns":4},{"damage":1,"enemies":"Exordium Wildlife","floor":14,"turns":6},{"damage":49,"enemies":"The Guardian","floor":16,"turns":14}],"seed_played":"-160469385677735297","potions_obtained":[{"floor":1.0,"key":"SpeedPotion"},{"floor":2.0,"key":"Energy Potion"},{"floor":5.0,"key":"FearPotion"},{"floor":13,"key":"SkillPotion"}],"is_trial":false,"path_per_floor":["M","M","?","$","M","R","M","$","T","?","?","R","M","M","R","B"],"character_chosen":"IRONCLAD","items_purchased":["Shrug It Off"],"campfire_rested":1,"item_purchase_floors":[8],"current_hp_per_floor":[56,51,51,51,42,42,41,41,41,27,16,16,21,26,48,0],"gold":247,"neow_bonus":"ONE_RARE_RELIC","is_prod":false,"is_daily":false,"chose_seed":false,"campfire_upgraded":2,"win_rate":0,"timestamp":1551215933,"path_taken":["M","M","?","?","M","R","M","$","T","?","?","R","M","M","R","BOSS"],"build_version":"2019-01-23","purchased_purges":0,"victory":false,"max_hp_per_floor":[75,75,75,75,75,75,75,75,75,75,75,75,75,75,75,75],"card_choices":[{"not_picked":["Combust","Anger"],"picked":"Body Slam","floor":1.0},{"not_picked":["Fire Breathing","Dropkick"],"picked":"Body Slam","floor":2.0},{"not_picked":["Heavy Blade","Wild Strike","Twin Strike"],"picked":"SKIP","floor":5.0},{"not_picked":["Wild Strike","Hemokinesis"],"picked":"Metallicize","floor":7},{"not_picked":["Burning Pact","Rupture"],"picked":"Shockwave","floor":13},{"not_picked":["Double Tap","Fire Breathing"],"picked":"Uppercut","floor":14},{"not_picked":["Clash","Rage"],"picked":"True Grit","floor":15}],"player_experience":536490,"relics_obtained":[{"floor":9,"key":"Dream Catcher"},{"floor":10,"key":"Odd Mushroom"}],"event_choices":[{"cards_removed":["Strike_R"],"damage_healed":0.0,"max_hp_gain":0.0,"max_hp_loss":0.0,"gold_gain":0.0,"event_name":"Purifier","player_choice":"Purged","floor":3.0,"gold_loss":0.0,"damage_taken":0.0},{"damage_healed":0,"gold_gain":0,"player_choice":"Fought Mushrooms","damage_taken":0,"max_hp_gain":0,"max_hp_loss":0,"event_name":"Mushrooms","floor":10,"gold_loss":0},{"damage_healed":0,"gold_gain":75,"player_choice":"Gather Gold","damage_taken":11,"max_hp_gain":0,"max_hp_loss":0,"event_name":"World of Goop","floor":11,"gold_loss":0}],"is_beta":false,"boss_relics":[],"items_purged_floors":[],"is_endless":false,"potions_floor_spawned":[1,2,5,13],"killed_by":"The Guardian","ascension_level":15}