{"gold_per_floor":[116,131,131,151,151,183,183,183,206,31,48,59,88,117,117,117],"floor_reached":16,"playtime":1136,"items_purged":[],"score":254,"play_id":"e2014007-b888-4079-bbb9-1d5eb6498b2f","local_time":"20180630033111","is_ascension_mode":true,"campfire_choices":[{"floor":7,"key":"REST"},{"data":"Coolheaded","floor":15,"key":"SMITH"}],"neow_cost":"NONE","seed_source_timestamp":113462791957300,"circlet_count":0,"master_deck":["Strike_B","Strike_B","Strike_B+1","Strike_B+1","Defend_B","Defend_B","Defend_B","Defend_B","Zap","Dualcast","AscendersBane","Hello World","Coolheaded+1","Self Repair","Conserve Battery","Hologram","Reinforced Body","Leap","Tempest","FTL"],"relics":["Snecko Eye","Orichalcum","Art of War","Potion Belt","Singing Bowl","Odd Mushroom","Bottled Lightning"],"potions_floor_usage":[8],"damage_taken":[{"damage":0,"enemies":"Cultist","floor":1,"turns":5},{"damage":3,"enemies":"Small Slimes","floor":2,"turns":3},{"damage":11,"enemies":"Jaw Worm","floor":4,"turns":5},{"damage":17,"enemies":"3 Sentries","floor":6,"turns":9},{"damage":0,"enemies":"Gremlin Nob","floor":8,"turns":2},{"damage":7,"enemies":"Exordium Wildlife","floor":11,"turns":7},{"damage":0,"enemies":"Blue Slaver","floor":12,"turns":4},{"damage":4,"floor":13,"turns":6},{"damage":6,"enemies":"Lagavulin","floor":14,"turns":9},{"damage":43,"enemies":"Hexaghost","floor":16,"turns":12}],"seed_played":"-6843607165086586308","potions_obtained":[{"floor":1,"key":"Poison Potion"},{"floor":6,"key":"SmokeBomb"},{"floor":12,"key":"SkillPotion"}],"is_trial":false,"path_per_floor":["M","M","?","M","?","E","R","E","T","$","M","M","?","E","R"],"character_chosen":"DEFECT","items_purchased":["Singing Bowl","Hologram"],"campfire_rested":1,"item_purchase_floors":[10,10],"current_hp_per_floor":[64,61,50,39,18,8,29,29,29,29,29,36,39,40,40,0],"gold":117,"neow_bonus":"BOSS_RELIC","is_prod":false,"is_daily":false,"chose_seed":false,"campfire_upgraded":1,"win_rate":0,"timestamp":1530322271,"path_taken":["M","M","?","M","?","E","R","E","T","?","?","M","?","E","R","BOSS"],"build_version":"2018-06-28","purchased_purges":0,"victory":false,"max_hp_per_floor":[71,71,71,71,71,71,71,71,71,71,71,71,71,71,71,71],"card_choices":[{"not_picked":["Reprogram","Go for the Eyes"],"picked":"Hello World","floor":1},{"not_picked":["Auto Shields","Rebound"],"picked":"Coolheaded","floor":2},{"not_picked":["Gash","Redo"],"picked":"Self Repair","floor":4},{"not_picked":["Compile Driver","Rip and Tear"],"picked":"Conserve Battery","floor":6},{"not_picked":["Compile Driver","Ball Lightning"],"picked":"Reinforced Body","floor":11},{"not_picked":["Beam Cell","Hologram"],"picked":"Leap","floor":12},{"not_picked":["Amplify","Undo"],"picked":"Tempest","floor":13},{"not_picked":["Lockon","Steam Power"],"picked":"FTL","floor":14}],"player_experience":539137,"relics_obtained":[{"floor":6,"key":"Art of War"},{"floor":9,"key":"Potion Belt"},{"floor":13,"key":"Odd Mushroom"},{"floor":14,"key":"Bottled Lightning"}],"event_choices":[{"event_name":"Scrap Ooze","player_choice":"success","floor":3,"damage_taken":11},{"event_name":"Shining Light","player_choice":"Entered Light","floor":5,"damage_taken":0},{"event_name":"Mushrooms","player_choice":"Fought Mushrooms","floor":13,"damage_taken":0}],"boss_relics":[],"items_purged_floors":[],"is_endless":false,"potions_floor_spawned":[1,6,8,12],"killed_by":"Hexaghost","ascension_level":15}