{"gold_per_floor":[13,188,138,45,65,65,84,84,107,141,141,141,155,168,168,266,266,282,293,218,234,32,32,32],"floor_reached":24,"playtime":890,"items_purged":[],"score":245,"play_id":"9f2dc74e-222f-4e58-8b55-ba7b01c05581","local_time":"20190205204924","is_ascension_mode":true,"campfire_choices":[{"data":"Armaments","floor":6,"key":"SMITH"},{"data":"Corruption","floor":11,"key":"SMITH"},{"data":"Demon Form","floor":15,"key":"SMITH"},{"data":"Heavy Blade","floor":23,"key":"SMITH"}],"neow_cost":"NO_GOLD","seed_source_timestamp":2239462101312940,"circlet_count":0,"master_deck":["Strike_R","Strike_R","Strike_R","Defend_R+1","Defend_R+1","Defend_R+1","Defend_R","Bash","Body Slam+1","Corruption+1","Shrug It Off","Armaments+1","Headbutt","Heavy Blade+1","Demon Form+1","Seeing Red","Feel No Pain"],"relics":["Burning Blood","Magic Flower","War Paint","Bag of Preparation","Velvet Choker","Medical Kit"],"potions_floor_usage":[21,24],"damage_taken":[{"damage":4,"enemies":"Small Slimes","floor":1,"turns":3},{"damage":5,"enemies":"Jaw Worm","floor":5,"turns":4},{"damage":1,"enemies":"Cultist","floor":7,"turns":4},{"damage":16,"enemies":"Lagavulin","floor":10,"turns":6},{"damage":0,"enemies":"Gremlin Gang","floor":13,"turns":5},{"damage":4,"enemies":"2 Fungi Beasts","floor":14,"turns":4},{"damage":34,"enemies":"Slime Boss","floor":16,"turns":8},{"damage":16,"enemies":"Spheric Guardian","floor":18,"turns":4},{"damage":30,"enemies":"2 Thieves","floor":19,"turns":4},{"damage":13,"enemies":"3 Cultists","floor":21,"turns":5},{"damage":55,"enemies":"Gremlin Leader","floor":24,"turns":3}],"seed_played":"8058929299009383191","potions_obtained":[{"floor":10,"key":"PowerPotion"},{"floor":14,"key":"Swift Potion"},{"floor":16,"key":"Poison Potion"},{"floor":19,"key":"Fire Potion"},{"floor":21,"key":"BloodPotion"}],"is_trial":false,"path_per_floor":["M","?","?","$","M","R","M","?","T","E","R","?","M","M","R","B",null,"M","M","?","M","$","R","E"],"character_chosen":"IRONCLAD","items_purchased":["Corruption","Shrug It Off","Medical Kit"],"campfire_rested":0,"item_purchase_floors":[4,4,22],"current_hp_per_floor":[80,80,80,80,80,80,80,64,64,57,57,57,66,71,71,46,72,65,44,44,40,40,40,0],"gold":32,"neow_bonus":"ONE_RARE_RELIC","is_prod":false,"is_daily":false,"chose_seed":false,"campfire_upgraded":4,"win_rate":0,"timestamp":1549428564,"path_taken":["M","?","?","?","M","R","M","?","T","E","R","?","M","?","R","BOSS","M","?","?","M","$","R","E"],"build_version":"2019-01-23","purchased_purges":0,"victory":false,"max_hp_per_floor":[80,80,80,80,80,80,80,80,80,80,80,80,80,80,80,80,80,80,80,80,80,80,80,80],"card_choices":[{"not_picked":["True Grit","Evolve"],"picked":"Body Slam","floor":1},{"not_picked":["Iron Wave","Spot Weakness"],"picked":"Armaments","floor":5},{"not_picked":["Anger","Iron Wave"],"picked":"Headbutt","floor":7},{"not_picked":["Clothesline","Havoc"],"picked":"Heavy Blade","floor":10},{"not_picked":["Second Wind","Cleave"],"picked":"Demon Form","floor":13},{"not_picked":["Wild Strike","Reckless Charge","Second Wind"],"picked":"SKIP","floor":14},{"not_picked":["Clothesline","Perfected Strike+1"],"picked":"Seeing Red","floor":18},{"not_picked":["Searing Blow","Pommel Strike","Sword Boomerang"],"picked":"SKIP","floor":19},{"not_picked":["Burning Pact+1","Hemokinesis+1"],"picked":"Feel No Pain","floor":21}],"player_experience":270672,"relics_obtained":[{"floor":9,"key":"War Paint"},{"floor":10,"key":"Bag of Preparation"}],"event_choices":[{"damage_healed":0,"gold_gain":175,"player_choice":"AGREE","damage_taken":0,"max_hp_gain":0,"max_hp_loss":0,"event_name":"Liars Game","floor":2,"gold_loss":0,"cards_obtained":["Doubt"]},{"cards_removed":["Doubt"],"damage_healed":0,"gold_gain":0,"player_choice":"Card Removal","damage_taken":0,"max_hp_gain":0,"max_hp_loss":0,"event_name":"The Cleric","floor":3,"gold_loss":50},{"damage_healed":0,"gold_gain":0,"player_choice":"Entered Light","damage_taken":16,"max_hp_gain":0,"max_hp_loss":0,"event_name":"Shining Light","floor":8,"gold_loss":0,"cards_upgraded":["Defend_R","Body Slam"]},{"cards_removed":["Strike_R"],"damage_healed":0,"gold_gain":0,"player_choice":"Purged","damage_taken":0,"max_hp_gain":0,"max_hp_loss":0,"event_name":"Purifier","floor":12,"gold_loss":0},{"cards_removed":["Strike_R"],"damage_healed":0,"gold_gain":0,"player_choice":"Gave Gold","damage_taken":0,"max_hp_gain":0,"max_hp_loss":0,"event_name":"Beggar","floor":20,"gold_loss":75}],"is_beta":false,"boss_relics":[{"not_picked":["Snecko Eye","Lizard Tail"],"picked":"Velvet Choker"}],"items_purged_floors":[],"is_endless":false,"potions_floor_spawned":[10,14,16,19,21],"killed_by":"Gremlin Leader","ascension_level":5}