{"gold_per_floor":[111,111,111,111,7,7,27,46,46,59,78,78,96,116,116,116],"floor_reached":16,"playtime":1113,"items_purged":["Regret"],"score":174,"play_id":"1245757a-cb94-46ce-b556-6dee392f9290","local_time":"20190302215328","is_ascension_mode":true,"campfire_choices":[{"floor":6,"key":"REST"},{"data":"Glass Knife","floor":12,"key":"SMITH"},{"data":"Neutralize","floor":15,"key":"SMITH"}],"neow_cost":"NONE","seed_source_timestamp":223011246402909,"circlet_count":0,"master_deck":["AscendersBane","Defend_G","Defend_G+1","Defend_G+1","Defend_G","Defend_G","Strike_G","Strike_G","Strike_G","Strike_G","Strike_G","Survivor","Neutralize+1","Poisoned Stab","Dash","Backflip","Well Laid Plans","Glass Knife+1"],"relics":["Ring of the Snake","NeowsBlessing","Prayer Wheel","Matryoshka"],"potions_floor_usage":[16],"damage_taken":[{"damage":0,"enemies":"Small Slimes","floor":1,"turns":1},{"damage":0,"enemies":"Cultist","floor":7,"turns":1},{"damage":0,"enemies":"Jaw Worm","floor":8,"turns":1},{"damage":5,"enemies":"Large Slime","floor":10,"turns":9},{"damage":6,"enemies":"Red Slaver","floor":11,"turns":6},{"damage":0,"enemies":"3 Louse","floor":13,"turns":3},{"damage":0,"enemies":"Large Slime","floor":14,"turns":4},{"damage":45,"enemies":"Hexaghost","floor":16,"turns":18}],"seed_played":"4832885183960749477","potions_obtained":[{"floor":8,"key":"EssenceOfSteel"},{"floor":11,"key":"Poison Potion"},{"floor":13,"key":"SkillPotion"}],"is_trial":false,"path_per_floor":["M","?","?","?","$","R","M","M","T","M","M","R","M","M","R","B"],"character_chosen":"THE_SILENT","items_purchased":["Poisoned Stab"],"campfire_rested":1,"item_purchase_floors":[5],"current_hp_per_floor":[59,59,39,30,30,49,49,49,49,44,38,38,38,38,38,0],"gold":116,"neow_bonus":"THREE_ENEMY_KILL","is_prod":false,"is_daily":false,"chose_seed":false,"campfire_upgraded":2,"win_rate":0,"timestamp":1551592408,"path_taken":["M","?","?","?","$","R","M","M","T","M","M","R","?","M","R","BOSS"],"build_version":"2019-01-23","purchased_purges":1,"victory":false,"max_hp_per_floor":[66,66,66,66,66,66,66,66,66,66,66,66,66,66,66,66],"card_choices":[{"not_picked":["Underhanded Strike","Bouncing Flask","Dagger Spray"],"picked":"SKIP","floor":1},{"not_picked":["Catalyst","Blade Dance"],"picked":"Dash","floor":7},{"not_picked":["Poisoned Stab","Quick Slash","Eviscerate"],"picked":"SKIP","floor":7},{"not_picked":["Prepared","Accuracy"],"picked":"Backflip","floor":8},{"not_picked":["Flying Knee","Wraith Form v2","Outmaneuver"],"picked":"SKIP","floor":8},{"not_picked":["Bane","Deflect"],"picked":"Well Laid Plans","floor":10},{"not_picked":["Prepared","Deflect","Quick Slash"],"picked":"SKIP","floor":10},{"not_picked":["PiercingWail","Underhanded Strike"],"picked":"Glass Knife","floor":11},{"not_picked":["Dagger Throw","Finisher","Dagger Spray"],"picked":"SKIP","floor":11},{"not_picked":["Choke","Dagger Spray","PiercingWail"],"picked":"SKIP","floor":13},{"not_picked":["Caltrops","Calculated Gamble","Flying Knee"],"picked":"SKIP","floor":13},{"not_picked":["Skewer","Acrobatics","Sucker Punch"],"picked":"SKIP","floor":14},{"not_picked":["Flying Knee","Deadly Poison","Poisoned Stab"],"picked":"SKIP","floor":14}],"player_experience":589974,"relics_obtained":[{"floor":9,"key":"Matryoshka"}],"event_choices":[{"damage_healed":0,"gold_gain":0,"player_choice":"Box","damage_taken":0,"relics_obtained":["Prayer Wheel"],"max_hp_gain":0,"max_hp_loss":0,"event_name":"Big Fish","floor":2,"gold_loss":0,"cards_obtained":["Regret"]},{"damage_healed":0,"gold_gain":0,"player_choice":"Entered Light","damage_taken":20,"max_hp_gain":0,"max_hp_loss":0,"event_name":"Shining Light","floor":3,"gold_loss":0,"cards_upgraded":["Defend_G","Defend_G"]},{"damage_healed":0,"gold_gain":0,"player_choice":"Damaged","damage_taken":9,"max_hp_gain":0,"max_hp_loss":0,"event_name":"Wheel of Change","floor":4,"gold_loss":0}],"is_beta":false,"boss_relics":[],"items_purged_floors":[5],"is_endless":false,"potions_floor_spawned":[8,11,13],"killed_by":"Hexaghost","ascension_level":17}