{"gold_per_floor":[116,132,16,33,183,183,212,212,290,290,305,316,43,60,60,134,134,150,167,5,20,34,34,69,69],"floor_reached":25,"playtime":1245,"items_purged":["Strike_R","Doubt"],"score":475,"play_id":"9dcf90a8-0b37-4c70-8540-a0d5ddebfc55","local_time":"20190208191327","is_ascension_mode":true,"campfire_choices":[{"data":"Clothesline","floor":6,"key":"SMITH"},{"data":"Feed","floor":8,"key":"SMITH"},{"data":"Intimidate","floor":10,"key":"SMITH"},{"data":"Uppercut","floor":15,"key":"SMITH"},{"floor":23,"key":"REST"}],"neow_cost":"PERCENT_DAMAGE","seed_source_timestamp":1881562543467881,"circlet_count":0,"master_deck":["AscendersBane","Strike_R","Defend_R","Defend_R","Defend_R","Defend_R","Bash+1","Intimidate+1","Clothesline+1","Evolve","Ghostly Armor","Feed+1","Headbutt+1","Uppercut+1","Inflame","Disarm","Anger","Offering","Whirlwind+1","Havoc+1","Shrug It Off+1","Wild Strike+1","Wild Strike","Shrug It Off","Second Wind","Ghostly Armor"],"relics":["Burning Blood","Ice Cream","Vajra","Letter Opener","Astrolabe","Whetstone","Blood Vial"],"potions_floor_usage":[7,16,16,24,24],"damage_taken":[{"damage":14,"enemies":"2 Louse","floor":1,"turns":3},{"damage":7,"enemies":"Jaw Worm","floor":2,"turns":4},{"damage":3,"enemies":"Cultist","floor":4,"turns":4},{"damage":14,"enemies":"Lagavulin","floor":7,"turns":8},{"damage":5,"enemies":"Gremlin Gang","floor":11,"turns":5},{"damage":8,"enemies":"2 Fungi Beasts","floor":12,"turns":4},{"damage":6,"enemies":"Looter","floor":14,"turns":3},{"damage":29,"enemies":"Hexaghost","floor":16,"turns":10},{"damage":17,"enemies":"Chosen","floor":18,"turns":4},{"damage":14,"enemies":"2 Thieves","floor":19,"turns":4},{"damage":17,"enemies":"3 Cultists","floor":21,"turns":4},{"damage":26,"enemies":"Snecko","floor":22,"turns":8},{"damage":57,"enemies":"Slavers","floor":24,"turns":8},{"damage":31,"enemies":"Shelled Parasite and Fungi","floor":25,"turns":1}],"seed_played":"6178966030414075462","potions_obtained":[{"floor":4,"key":"Strength Potion"},{"floor":7,"key":"Poison Potion"},{"floor":11,"key":"Ancient Potion"},{"floor":14,"key":"BloodPotion"},{"floor":19,"key":"Block Potion"},{"floor":22,"key":"SpeedPotion"}],"is_trial":false,"path_per_floor":["M","M","$","M","?","R","E","R","T","R","M","M","$","M","R","B",null,"M","M","$","M","M","R","E","M"],"character_chosen":"IRONCLAD","items_purchased":["Evolve","Inflame","Disarm","Whetstone"],"campfire_rested":1,"item_purchase_floors":[3,13,13,20],"current_hp_per_floor":[42,41,41,44,44,44,36,36,36,36,41,43,43,43,43,32,73,66,62,62,55,39,69,22,0],"gold":69,"neow_bonus":"ONE_RARE_RELIC","is_prod":false,"is_daily":false,"chose_seed":false,"campfire_upgraded":4,"win_rate":0,"timestamp":1549671207,"path_taken":["M","M","$","M","?","R","E","R","T","R","M","M","$","M","R","BOSS","M","M","$","M","M","R","E","M"],"build_version":"2019-01-23","purchased_purges":2,"victory":false,"max_hp_per_floor":[75,75,75,75,75,75,75,75,75,75,79,83,83,83,83,87,87,91,95,95,99,103,103,107,107],"card_choices":[{"not_picked":["Wild Strike","Pommel Strike"],"picked":"Intimidate","floor":1},{"not_picked":["Flex","Sword Boomerang"],"picked":"Clothesline","floor":2},{"not_picked":["Clothesline","Fire Breathing"],"picked":"Ghostly Armor","floor":4},{"not_picked":["Iron Wave","Uppercut"],"picked":"Feed","floor":7},{"not_picked":["Perfected Strike","True Grit"],"picked":"Headbutt","floor":11},{"not_picked":["Juggernaut","Anger"],"picked":"Uppercut","floor":12},{"not_picked":["Evolve","Armaments"],"picked":"Anger","floor":14},{"not_picked":["Double Tap","Dark Embrace"],"picked":"Offering","floor":16},{"not_picked":["Thunderclap","Battle Trance"],"picked":"Wild Strike+1","floor":18},{"not_picked":["Infernal Blade","Carnage"],"picked":"Wild Strike","floor":19},{"not_picked":["Flex+1","Headbutt"],"picked":"Shrug It Off","floor":21},{"not_picked":["Warcry","Evolve+1"],"picked":"Second Wind","floor":22},{"not_picked":["Bloodletting","Clash"],"picked":"Ghostly Armor","floor":24}],"player_experience":709012,"relics_obtained":[{"floor":7,"key":"Vajra"},{"floor":9,"key":"Letter Opener"},{"floor":24,"key":"Blood Vial"}],"event_choices":[{"damage_healed":0,"gold_gain":150,"player_choice":"AGREE","damage_taken":0,"max_hp_gain":0,"max_hp_loss":0,"event_name":"Liars Game","floor":5,"gold_loss":0,"cards_obtained":["Doubt"]}],"is_beta":false,"boss_relics":[{"not_picked":["Eternal Feather","Black Star"],"picked":"Astrolabe"}],"items_purged_floors":[3,13],"is_endless":false,"potions_floor_spawned":[4,7,11,14,19,22],"killed_by":"Shelled Parasite and Fungi","ascension_level":20}