{"path_per_floor":["M","$","M","?","M","R","M","M","T","M","$","M","T","$","R","B",null,"M","$","M"],"character_chosen":"IRONCLAD","items_purchased":["Flame Barrier","Bronze Scales","Shrug It Off","Whirlwind"],"gold_per_floor":[216,147,157,107,126,126,139,153,180,197,47,59,85,85,85,182,182,199,43,57,57],"floor_reached":21,"campfire_rested":1,"playtime":1391,"current_hp_per_floor":[79,79,80,80,80,80,80,53,53,19,19,23,23,23,62,23,90,43,43,25,0],"items_purged":["Normality"],"gold":57,"score":208,"play_id":"9081841d-06f0-46fd-8f80-078aee267491","local_time":"20180513000858","is_prod":false,"is_daily":false,"chose_seed":false,"is_ascension_mode":true,"campfire_upgraded":1,"timestamp":1526195338,"path_taken":["M","$","M","?","M","R","M","M","T","?","$","M","?","?","R","BOSS","M","$","M","M"],"build_version":"2018-05-10","seed_source_timestamp":344990745564172,"purchased_purges":1,"victory":false,"master_deck":["Strike_R","Strike_R","Strike_R","Strike_R","Strike_R","Defend_R","Defend_R","Defend_R","Bash","True Grit+1","Flame Barrier","Shrug It Off","Body Slam","Cleave","Clothesline","Barricade","Clumsy","Doubt","Shrug It Off","Whirlwind","Flame Barrier"],"max_hp_per_floor":[80,80,80,80,80,80,80,80,80,80,80,80,80,80,80,80,90,90,90,90,90],"relics":["Burning Blood","Anchor","Bronze Scales","Regal Pillow","Calling Bell","Lantern","Pear","Thread and Needle"],"card_choices":[{"not_picked":["Havoc","Anger"],"picked":"True Grit","floor":1},{"not_picked":["Seeing Red","Infernal Blade"],"picked":"Shrug It Off","floor":5},{"not_picked":["Dropkick","Uppercut"],"picked":"Body Slam","floor":7},{"not_picked":["Body Slam","Second Wind"],"picked":"Cleave","floor":8},{"not_picked":["Spot Weakness","Body Slam"],"picked":"Clothesline","floor":10},{"not_picked":["Dark Embrace","Demon Form"],"picked":"Barricade","floor":16},{"not_picked":["Bloodletting","Disarm"],"picked":"Flame Barrier","floor":20}],"player_experience":166284,"potions_floor_usage":[20],"damage_taken":[{"damage":7,"enemies":"Jaw Worm","floor":1,"turns":3},{"damage":1,"enemies":"Small Slimes","floor":3,"turns":3},{"damage":3,"enemies":"Cultist","floor":5,"turns":4},{"damage":5,"enemies":"Exordium Thugs","floor":7,"turns":8},{"damage":33,"enemies":"Exordium Wildlife","floor":8,"turns":6},{"damage":40,"enemies":"Gremlin Gang","floor":10,"turns":4},{"damage":2,"enemies":"2 Fungi Beasts","floor":12,"turns":3},{"damage":45,"enemies":"Hexaghost","floor":16,"turns":12},{"damage":53,"enemies":"Shell Parasite","floor":18,"turns":16},{"damage":24,"enemies":"Chosen","floor":20,"turns":10},{"damage":27,"enemies":"Sentry and Sphere","floor":21,"turns":5}],"event_choices":[{"event_name":"The Cleric","player_choice":"Card Removal","floor":4,"damage_taken":0}],"boss_relics":[{"not_picked":["Pandora\u0027s Box","Astrolabe"],"picked":"Calling Bell"}],"potions_floor_spawned":[5,7,12,16,18,20],"seed_played":"9133344802795221148","killed_by":"Sentry and Sphere","ascension_level":4,"is_trial":false}