{"gold_per_floor":[113,143,143,143,158,187,112,112,112,125,125,154,164,177,177,280,330,346,346,50,50,63,63,77,77,130,5,20,20],"floor_reached":29,"playtime":1069,"items_purged":["Defend_R","Strike_R","Strike_R"],"score":284,"play_id":"87360002-93aa-4512-83ba-2f4173da50ed","local_time":"20190107235204","is_ascension_mode":true,"campfire_choices":[{"data":"Rage","floor":8.0,"key":"SMITH"},{"data":"Body Slam","floor":11.0,"key":"SMITH"},{"data":"Barricade","floor":15.0,"key":"SMITH"},{"floor":23,"key":"REST"},{"floor":25,"key":"REST"}],"neow_cost":"NONE","seed_source_timestamp":48203513302515,"circlet_count":0,"master_deck":["Strike_R","Strike_R","Defend_R","Defend_R","Defend_R","Bash","Pommel Strike","Bash+1","Intimidate","Rage+1","Body Slam+1","Second Wind","Barricade+1","Seeing Red+1","Limit Break","Battle Trance","Headbutt+1","Shrug It Off","Rampage","Body Slam"],"special_seed":0,"relics":["Burning Blood","NeowsBlessing","Tiny Chest","Strawberry","Blood Vial","Ginger","Tiny House","Bag of Preparation"],"potions_floor_usage":[22],"damage_taken":[{"damage":0.0,"enemies":"Cultist","floor":1.0,"turns":1.0},{"damage":0.0,"enemies":"Small Slimes","floor":5.0,"turns":1.0},{"damage":0.0,"enemies":"3 Sentries","floor":6.0,"turns":2.0},{"damage":1.0,"enemies":"2 Louse","floor":10.0,"turns":3.0},{"damage":44.0,"enemies":"Lagavulin","floor":12.0,"turns":6.0},{"damage":4.0,"enemies":"Exordium Thugs","floor":13.0,"turns":5.0},{"damage":14.0,"enemies":"Red Slaver","floor":14.0,"turns":3.0},{"damage":22.0,"enemies":"Slime Boss","floor":16.0,"turns":11.0},{"damage":61.0,"enemies":"Chosen","floor":18.0,"turns":8.0},{"damage":16,"enemies":"Spheric Guardian","floor":22,"turns":8},{"damage":37,"enemies":"Shelled Parasite and Fungi","floor":24,"turns":7},{"damage":51,"enemies":"Cultist and Chosen","floor":28,"turns":8},{"damage":14,"enemies":"Slavers","floor":29,"turns":2}],"seed_played":"4700402809483728485","potions_obtained":[{"floor":6.0,"key":"Poison Potion"},{"floor":12.0,"key":"FearPotion"},{"floor":17.0,"key":"LiquidBronze"},{"floor":18.0,"key":"Dexterity Potion"},{"floor":22,"key":"Strength Potion"},{"floor":24,"key":"Poison Potion"}],"is_trial":false,"path_per_floor":["M","?","?","?","M","E","$","R","T","M","R","E","M","M","R","B",null,"M","?","$","?","M","R","M","R","T","$","M","E"],"character_chosen":"IRONCLAD","items_purchased":["Shrug It Off","Bag of Preparation"],"campfire_rested":2,"item_purchase_floors":[20,20],"current_hp_per_floor":[80,68,61,61,67,80,80,80,80,87,87,49,53,47,47,33,92,37,37,37,37,29,56,27,54,54,54,11,0],"gold":20,"neow_bonus":"THREE_ENEMY_KILL","is_prod":false,"is_daily":false,"chose_seed":false,"campfire_upgraded":3,"win_rate":0,"timestamp":1546872724,"path_taken":["M","?","?","?","?","E","?","R","T","M","R","E","M","M","R","BOSS","M","?","$","?","M","R","?","R","T","$","?","E"],"build_version":"2019-01-03v4","purchased_purges":3,"victory":false,"max_hp_per_floor":[80,80,80,80,80,87,87,87,87,87,87,87,87,87,87,87,92,92,92,92,92,92,92,92,92,92,92,92,92],"card_choices":[{"not_picked":["Thunderclap","Intimidate"],"picked":"Pommel Strike","floor":1.0},{"not_picked":["Carnage","Spot Weakness"],"picked":"Rage","floor":5.0},{"not_picked":["Wild Strike","Havoc"],"picked":"Body Slam","floor":6.0},{"not_picked":["True Grit","Sever Soul"],"picked":"Second Wind","floor":10.0},{"not_picked":["Armaments","Body Slam"],"picked":"Barricade","floor":12.0},{"not_picked":["Anger","Warcry","Whirlwind"],"picked":"SKIP","floor":13.0},{"not_picked":["Pommel Strike","Intimidate"],"picked":"Seeing Red","floor":14.0},{"not_picked":["Dark Embrace","Bludgeon"],"picked":"Limit Break","floor":16.0},{"not_picked":["Headbutt","Whirlwind"],"picked":"Battle Trance","floor":17.0},{"not_picked":["Clothesline","Fire Breathing+1"],"picked":"Headbutt+1","floor":18.0},{"not_picked":["Havoc","Uppercut","Cleave"],"picked":"SKIP","floor":22},{"not_picked":["Perfected Strike","Iron Wave"],"picked":"Rampage","floor":24},{"not_picked":["Flex","Heavy Blade"],"picked":"Body Slam","floor":28}],"player_experience":163576,"relics_obtained":[{"floor":6.0,"key":"Strawberry"},{"floor":9.0,"key":"Blood Vial"},{"floor":12.0,"key":"Ginger"}],"event_choices":[{"damage_healed":0.0,"max_hp_gain":0.0,"max_hp_loss":0.0,"gold_gain":0.0,"event_name":"Scrap Ooze","player_choice":"Success","floor":2.0,"gold_loss":0.0,"damage_taken":12.0,"relics_obtained":["Tiny Chest"]},{"cards_removed":["Strike_R"],"damage_healed":0.0,"max_hp_gain":0.0,"max_hp_loss":0.0,"gold_gain":0.0,"event_name":"Golden Wing","player_choice":"Card Removal","floor":3.0,"gold_loss":0.0,"damage_taken":7.0},{"damage_healed":0.0,"max_hp_gain":0.0,"max_hp_loss":0.0,"gold_gain":0.0,"event_name":"Match and Keep!","player_choice":"2 cards matched","floor":4.0,"gold_loss":0.0,"damage_taken":0.0,"cards_obtained":["Bash","Intimidate"]},{"damage_healed":0.0,"max_hp_gain":0.0,"max_hp_loss":0.0,"gold_gain":0.0,"event_name":"The Mausoleum","player_choice":"Ignored","floor":19.0,"gold_loss":0.0,"damage_taken":0.0},{"damage_healed":0.0,"max_hp_gain":0.0,"max_hp_loss":0.0,"gold_gain":0.0,"event_name":"Accursed Blacksmith","player_choice":"Forge","floor":21.0,"gold_loss":0.0,"damage_taken":0.0,"cards_upgraded":["Seeing Red"]}],"is_beta":false,"boss_relics":[{"not_picked":["Pandora\u0027s Box","Philosopher\u0027s Stone"],"picked":"Tiny House"}],"items_purged_floors":[7,20,27],"is_endless":false,"potions_floor_spawned":[6,12,18,22,24],"killed_by":"Slavers","ascension_level":2}