{"gold_per_floor":[115,27,27,37,37,62,62,96,121,121,134,409,426,442,442,521,521,533,546,546,565,6,6,0,0,78,92,92,92,118,118,118,118],"floor_reached":33,"playtime":1376,"items_purged":["Defend_R"],"score":551,"play_id":"83ab4ee4-8372-4d3a-8186-9e5c7908cfa1","local_time":"20190302203229","is_ascension_mode":true,"campfire_choices":[{"data":"Body Slam","floor":7.0,"key":"SMITH"},{"data":"Metallicize","floor":10.0,"key":"SMITH"},{"data":"Armaments","floor":15.0,"key":"SMITH"},{"floor":23.0,"key":"REST"},{"data":"True Grit","floor":25.0,"key":"SMITH"},{"data":"Thinking Ahead","floor":29.0,"key":"SMITH"},{"floor":32,"key":"REST"}],"neow_cost":"NONE","seed_source_timestamp":0,"circlet_count":0,"master_deck":["AscendersBane","Strike_R","Strike_R","Strike_R","Strike_R","Defend_R","Defend_R","Defend_R","Bash","Body Slam+1","Metallicize+1","Disarm","Rage","Armaments+1","Demon Form","Shrug It Off","Shockwave","Thinking Ahead+1","True Grit+1"],"special_seed":0,"relics":["Burning Blood","NeowsBlessing","Smiling Mask","Bottled Lightning","Red Skull","Regal Pillow","Empty Cage","Du-Vu Doll","Singing Bowl","Paper Frog","MutagenicStrength","Ancient Tea Set"],"potions_floor_usage":[33,33],"damage_taken":[{"damage":0.0,"enemies":"Jaw Worm","floor":1.0,"turns":1.0},{"damage":0.0,"enemies":"Small Slimes","floor":4.0,"turns":1.0},{"damage":0.0,"enemies":"3 Sentries","floor":6.0,"turns":2.0},{"damage":32.0,"enemies":"Lagavulin","floor":8.0,"turns":8.0},{"damage":0.0,"enemies":"Cultist","floor":11.0,"turns":4.0},{"damage":6.0,"enemies":"Red Slaver","floor":13.0,"turns":5.0},{"damage":25.0,"enemies":"3 Louse","floor":14.0,"turns":4.0},{"damage":12.0,"enemies":"Hexaghost","floor":16.0,"turns":13.0},{"damage":39.0,"enemies":"Shell Parasite","floor":18.0,"turns":13.0},{"damage":10.0,"enemies":"Chosen","floor":19.0,"turns":7.0},{"damage":20.0,"enemies":"Shelled Parasite and Fungi","floor":21.0,"turns":6.0},{"damage":12.0,"enemies":"Snake Plant","floor":27.0,"turns":8.0},{"damage":21.0,"enemies":"Book of Stabbing","floor":30.0,"turns":8.0},{"damage":83,"enemies":"Automaton","floor":33,"turns":10}],"seed_played":"3721463259380849563","potions_obtained":[{"floor":4.0,"key":"SkillPotion"},{"floor":6.0,"key":"Fire Potion"},{"floor":11.0,"key":"Ancient Potion"},{"floor":19.0,"key":"EssenceOfSteel"},{"floor":27.0,"key":"Explosive Potion"},{"floor":30.0,"key":"GamblersBrew"}],"is_trial":false,"path_per_floor":["M","$","?","M","$","E","R","E","T","R","M","?","M","M","R","B",null,"M","M","T","M","$","R","?","R","T","M","?","R","E","$","R","B"],"character_chosen":"IRONCLAD","items_purchased":["Metallicize","Singing Bowl","Thinking Ahead","True Grit"],"campfire_rested":2,"item_purchase_floors":[2,22,22,22],"current_hp_per_floor":[74,74,63,69,69,75,75,49,49,49,55,55,55,36,36,30,64,31,27,27,13,13,50,50,50,50,46,46,46,33,33,71,0],"gold":118,"neow_bonus":"THREE_ENEMY_KILL","is_prod":false,"is_daily":false,"chose_seed":false,"campfire_upgraded":5,"win_rate":0,"timestamp":1551587549,"path_taken":["M","$","?","M","$","E","R","E","T","R","M","?","?","M","R","BOSS","M","M","?","M","$","R","?","R","T","M","?","R","E","?","R","BOSS"],"build_version":"2019-01-23","purchased_purges":1,"victory":false,"max_hp_per_floor":[75,75,75,75,75,75,75,75,75,75,75,75,75,75,75,75,75,75,75,75,75,75,75,75,75,75,77,77,77,79,79,79,79],"card_choices":[{"not_picked":["Clothesline","Cleave"],"picked":"Body Slam","floor":1.0},{"not_picked":["Clash","Thunderclap"],"picked":"Disarm","floor":4.0},{"not_picked":["Fiend Fire","Headbutt","Pummel"],"picked":"SKIP","floor":6.0},{"not_picked":["Clothesline","Second Wind"],"picked":"Rage","floor":8.0},{"not_picked":["Twin Strike","Infernal Blade","Hemokinesis"],"picked":"SKIP","floor":11.0},{"not_picked":["Thunderclap","Warcry","Evolve"],"picked":"SKIP","floor":13.0},{"not_picked":["Twin Strike","Warcry"],"picked":"Armaments","floor":14.0},{"not_picked":["Double Tap","Feed"],"picked":"Demon Form","floor":16.0},{"not_picked":["Dual Wield","Perfected Strike"],"picked":"Shrug It Off","floor":18.0},{"not_picked":["Twin Strike","Pummel","Iron Wave"],"picked":"SKIP","floor":19.0},{"not_picked":["Heavy Blade","Twin Strike"],"picked":"Shockwave","floor":21.0},{"not_picked":["Headbutt+1","Flex","Burning Pact"],"picked":"Singing Bowl","floor":27.0},{"not_picked":["Intimidate","Sword Boomerang","Burning Pact"],"picked":"Singing Bowl","floor":30.0}],"player_experience":585055,"relics_obtained":[{"floor":6.0,"key":"Bottled Lightning"},{"floor":8.0,"key":"Red Skull"},{"floor":9.0,"key":"Regal Pillow"},{"floor":20.0,"key":"Du-Vu Doll"},{"floor":26.0,"key":"Paper Frog"},{"floor":30.0,"key":"Ancient Tea Set"}],"event_choices":[{"damage_healed":0.0,"max_hp_gain":0.0,"max_hp_loss":0.0,"gold_gain":0.0,"event_name":"Scrap Ooze","player_choice":"Success","floor":3.0,"gold_loss":0.0,"damage_taken":11.0,"relics_obtained":["Smiling Mask"]},{"damage_healed":0.0,"max_hp_gain":0.0,"max_hp_loss":0.0,"gold_gain":275.0,"event_name":"Golden Shrine","player_choice":"Desecrate","floor":12.0,"gold_loss":0.0,"damage_taken":0.0,"cards_obtained":["Regret"]},{"damage_healed":0.0,"max_hp_gain":0.0,"max_hp_loss":0.0,"gold_gain":0.0,"event_name":"Masked Bandits","player_choice":"Paid Fearfully","floor":24.0,"gold_loss":6.0,"damage_taken":0.0},{"damage_healed":0.0,"max_hp_gain":0.0,"max_hp_loss":0.0,"gold_gain":0.0,"event_name":"Drug Dealer","player_choice":"Inject Mutagens","floor":28.0,"gold_loss":0.0,"damage_taken":0.0,"relics_obtained":["MutagenicStrength"]}],"is_beta":false,"boss_relics":[{"not_picked":["Lizard Tail","Calling Bell"],"picked":"Empty Cage"}],"items_purged_floors":[22],"is_endless":false,"potions_floor_spawned":[4,6,11,19,27,30],"killed_by":"Automaton","ascension_level":17}