{"gold_per_floor":[114,114,131,131,131,165,165,176,176,28,28,41,41,54,54,159,159,179,179,104,122,122,150,50,65,65,65,80,80,4,4,4,109,109,128,140,157,157,174,174],"floor_reached":40,"playtime":1762,"items_purged":["Strike_G","Strike_G+1"],"score":456,"play_id":"36d70200-e732-4bd7-a115-c3b0e1b87ea6","local_time":"20181024143141","is_ascension_mode":false,"campfire_choices":[{"data":"Infinite Blades","floor":7,"key":"SMITH"},{"data":"Cloak And Dagger","floor":11,"key":"SMITH"},{"data":"Cloak And Dagger","floor":13,"key":"SMITH"},{"data":"Accuracy","floor":15,"key":"SMITH"},{"data":"RitualDagger","floor":29,"key":"SMITH"},{"data":"Madness","floor":32,"key":"SMITH"}],"neow_cost":"NONE","seed_source_timestamp":764717711509922,"circlet_count":0,"master_deck":["Defend_G+1","Defend_G+1","Defend_G+1","Defend_G+1","Defend_G+1","Survivor","Neutralize+1","Cloak And Dagger+1","Infinite Blades+1","Cloak And Dagger+1","Accuracy+1","Die Die Die","Slice","Blade Dance","RitualDagger+1","Quick Slash+1","Prepared","Bite","Bite","Bite","Bite","Bite","Madness+1","A Thousand Cuts","Prepared","Blade Dance","Dodge and Roll","Dark Shackles","Panache","Apotheosis","Escape Plan"],"relics":["Ring of the Snake","NeowsBlessing","NlothsMask","Orichalcum","Cursed Key","Ninja Scroll","The Courier","Letter Opener","Empty Cage"],"potions_floor_usage":[14,23,33,36,40],"damage_taken":[{"damage":0,"enemies":"Small Slimes","floor":1,"turns":1},{"damage":0,"enemies":"Cultist","floor":3,"turns":1},{"damage":0,"enemies":"3 Sentries","floor":6,"turns":1},{"damage":0,"enemies":"Jaw Worm","floor":8,"turns":4},{"damage":1,"enemies":"2 Fungi Beasts","floor":12,"turns":4},{"damage":0,"enemies":"Lots of Slimes","floor":14,"turns":1},{"damage":16,"enemies":"Slime Boss","floor":16,"turns":8},{"damage":0,"enemies":"3 Byrds","floor":18,"turns":5},{"damage":0,"enemies":"Spheric Guardian","floor":21,"turns":3},{"damage":7,"enemies":"Book of Stabbing","floor":23,"turns":5},{"damage":0,"enemies":"Cultist and Chosen","floor":25,"turns":4},{"damage":10,"enemies":"Shelled Parasite and Fungi","floor":28,"turns":7},{"damage":53,"enemies":"Automaton","floor":33,"turns":11},{"damage":16,"enemies":"3 Darklings","floor":35,"turns":4},{"damage":19,"enemies":"Orb Walker","floor":36,"turns":4},{"damage":15,"enemies":"3 Darklings","floor":37,"turns":6},{"damage":9,"enemies":"Sphere and 2 Shapes","floor":39,"turns":6},{"damage":19,"enemies":"Reptomancer","floor":40,"turns":2}],"seed_played":"-425277614752633206","potions_obtained":[{"floor":6,"key":"Energy Potion"},{"floor":8,"key":"Explosive Potion"},{"floor":12,"key":"Weak Potion"},{"floor":14,"key":"Energy Potion"},{"floor":21,"key":"Explosive Potion"},{"floor":25,"key":"Ancient Potion"},{"floor":33,"key":"Fire Potion"},{"floor":36,"key":"Poison Potion"}],"is_trial":false,"path_per_floor":["M","?","M","?","?","E","R","M","T","$","R","M","R","M","R","B",null,"M","?","?","M","?","E","$","M","T","?","M","R","$","?","R","B",null,"M","M","M","?","M"],"character_chosen":"THE_SILENT","items_purchased":["GhostInAJar","Madness"],"campfire_rested":0,"item_purchase_floors":[10,30],"current_hp_per_floor":[70,70,70,75,75,75,75,75,75,75,75,74,74,74,74,58,75,75,75,75,75,69,62,62,62,62,52,46,46,46,46,46,15,52,40,27,22,12,11,0],"gold":174,"neow_bonus":"THREE_ENEMY_KILL","is_prod":false,"is_daily":false,"chose_seed":false,"campfire_upgraded":6,"win_rate":0,"timestamp":1540405901,"path_taken":["M","?","?","?","?","E","R","M","T","?","R","M","R","M","R","BOSS","M","?","?","M","?","E","$","M","T","?","M","R","$","?","R","BOSS","M","M","M","?","M","E"],"build_version":"2018-10-18","purchased_purges":2,"victory":false,"max_hp_per_floor":[70,70,70,75,75,75,75,75,75,75,75,75,75,75,75,75,75,75,75,75,75,75,75,75,75,75,52,52,52,52,52,52,52,52,52,52,52,52,52,52],"card_choices":[{"not_picked":["Quick Slash","Setup"],"picked":"Cloak And Dagger","floor":1},{"not_picked":["Underhanded Strike","Backflip"],"picked":"Infinite Blades","floor":3},{"not_picked":["Blur","Outmaneuver","Predator"],"picked":"SKIP","floor":6},{"not_picked":["Deflect","Acrobatics","Flying Knee"],"picked":"SKIP","floor":8},{"not_picked":["Prepared","Bane"],"picked":"Cloak And Dagger","floor":12},{"not_picked":["Terror","Night Terror"],"picked":"Accuracy","floor":14},{"not_picked":["Burst","Glass Knife"],"picked":"Die Die Die","floor":16},{"not_picked":["Acrobatics","Outmaneuver"],"picked":"Slice","floor":18},{"not_picked":["Escape Plan+1","Footwork+1"],"picked":"Blade Dance","floor":21},{"not_picked":["Poisoned Stab","Bane"],"picked":"Quick Slash+1","floor":23},{"not_picked":["Distraction","Catalyst"],"picked":"Prepared","floor":25},{"not_picked":["Acrobatics+1","Dagger Spray","Setup"],"picked":"SKIP","floor":28},{"not_picked":["Unload","Die Die Die"],"picked":"A Thousand Cuts","floor":33},{"not_picked":["Outmaneuver","Underhanded Strike"],"picked":"Prepared","floor":35},{"not_picked":["Poisoned Stab","Slice+1"],"picked":"Blade Dance","floor":36},{"not_picked":["Poisoned Stab+1","Backflip"],"picked":"Dodge and Roll","floor":37},{"not_picked":["Enlightenment","Jack Of All Trades"],"picked":"Dark Shackles","floor":38},{"not_picked":["Dramatic Entrance","Violence"],"picked":"Panache","floor":38},{"not_picked":["Swift Strike","Dramatic Entrance"],"picked":"Apotheosis","floor":38},{"not_picked":["Deflect+1","Flechettes+1"],"picked":"Escape Plan","floor":39}],"player_experience":229440,"relics_obtained":[{"floor":6,"key":"Orichalcum"},{"floor":23,"key":"Ninja Scroll"},{"floor":26,"key":"The Courier"}],"event_choices":[{"damage_healed":0,"gold_gain":0,"player_choice":"Grow","damage_taken":0,"max_hp_gain":0,"max_hp_loss":0,"event_name":"Living Wall","floor":2,"gold_loss":0,"cards_upgraded":["Neutralize"]},{"damage_healed":0,"gold_gain":0,"player_choice":"Donut","damage_taken":0,"max_hp_gain":5,"max_hp_loss":0,"event_name":"Big Fish","floor":4,"gold_loss":0},{"damage_healed":0,"gold_gain":0,"player_choice":"Trade","damage_taken":0,"relics_obtained":["NlothsMask"],"max_hp_gain":0,"max_hp_loss":0,"event_name":"FaceTrader","floor":5,"gold_loss":0},{"damage_healed":0,"gold_gain":0,"player_choice":"Simplicity","damage_taken":0,"max_hp_gain":0,"max_hp_loss":0,"event_name":"Back to Basics","floor":19,"gold_loss":0,"cards_upgraded":["Defend_G","Defend_G","Defend_G","Defend_G","Defend_G","Strike_G","Strike_G","Strike_G","Strike_G"]},{"cards_removed":["Strike_G"],"damage_healed":0,"gold_gain":0,"player_choice":"Gave Gold","damage_taken":0,"max_hp_gain":0,"max_hp_loss":0,"event_name":"Beggar","floor":20,"gold_loss":75},{"damage_healed":0,"gold_gain":0,"player_choice":"Joined the Cult","damage_taken":6,"max_hp_gain":0,"max_hp_loss":0,"event_name":"Nest","floor":22,"gold_loss":0,"cards_obtained":["RitualDagger"]},{"damage_healed":0,"gold_gain":0,"player_choice":"Became a vampire","damage_taken":0,"max_hp_gain":0,"max_hp_loss":23,"event_name":"Vampires","floor":27,"gold_loss":0,"cards_obtained":["Bite","Bite","Bite","Bite","Bite"]},{"damage_healed":0,"gold_gain":0,"player_choice":"Stole Relic","damage_taken":0,"relics_obtained":["Letter Opener"],"max_hp_gain":0,"max_hp_loss":0,"event_name":"Addict","floor":31,"gold_loss":0,"cards_obtained":["Shame"]},{"damage_healed":0,"gold_gain":0,"player_choice":"Memory 3","damage_taken":10,"max_hp_gain":0,"max_hp_loss":0,"event_name":"SensoryStone","floor":38,"gold_loss":0}],"is_beta":false,"boss_relics":[{"not_picked":["Snecko Eye","Fusion Hammer"],"picked":"Cursed Key"},{"not_picked":["Coffee Dripper","Orrery"],"picked":"Empty Cage"}],"items_purged_floors":[10,24],"is_endless":false,"potions_floor_spawned":[6,8,12,14,21,25,28,33,36],"killed_by":"Reptomancer","ascension_level":0}