{"gold_per_floor":[119,44,44,67,90,90,113,138,138,138,161,184,84,124,124,124],"floor_reached":16,"playtime":1469,"items_purged":["Defend_B","Defend_B"],"score":135,"play_id":"a927059a-d261-4a1c-a693-6324936bf1bc","local_time":"20181014133832","is_ascension_mode":true,"campfire_choices":[{"data":"Genetic Algorithm","floor":6.0,"key":"SMITH"},{"data":"Redo","floor":10.0,"key":"SMITH"},{"data":"Core Surge","floor":15,"key":"SMITH"}],"neow_cost":"TEN_PERCENT_HP_LOSS","seed_source_timestamp":0,"circlet_count":0,"master_deck":["Strike_B","Strike_B","Strike_B","Defend_B","Zap","Dualcast","Cold Snap","Genetic Algorithm+1","Redo+1","Conserve Battery","Core Surge+1","BootSequence"],"special_seed":0,"relics":["Cracked Core","Golden Idol","Frozen Egg 2","Bottled Flame"],"potions_floor_usage":[],"damage_taken":[{"damage":6.0,"enemies":"Small Slimes","floor":1.0,"turns":3.0},{"damage":3.0,"enemies":"2 Louse","floor":4.0,"turns":3.0},{"damage":0.0,"enemies":"Cultist","floor":5.0,"turns":3.0},{"damage":1.0,"enemies":"3 Louse","floor":7.0,"turns":2.0},{"damage":3.0,"enemies":"Large Slime","floor":8.0,"turns":7.0},{"damage":5.0,"enemies":"Looter","floor":11.0,"turns":3.0},{"damage":7.0,"enemies":"Blue Slaver","floor":12.0,"turns":3.0},{"damage":0.0,"enemies":"3 Sentries","floor":14.0,"turns":5.0},{"damage":32,"enemies":"Slime Boss","floor":16,"turns":11}],"seed_played":"-7963383724633894144","potions_obtained":[{"floor":4.0,"key":"Block Potion"},{"floor":7.0,"key":"Explosive Potion"},{"floor":11.0,"key":"Strength Potion"}],"is_trial":false,"path_per_floor":["M","$","?","M","M","R","M","M","T","R","M","M","$","E","R"],"character_chosen":"DEFECT","items_purchased":[],"campfire_rested":0,"item_purchase_floors":[],"current_hp_per_floor":[62,62,45,42,42,42,41,38,38,38,33,26,26,26,26,0],"gold":124,"neow_bonus":"REMOVE_TWO","is_prod":false,"is_daily":false,"chose_seed":false,"campfire_upgraded":3,"win_rate":0,"timestamp":1539538712,"path_taken":["M","$","?","M","?","R","M","M","T","R","M","M","$","E","R","BOSS"],"build_version":"2018-10-11","purchased_purges":2,"victory":false,"max_hp_per_floor":[68,68,68,68,68,68,68,68,68,68,68,68,68,68,68,68],"card_choices":[{"not_picked":["Turbo","Sweeping Beam"],"picked":"Cold Snap","floor":1.0},{"not_picked":["Beam Cell","Streamline"],"picked":"Genetic Algorithm","floor":4.0},{"not_picked":["Streamline","Double Energy","Stack"],"picked":"SKIP","floor":5.0},{"not_picked":["Beam Cell","Sweeping Beam"],"picked":"Redo","floor":7.0},{"not_picked":["Storm","Gash"],"picked":"Conserve Battery","floor":8.0},{"not_picked":["Rip and Tear","Hologram"],"picked":"Core Surge","floor":11.0},{"not_picked":["Hologram","Streamline"],"picked":"BootSequence","floor":12.0},{"not_picked":["Barrage","Amplify","Streamline"],"picked":"SKIP","floor":14.0}],"player_experience":155464,"relics_obtained":[{"floor":9.0,"key":"Frozen Egg 2"},{"floor":14.0,"key":"Bottled Flame"}],"event_choices":[{"event_name":"Golden Idol","player_choice":"Take Damage","floor":3.0,"damage_taken":0.0}],"is_beta":false,"boss_relics":[],"items_purged_floors":[2,13],"is_endless":false,"potions_floor_spawned":[4,7,11],"killed_by":"Slime Boss","ascension_level":1}