{"path_per_floor":["M","M","M","?","$","R","E","R","T","R","M","T","?","E","R","B",null,"M","?","?","M","$","R","M","R","T","M","M","?","R","M","R","B",null,"M","M","$","?","?"],"character_chosen":"THE_SILENT","items_purchased":["Dagger Spray","Singing Bowl","Tiny Chest","Noxious Fumes","Malaise"],"gold_per_floor":[114,126,137,137,15,15,47,47,95,95,107,180,180,214,214,316,316,334,334,334,353,37,37,50,50,50,60,72,72,72,85,85,181,211,227,237,121,121,170,170],"floor_reached":40,"campfire_rested":3,"playtime":2206,"current_hp_per_floor":[70,68,68,68,68,68,43,43,43,43,43,43,29,21,57,22,70,33,33,33,19,19,55,40,40,40,16,15,39,74,56,56,25,85,86,54,54,54,5,0],"items_purged":["Regret","Writhe","Defend_G"],"gold":170,"score":458,"play_id":"340ef3cb-d1f7-452e-8bc4-3bf87ac180a2","local_time":"20180424201320","is_prod":false,"is_daily":false,"chose_seed":false,"is_ascension_mode":true,"campfire_upgraded":5,"timestamp":1524626000,"path_taken":["M","M","?","?","?","R","E","R","T","R","?","?","?","E","R","BOSS","M","?","?","M","$","R","M","R","T","?","M","?","R","M","R","BOSS","M","M","$","?","?","E"],"build_version":"2018-04-19","seed_source_timestamp":0,"purchased_purges":3,"victory":false,"master_deck":["Defend_G+1","Defend_G+1","Defend_G+1","Defend_G+1","Strike_G+1","Strike_G+1","Strike_G+1","Strike_G+1","Survivor","Neutralize+1","Cloak And Dagger+1","Escape Plan","Dagger Spray+1","Accuracy+1","Tools of the Trade","Skewer+1","Wraith Form v2+1","Noxious Fumes+1","PiercingWail","Malaise","Blade Dance"],"max_hp_per_floor":[70,70,70,70,70,70,70,70,70,70,70,70,70,70,70,70,70,70,70,70,70,70,70,72,72,72,74,74,74,74,76,76,78,85,87,89,89,89,89,89],"relics":["Lizard Tail","Vajra","Regal Pillow","Oddly Smooth Stone","The Courier","Omamori","Calling Bell","Bronze Scales","Smiling Mask","Ice Cream","Singing Bowl","Tiny Chest","Letter Opener","Tiny House","Peace Pipe"],"card_choices":[{"not_picked":["Acrobatics","Deflect"],"picked":"Cloak And Dagger","floor":1.0},{"not_picked":["Concentrate","Setup"],"picked":"Escape Plan","floor":2.0},{"not_picked":["All Out Attack","Bouncing Flask"],"picked":"Accuracy","floor":14},{"not_picked":["Corpse Explosion","Grand Finale"],"picked":"Tools of the Trade","floor":16},{"not_picked":["Poisoned Stab","Slice"],"picked":"Skewer","floor":18},{"not_picked":["Prepared","Slice"],"picked":"Backflip","floor":21},{"not_picked":["Flechettes","Choke"],"picked":"PiercingWail","floor":28},{"not_picked":["Eviscerate","PiercingWail"],"picked":"Blade Dance","floor":39}],"player_experience":131488,"potions_floor_usage":[18,21,28,28,33,39,40,40,40],"damage_taken":[{"damage":0.0,"enemies":"Cultist","floor":1.0,"turns":5.0},{"damage":2.0,"enemies":"Jaw Worm","floor":2.0,"turns":5.0},{"damage":0.0,"enemies":"Small Slimes","floor":3.0,"turns":3.0},{"damage":25.0,"enemies":"Gremlin Nob","floor":7.0,"turns":5.0},{"damage":0,"enemies":"3 Louse","floor":11,"turns":1},{"damage":8,"enemies":"Lagavulin","floor":14,"turns":7},{"damage":35,"enemies":"Slime Boss","floor":16,"turns":12},{"damage":37,"enemies":"Chosen","floor":18,"turns":6},{"damage":14,"enemies":"2 Thieves","floor":21,"turns":3},{"damage":17,"enemies":"Centurion and Healer","floor":24,"turns":8},{"damage":26,"enemies":"Sentry and Sphere","floor":27,"turns":8},{"damage":1,"enemies":"Snake Plant","floor":28,"turns":4},{"damage":20,"enemies":"Centurion and Healer","floor":31,"turns":7},{"damage":75,"enemies":"Collector","floor":33,"turns":11},{"damage":1,"enemies":"Orb Walker","floor":35,"turns":5},{"damage":34,"enemies":"3 Darklings","floor":36,"turns":4},{"damage":49,"enemies":"Mysterious Sphere","floor":39,"turns":8},{"damage":33,"enemies":"Giant Head","floor":40,"turns":9}],"event_choices":[{"event_name":"Big Fish","player_choice":"Box","floor":4.0,"damage_taken":0.0},{"event_name":"Shining Light","player_choice":"Entered Light","floor":13,"damage_taken":0},{"event_name":"Back to Basics","player_choice":"Simplicity","floor":19,"damage_taken":0},{"event_name":"Transmorgrifier","player_choice":"Transform","floor":20,"damage_taken":0},{"event_name":"The Library","player_choice":"Heal","floor":29,"damage_taken":0},{"event_name":"Mysterious Sphere","player_choice":"Fight","floor":39,"damage_taken":0}],"boss_relics":[{"not_picked":["Ectoplasm","Pandora\u0027s Box"],"picked":"Calling Bell"},{"not_picked":["Runic Dome","Astrolabe"],"picked":"Tiny House"}],"potions_floor_spawned":[7,14,16,18,21,33,36,39],"seed_played":"-1640676533031766347","killed_by":"Giant Head","ascension_level":2,"is_trial":false}