{"gold_per_floor":[113,113,15,15,90,125,125,153,153,4,30,30,56,73,73,148,148,163,163,183,198,23,23,54,54,54,80,98,98,114,127,127,202,202,219,239,251,269,269,269,300,300,323,339,354,354,354,70,70,70],"floor_reached":50,"playtime":2855,"items_purged":["Strike_B","Strike_B","Strike_B"],"score":1011,"play_id":"4b01502a-255d-4d92-8c06-c57807a3c3ae","local_time":"20190201202254","is_ascension_mode":true,"campfire_choices":[{"data":"Zap","floor":7,"key":"SMITH"},{"data":"Hologram","floor":15,"key":"SMITH"},{"data":"Chill","floor":23,"key":"SMITH"},{"floor":25,"key":"REST"},{"data":"Buffer","floor":29,"key":"SMITH"},{"floor":32,"key":"REST"},{"floor":40,"key":"RECALL"},{"floor":42,"key":"REST"},{"data":"Hologram","floor":46,"key":"SMITH"},{"floor":49,"key":"REST"}],"neow_cost":"NONE","seed_source_timestamp":1279244351128592,"circlet_count":0,"master_deck":["AscendersBane","Defend_B+1","Defend_B+1","Zap+1","Dualcast","Ball Lightning","FTL","White Noise","Leap","Ball Lightning","Hologram+1","Core Surge","Consume","Doom and Gloom+1","Chill+1","Recycle","Buffer+1","FTL","Glacier+1","Glacier+1","Biased Cognition","Beam Cell+1","Lockon+1","Reinforced Body+1","Hologram+1","Redo+1","Reboot","Leap+1","Undo","Blizzard","Creative AI","Master of Strategy"],"relics":["Cracked Core","NeowsBlessing","Potion Belt","Bottled Lightning","War Paint","Mercury Hourglass","Letter Opener","Ornamental Fan","Nuclear Battery","Anchor","Orichalcum","Peace Pipe","Sundial","Astrolabe","Du-Vu Doll"],"potions_floor_usage":[11,16,16,30,33,33,41,50,50,50],"damage_taken":[{"damage":0,"enemies":"Cultist","floor":1,"turns":1},{"damage":0,"enemies":"Gremlin Nob","floor":6,"turns":1},{"damage":0,"enemies":"3 Sentries","floor":8,"turns":1},{"damage":13,"enemies":"Lagavulin","floor":11,"turns":4},{"damage":10,"enemies":"3 Sentries","floor":13,"turns":3},{"damage":0,"enemies":"Small Slimes","floor":14,"turns":2},{"damage":25,"enemies":"Slime Boss","floor":16,"turns":6},{"damage":15,"enemies":"Shell Parasite","floor":18,"turns":4},{"damage":0,"enemies":"Spheric Guardian","floor":20,"turns":3},{"damage":10,"enemies":"Snake Plant","floor":21,"turns":3},{"damage":20,"enemies":"Slavers","floor":24,"turns":4},{"damage":0,"enemies":"Gremlin Leader","floor":27,"turns":6},{"damage":6,"enemies":"3 Cultists","floor":28,"turns":4},{"damage":5,"enemies":"Shelled Parasite and Fungi","floor":30,"turns":6},{"damage":0,"enemies":"Chosen and Byrds","floor":31,"turns":4},{"damage":44,"enemies":"Automaton","floor":33,"turns":13},{"damage":4,"enemies":"3 Darklings","floor":35,"turns":5},{"damage":0,"enemies":"Orb Walker","floor":36,"turns":4},{"damage":12,"enemies":"Writhing Mass","floor":37,"turns":5},{"damage":0,"enemies":"Transient","floor":38,"turns":5},{"damage":15,"enemies":"Giant Head","floor":41,"turns":11},{"damage":0,"enemies":"Maw","floor":44,"turns":7},{"damage":0,"enemies":"Jaw Worm Horde","floor":45,"turns":6},{"damage":72,"enemies":"Awakened One","floor":50,"turns":26}],"seed_played":"-4410775417922513873","potions_obtained":[{"floor":1,"key":"FocusPotion"},{"floor":6,"key":"Strength Potion"},{"floor":13,"key":"FearPotion"},{"floor":21,"key":"GamblersBrew"},{"floor":24,"key":"FearPotion"},{"floor":31,"key":"SteroidPotion"},{"floor":36,"key":"SteroidPotion"},{"floor":37,"key":"Poison Potion"},{"floor":41,"key":"SpeedPotion"}],"is_trial":false,"path_per_floor":["M","?","$","?","?","E","R","E","T","$","E","?","E","M","R","B",null,"M","?","M","M","$","R","E","R","T","E","M","R","M","M","R","B",null,"M","M","M","M","?","R","E","R","T","M","M","R","?","$","R","B"],"character_chosen":"DEFECT","items_purchased":["Ball Lightning","Leap","Fire Potion","Strength Potion","PowerPotion","Master of Strategy"],"campfire_rested":4,"item_purchase_floors":[3,10,22,48,48,48],"current_hp_per_floor":[68,68,68,65,54,54,54,54,54,54,41,41,31,31,31,6,58,43,43,43,33,33,33,13,35,35,35,29,29,24,24,46,2,57,53,53,41,41,41,41,26,48,48,48,48,48,48,48,70,0],"gold":70,"neow_bonus":"THREE_ENEMY_KILL","is_prod":false,"is_daily":false,"chose_seed":false,"campfire_upgraded":5,"win_rate":0,"timestamp":1549070574,"path_taken":["M","?","$","?","?","E","R","E","T","?","E","?","E","M","R","BOSS","M","?","M","M","?","R","E","R","T","E","M","R","?","M","R","BOSS","M","M","M","M","?","R","E","R","T","M","?","R","?","$","R","BOSS"],"build_version":"2019-01-23","purchased_purges":3,"victory":false,"max_hp_per_floor":[75,75,75,75,75,75,75,75,75,75,75,75,75,75,75,75,75,75,75,75,75,75,75,75,75,75,75,75,75,75,75,75,75,75,75,75,75,75,75,75,75,75,75,75,75,75,75,75,75,75],"card_choices":[{"not_picked":["Lockon","Gash"],"picked":"Compile Driver","floor":1},{"not_picked":["Rip and Tear","Skim"],"picked":"FTL","floor":6},{"not_picked":["Melter","Leap"],"picked":"White Noise","floor":8},{"not_picked":["Turbo","Static Discharge"],"picked":"Ball Lightning","floor":11},{"not_picked":["Meteor Strike","Barrage","Scrape"],"picked":"SKIP","floor":13},{"not_picked":["Gash","Sweeping Beam"],"picked":"Hologram","floor":14},{"not_picked":["Fission","Meteor Strike"],"picked":"Core Surge","floor":16},{"not_picked":["Steam","Glacier"],"picked":"Consume","floor":18},{"not_picked":["Compile Driver","Cold Snap"],"picked":"Doom and Gloom+1","floor":20},{"not_picked":["Doom and Gloom","Turbo+1"],"picked":"Chill","floor":21},{"not_picked":["Stack","Aggregate"],"picked":"Recycle","floor":24},{"not_picked":["Lockon","Leap"],"picked":"Buffer","floor":27},{"not_picked":["Sweeping Beam","Beam Cell+1"],"picked":"FTL","floor":28},{"not_picked":["Cold Snap","Hologram"],"picked":"Glacier+1","floor":30},{"not_picked":["Conserve Battery","BootSequence"],"picked":"Glacier+1","floor":31},{"not_picked":["Hyperbeam","Rainbow"],"picked":"Biased Cognition","floor":33},{"not_picked":["Gash","Beam Cell"],"picked":"Hologram","floor":35},{"not_picked":["Leap","Melter"],"picked":"Redo+1","floor":36},{"not_picked":["Conserve Battery","Storm+1"],"picked":"Reboot","floor":37},{"not_picked":["Hologram","Chaos"],"picked":"Leap+1","floor":38},{"not_picked":["Beam Cell","Turbo+1"],"picked":"Blizzard","floor":41},{"not_picked":["Genetic Algorithm","Barrage","Redo"],"picked":"SKIP","floor":44},{"not_picked":["Glacier","Rebound"],"picked":"Creative AI","floor":45}],"player_experience":630525,"relics_obtained":[{"floor":6,"key":"Bottled Lightning"},{"floor":8,"key":"War Paint"},{"floor":9,"key":"Mercury Hourglass"},{"floor":11,"key":"Letter Opener"},{"floor":13,"key":"Ornamental Fan"},{"floor":24,"key":"Orichalcum"},{"floor":26,"key":"Peace Pipe"},{"floor":27,"key":"Sundial"},{"floor":41,"key":"Du-Vu Doll"}],"event_choices":[{"cards_removed":["Strike_B"],"damage_healed":0,"gold_gain":0,"player_choice":"Forget","damage_taken":0,"max_hp_gain":0,"max_hp_loss":0,"event_name":"Living Wall","floor":2,"gold_loss":0},{"damage_healed":0,"gold_gain":0,"player_choice":"Success","damage_taken":3,"relics_obtained":["Potion Belt"],"max_hp_gain":0,"max_hp_loss":0,"event_name":"Scrap Ooze","floor":4,"gold_loss":0},{"damage_healed":0,"gold_gain":75,"player_choice":"Gather Gold","damage_taken":11,"max_hp_gain":0,"max_hp_loss":0,"event_name":"World of Goop","floor":5,"gold_loss":0},{"damage_healed":0,"gold_gain":0,"player_choice":"Searched \u00271\u0027 times","damage_taken":0,"max_hp_gain":0,"max_hp_loss":0,"event_name":"Dead Adventurer","floor":12,"gold_loss":0},{"damage_healed":0,"gold_gain":0,"player_choice":"Opened","damage_taken":0,"relics_obtained":["Anchor"],"max_hp_gain":0,"max_hp_loss":0,"event_name":"The Mausoleum","floor":19,"gold_loss":0},{"damage_healed":0,"gold_gain":0,"player_choice":"1 cards matched","damage_taken":0,"max_hp_gain":0,"max_hp_loss":0,"event_name":"Match and Keep!","floor":39,"gold_loss":0,"cards_obtained":["Undo"]},{"damage_healed":0,"gold_gain":0,"player_choice":"Ignored","damage_taken":0,"max_hp_gain":0,"max_hp_loss":0,"event_name":"Tomb of Lord Red Mask","floor":47,"gold_loss":0}],"is_beta":false,"boss_relics":[{"not_picked":["Snecko Eye","Velvet Choker"],"picked":"Nuclear Battery"},{"not_picked":["Orrery","Lizard Tail"],"picked":"Astrolabe"}],"items_purged_floors":[3,10,22],"is_endless":false,"potions_floor_spawned":[1,6,13,21,24,31,36,37,41],"killed_by":"Awakened One","ascension_level":13}