{"gold_per_floor":[109,125,141,161,175,175,187,202,202,222,222,222,222,240,240,240],"floor_reached":16,"playtime":732,"items_purged":[],"score":123,"play_id":"19cbceac-1946-4121-b8e7-1a04ee192d0a","local_time":"20190205201952","is_ascension_mode":true,"campfire_choices":[{"data":"Armaments","floor":6,"key":"SMITH"},{"floor":15,"key":"REST"}],"neow_cost":"TEN_PERCENT_HP_LOSS","seed_source_timestamp":2237849071796689,"circlet_count":0,"master_deck":["Strike_R+1","Strike_R","Defend_R","Defend_R+1","Defend_R","Defend_R","Bash","Armaments+1","Body Slam","Pommel Strike","True Grit","Injury"],"relics":["Burning Blood","Bottled Flame","Golden Idol"],"potions_floor_usage":[7,10],"damage_taken":[{"damage":15,"enemies":"Cultist","floor":1,"turns":5},{"damage":10,"enemies":"Small Slimes","floor":2,"turns":3},{"damage":0,"enemies":"Jaw Worm","floor":3,"turns":3},{"damage":63,"enemies":"Gremlin Gang","floor":4,"turns":8},{"damage":2,"enemies":"Looter","floor":5,"turns":4},{"damage":7,"enemies":"2 Fungi Beasts","floor":7,"turns":4},{"damage":5,"enemies":"3 Louse","floor":8,"turns":4},{"damage":15,"enemies":"Lots of Slimes","floor":10,"turns":7},{"damage":0,"enemies":"2 Fungi Beasts","floor":14,"turns":3},{"damage":50,"enemies":"The Guardian","floor":16,"turns":12}],"seed_played":"-5412311077396000814","potions_obtained":[{"floor":3,"key":"Strength Potion"},{"floor":5,"key":"Regen Potion"},{"floor":8,"key":"BloodPotion"}],"is_trial":false,"path_per_floor":["M","M","M","M","M","R","M","M","T","M","?","?","?","M","R","B"],"character_chosen":"IRONCLAD","items_purchased":[],"campfire_rested":1,"item_purchase_floors":[],"current_hp_per_floor":[63,59,65,8,12,12,23,24,24,22,8,1,1,7,28,0],"gold":240,"neow_bonus":"REMOVE_TWO","is_prod":false,"is_daily":false,"chose_seed":false,"campfire_upgraded":1,"win_rate":0,"timestamp":1549426792,"path_taken":["M","M","M","?","M","R","M","M","T","M","?","?","?","M","R","BOSS"],"build_version":"2019-01-23","purchased_purges":0,"victory":false,"max_hp_per_floor":[72,72,72,72,72,72,72,72,72,72,72,72,72,72,72,72],"card_choices":[{"not_picked":["Anger","Twin Strike"],"picked":"Armaments","floor":1},{"not_picked":["Flame Barrier","Intimidate"],"picked":"Body Slam","floor":2},{"not_picked":["Clothesline","Perfected Strike","Anger"],"picked":"SKIP","floor":3},{"not_picked":["Hemokinesis","Clash","Fire Breathing"],"picked":"SKIP","floor":4},{"not_picked":["Disarm","Clash"],"picked":"Pommel Strike","floor":5},{"not_picked":["Thunderclap","Iron Wave"],"picked":"True Grit","floor":7},{"not_picked":["Exhume","Sword Boomerang","Sever Soul"],"picked":"SKIP","floor":8},{"not_picked":["Entrench","Iron Wave","Twin Strike"],"picked":"SKIP","floor":10},{"not_picked":["Hemokinesis","Clash","Disarm"],"picked":"SKIP","floor":14}],"player_experience":269087,"relics_obtained":[{"floor":9,"key":"Bottled Flame"}],"event_choices":[{"damage_healed":0,"gold_gain":0,"player_choice":"Entered Light","damage_taken":14,"max_hp_gain":0,"max_hp_loss":0,"event_name":"Shining Light","floor":11,"gold_loss":0,"cards_upgraded":["Strike_R","Defend_R"]},{"cards_removed":["Strike_R"],"damage_healed":0,"gold_gain":0,"player_choice":"Card Removal","damage_taken":7,"max_hp_gain":0,"max_hp_loss":0,"event_name":"Golden Wing","floor":12,"gold_loss":0},{"damage_healed":0,"gold_gain":0,"player_choice":"Take Wound","damage_taken":0,"relics_obtained":["Golden Idol"],"max_hp_gain":0,"max_hp_loss":0,"event_name":"Golden Idol","floor":13,"gold_loss":0,"cards_obtained":["Injury"]}],"is_beta":false,"boss_relics":[],"items_purged_floors":[],"is_endless":false,"potions_floor_spawned":[3,5,8],"killed_by":"The Guardian","ascension_level":5}