{"gold_per_floor":[112,82,99,99,110,110,138,156,230,155,165,165,178,178,178,282,282,296,296,296,312,22,22,36,36,36,36,36,36,50,50],"floor_reached":31,"playtime":922,"items_purged":["Strike_B"],"score":332,"play_id":"8825c8ec-551c-4907-afff-f373f6426110","local_time":"20190107174017","is_ascension_mode":true,"campfire_choices":[{"data":"Go for the Eyes","floor":6,"key":"SMITH"},{"data":"Dualcast","floor":12,"key":"SMITH"},{"data":"Zap","floor":15,"key":"SMITH"},{"floor":23,"key":"REST"},{"floor":25,"key":"REST"},{"data":"Echo Form","floor":27,"key":"SMITH"},{"data":"Scrape","floor":29,"key":"SMITH"}],"neow_cost":"NONE","seed_source_timestamp":1523457895386162,"circlet_count":0,"master_deck":["Strike_B","Strike_B","Strike_B","Defend_B","Defend_B","Defend_B","Defend_B","Zap+1","Dualcast+1","Go for the Eyes+1","Storm","Go for the Eyes","Scrape+1","Go for the Eyes","Go for the Eyes","Echo Form+1","Gash+1","Streamline","Gash","Leap+1","Capacitor"],"relics":["Cracked Core","NeowsBlessing","NlothsMask","Mango","Nuclear Battery","Symbiotic Virus","WingedGreaves","DataDisk"],"potions_floor_usage":[3,16,16,24,31,31,31],"damage_taken":[{"damage":0,"enemies":"Jaw Worm","floor":1,"turns":1},{"damage":0,"enemies":"Cultist","floor":3,"turns":1},{"damage":0,"enemies":"Small Slimes","floor":5,"turns":1},{"damage":30,"enemies":"Lagavulin","floor":7,"turns":8},{"damage":6,"enemies":"Red Slaver","floor":8,"turns":3},{"damage":6,"enemies":"Looter","floor":11,"turns":3},{"damage":6,"enemies":"Exordium Thugs","floor":13,"turns":3},{"damage":28,"enemies":"Slime Boss","floor":16,"turns":7},{"damage":20,"enemies":"Spheric Guardian","floor":18,"turns":4},{"damage":37,"enemies":"Colosseum Slavers","floor":20,"turns":6},{"damage":28,"enemies":"2 Thieves","floor":21,"turns":5},{"damage":34,"enemies":"Centurion and Healer","floor":24,"turns":7},{"damage":49,"enemies":"3 Cultists","floor":30,"turns":6},{"damage":11,"enemies":"Shelled Parasite and Fungi","floor":31,"turns":3}],"seed_played":"-5493575004005967358","potions_obtained":[{"floor":1,"key":"Ancient Potion"},{"floor":2,"key":"SmokeBomb"},{"floor":2,"key":"Explosive Potion"},{"floor":3,"key":"Fruit Juice"},{"floor":7,"key":"Fire Potion"},{"floor":14,"key":"FairyPotion"},{"floor":21,"key":"Regen Potion"},{"floor":24,"key":"SpeedPotion"},{"floor":30,"key":"EntropicBrew"}],"is_trial":false,"path_per_floor":["M","?","M","?","M","R","E","M","T","$","M","R","M","?","R","B",null,"M","?","?","M","$","R","M","R","T","R","T","R","M","M"],"character_chosen":"DEFECT","items_purchased":["Symbiotic Virus","Gash"],"campfire_rested":2,"item_purchase_floors":[22,22],"current_hp_per_floor":[75,75,80,80,80,80,64,58,58,58,52,52,46,46,46,18,94,74,74,37,9,9,37,18,46,46,46,46,46,9,0],"gold":50,"neow_bonus":"THREE_ENEMY_KILL","is_prod":false,"is_daily":false,"chose_seed":false,"campfire_upgraded":5,"win_rate":0,"timestamp":1546900817,"path_taken":["M","?","?","?","M","R","E","?","T","$","M","R","M","?","R","BOSS","M","?","?","M","$","R","M","R","T","R","?","R","M","?"],"build_version":"2019-01-03v4","purchased_purges":1,"victory":false,"max_hp_per_floor":[75,75,80,80,80,80,94,94,94,94,94,94,94,94,94,94,94,94,94,94,94,94,94,94,94,94,94,94,94,94,94],"card_choices":[{"not_picked":["Rip and Tear","Coolheaded"],"picked":"Go for the Eyes","floor":1},{"not_picked":["Aggregate","Hologram","Compile Driver"],"picked":"SKIP","floor":3},{"not_picked":["Gash","Meteor Strike"],"picked":"Storm","floor":5},{"not_picked":["Coolheaded","Blizzard"],"picked":"Go for the Eyes","floor":7},{"not_picked":["Compile Driver","Sweeping Beam"],"picked":"Scrape","floor":8},{"not_picked":["Lockon","Compile Driver"],"picked":"Go for the Eyes","floor":11},{"not_picked":["Undo","Ball Lightning"],"picked":"Go for the Eyes","floor":13},{"not_picked":["Biased Cognition","Fission"],"picked":"Echo Form","floor":16},{"not_picked":["Tempest+1","Cold Snap+1"],"picked":"Gash+1","floor":18},{"not_picked":["Sweeping Beam","Conserve Battery","Stack"],"picked":"SKIP","floor":21},{"not_picked":["Barrage","Reprogram"],"picked":"Leap+1","floor":24},{"not_picked":["Cold Snap","Ball Lightning"],"picked":"Capacitor","floor":30}],"player_experience":334732,"relics_obtained":[{"floor":7,"key":"Mango"},{"floor":26,"key":"WingedGreaves"},{"floor":28,"key":"DataDisk"}],"event_choices":[{"damage_healed":0,"gold_gain":0,"player_choice":"Bought 2 Potions","damage_taken":0,"max_hp_gain":0,"max_hp_loss":0,"event_name":"The Woman in Blue","floor":2,"gold_loss":0},{"damage_healed":0,"gold_gain":0,"player_choice":"Trade","damage_taken":0,"relics_obtained":["NlothsMask"],"max_hp_gain":0,"max_hp_loss":0,"event_name":"FaceTrader","floor":4,"gold_loss":0},{"damage_healed":0,"gold_gain":0,"player_choice":"Got Potions","damage_taken":0,"max_hp_gain":0,"max_hp_loss":0,"event_name":"Lab","floor":14,"gold_loss":0},{"damage_healed":0,"gold_gain":0,"player_choice":"Read","damage_taken":0,"max_hp_gain":0,"max_hp_loss":0,"event_name":"The Library","floor":19,"gold_loss":0,"cards_obtained":["Streamline"]},{"damage_healed":0,"gold_gain":0,"player_choice":"Fight","damage_taken":0,"max_hp_gain":0,"max_hp_loss":0,"event_name":"Colosseum","floor":20,"gold_loss":0},{"damage_healed":0,"gold_gain":0,"player_choice":"Fled From Nobs","damage_taken":0,"max_hp_gain":0,"max_hp_loss":0,"event_name":"Colosseum","floor":20,"gold_loss":0}],"is_beta":false,"boss_relics":[{"not_picked":["Sozu","Ectoplasm"],"picked":"Nuclear Battery"}],"items_purged_floors":[10],"is_endless":false,"potions_floor_spawned":[1,3,7,21,24,30],"killed_by":"Shelled Parasite and Fungi","ascension_level":4}