{"path_per_floor":["M","?","$","M","M","E","R","M","T","R","?","E","R","M","R","B",null,"M","?","M","?","$","R","E","R","T","E","R","M","M","?","R"],"character_chosen":"THE_SILENT","items_purchased":["Poisoned Stab","Venomology"],"gold_per_floor":[117,117,18,31,47,80,80,49,49,49,49,78,78,89,89,185,185,198,198,215,215,55,55,89,89,173,198,198,217,227,227,227,227],"floor_reached":33,"campfire_rested":6,"playtime":2550,"current_hp_per_floor":[63,69,69,68,68,25,45,29,29,49,42,22,42,41,61,16,69,58,58,39,39,39,59,45,45,45,33,68,46,39,62,62,0],"items_purged":["Strike_G"],"gold":227,"score":293,"play_id":"981c7656-cefa-4ef2-b5ec-e05b2f37a896","local_time":"20180417090124","is_prod":false,"is_daily":false,"chose_seed":false,"is_ascension_mode":false,"campfire_upgraded":2,"timestamp":1523980884,"path_taken":["M","?","$","M","M","E","R","?","T","R","?","E","R","M","R","BOSS","M","?","M","?","?","R","E","R","T","E","R","?","M","?","R","BOSS"],"build_version":"2018-04-12","seed_source_timestamp":549683759350634,"purchased_purges":1,"victory":false,"master_deck":["Defend_G","Defend_G","Defend_G","Defend_G","Defend_G","Strike_G","Strike_G","Strike_G","Strike_G","Survivor","Neutralize","Slice","Regret","Poisoned Stab","Quick Slash","Dagger Spray","Dagger Throw","Terror+1","Terror+1","Backstab","A Thousand Cuts+1","Backflip+1","Jack Of All Trades+1","Malaise+1","Venomology+1","Bouncing Flask+1"],"max_hp_per_floor":[63,69,69,69,69,69,69,69,69,69,69,69,69,69,69,69,69,69,69,69,69,69,69,69,69,69,69,69,69,69,69,69,69],"relics":["Ring of the Snake","Gambling Chip","Darkstone Periapt","Bag of Preparation","Ginger","Toxic Egg 2","Question Card","Black Star","Kunai","Matryoshka","Meat on the Bone","Regal Pillow","Tiny Chest","Mercury Hourglass","Letter Opener"],"card_choices":[{"not_picked":["Outmaneuver","Underhanded Strike"],"picked":"Slice","floor":1},{"not_picked":["Dodge and Roll","Noxious Fumes"],"picked":"Quick Slash","floor":4},{"not_picked":["Dodge and Roll","Deflect"],"picked":"Dagger Spray","floor":5},{"not_picked":["Bullet Time","Underhanded Strike"],"picked":"Dagger Throw","floor":6},{"not_picked":["Underhanded Strike","Dagger Spray"],"picked":"Terror","floor":8},{"not_picked":["Underhanded Strike","Slice"],"picked":"Terror","floor":12},{"not_picked":["Dagger Spray","Poisoned Stab","Night Terror"],"picked":"Backstab","floor":14},{"not_picked":["Phantasmal Killer","Night Terror","Glass Knife"],"picked":"A Thousand Cuts","floor":16},{"not_picked":["Dagger Throw","Underhanded Strike","Outmaneuver"],"picked":"Backflip","floor":18},{"not_picked":["Deflect","Masterful Stab","Quick Slash"],"picked":"Malaise","floor":20},{"not_picked":["Quick Slash","Underhanded Strike","Choke"],"picked":"Bouncing Flask","floor":24}],"player_experience":42043,"potions_floor_usage":[18,27,29,30,30,33,33,33,33],"damage_taken":[{"damage":0,"enemies":"Jaw Worm","floor":1,"turns":6},{"damage":1,"enemies":"2 Louse","floor":4,"turns":3},{"damage":0,"enemies":"Small Slimes","floor":5,"turns":4},{"damage":43,"enemies":"Lagavulin","floor":6,"turns":8},{"damage":16,"enemies":"Exordium Thugs","floor":8,"turns":5},{"damage":20,"enemies":"3 Sentries","floor":12,"turns":7},{"damage":1,"enemies":"2 Fungi Beasts","floor":14,"turns":4},{"damage":45,"enemies":"Hexaghost","floor":16,"turns":12},{"damage":11,"enemies":"Spheric Guardian","floor":18,"turns":4},{"damage":19,"enemies":"Shell Parasite","floor":20,"turns":8},{"damage":14,"enemies":"Book of Stabbing","floor":24,"turns":7},{"damage":24,"enemies":"Slavers","floor":27,"turns":5},{"damage":22,"enemies":"Snake Plant","floor":29,"turns":4},{"damage":7,"enemies":"Centurion and Healer","floor":30,"turns":6},{"damage":67,"enemies":"Champ","floor":33,"turns":8}],"event_choices":[{"event_name":"Big Fish","player_choice":"Box","floor":2,"damage_taken":0},{"event_name":"Scrap Ooze","player_choice":"success","floor":11,"damage_taken":7},{"event_name":"Match and Keep!","player_choice":"1 cards matched","floor":19,"damage_taken":0},{"event_name":"The Mausoleum","player_choice":"Yes","floor":21,"damage_taken":0},{"event_name":"The Library","player_choice":"Heal","floor":31,"damage_taken":0}],"boss_relics":[{"not_picked":["Orrery","Eternal Feather"],"picked":"Black Star"}],"potions_floor_spawned":[6,12,16,24,29,30],"seed_played":"-3473826897454492943","killed_by":"Champ","ascension_level":0,"is_trial":false}