{"gold_per_floor":[115,40,59,59,59,59,72,72,72,88,7,18,34,109,109,214,214,231,231,250,266,166,166,186,12,12,12,12,12,12,12,12,115,115,126,141,141,141],"floor_reached":38,"playtime":937,"items_purged":["Strike_R","Strike_R","Defend_R"],"score":414,"play_id":"3d74e4c2-ff2a-4766-bbc6-932ea73f948d","local_time":"20190203201019","is_ascension_mode":false,"campfire_choices":[{"data":"Bash","floor":6,"key":"SMITH"},{"data":"Headbutt","floor":8,"key":"SMITH"},{"data":"Flash of Steel","floor":15,"key":"SMITH"},{"floor":23,"key":"REST"},{"floor":27,"key":"REST"},{"floor":30,"key":"REST"},{"data":"Dropkick","floor":32,"key":"SMITH"}],"neow_cost":"NONE","seed_source_timestamp":1453241638032157,"circlet_count":0,"master_deck":["Strike_R","Defend_R","Defend_R","Defend_R","Bash+1","Headbutt+1","Flash of Steel+1","Dropkick+1"],"relics":["Cursed Key"],"potions_floor_usage":[12,16,16,33,33,33],"damage_taken":[{"damage":1,"enemies":"Cultist","floor":1,"turns":3},{"damage":0,"enemies":"2 Louse","floor":3,"turns":3},{"damage":1,"enemies":"Jaw Worm","floor":7,"turns":3},{"damage":7,"enemies":"Exordium Thugs","floor":10,"turns":4},{"damage":0,"enemies":"Lots of Slimes","floor":12,"turns":1},{"damage":7,"enemies":"2 Fungi Beasts","floor":13,"turns":3},{"damage":16,"enemies":"The Guardian","floor":16,"turns":10},{"damage":21,"enemies":"2 Thieves","floor":18,"turns":4},{"damage":0,"enemies":"Chosen","floor":20,"turns":3},{"damage":37,"enemies":"Snecko","floor":21,"turns":5},{"damage":19,"enemies":"Shelled Parasite and Fungi","floor":24,"turns":4},{"damage":0,"enemies":"Collector","floor":33,"turns":1},{"damage":16,"enemies":"3 Shapes","floor":35,"turns":4},{"damage":17,"enemies":"Orb Walker","floor":36,"turns":3},{"damage":60,"enemies":"Writhing Mass","floor":38,"turns":4}],"seed_played":"7083678202632406018","potions_obtained":[{"floor":3,"key":"Explosive Potion"},{"floor":10,"key":"Block Potion"},{"floor":13,"key":"AttackPotion"},{"floor":21,"key":"PowerPotion"},{"floor":24,"key":"Swift Potion"},{"floor":35,"key":"FearPotion"}],"is_trial":false,"path_per_floor":["M","$","M","?","?","R","M","R","T","M","$","M","M","?","R","B",null,"M","?","M","M","$","R","M","$","T","R","?","?","R","?","R","B",null,"M","M","$","M"],"character_chosen":"IRONCLAD","items_purchased":["Flash of Steel","SteroidPotion"],"campfire_rested":3,"item_purchase_floors":[11,25],"current_hp_per_floor":[79,79,79,79,72,72,71,71,71,64,64,64,57,49,49,33,80,59,59,59,22,22,46,27,27,27,51,51,36,61,85,85,85,85,69,52,52,0],"gold":141,"neow_bonus":"BOSS_RELIC","is_prod":false,"is_daily":false,"chose_seed":false,"campfire_upgraded":4,"win_rate":0,"timestamp":1549242619,"path_taken":["M","$","M","?","?","R","M","R","T","M","$","M","M","?","R","BOSS","M","?","M","?","$","R","M","$","T","R","?","?","R","?","R","BOSS","M","M","$","M"],"build_version":"2019-01-23","purchased_purges":3,"victory":false,"max_hp_per_floor":[80,80,80,80,80,80,80,80,80,80,80,80,80,80,80,80,80,80,80,80,80,80,80,80,80,80,80,80,85,85,85,85,85,85,85,85,85,85],"card_choices":[{"not_picked":["Perfected Strike","Sword Boomerang","Sentinel"],"picked":"SKIP","floor":1},{"not_picked":["Clash","Flex","Bloodletting"],"picked":"SKIP","floor":3},{"not_picked":["Armaments","Thunderclap"],"picked":"Headbutt","floor":7},{"not_picked":["Sentinel","Wild Strike","Anger"],"picked":"SKIP","floor":10},{"not_picked":["Flame Barrier","Warcry","Metallicize"],"picked":"SKIP","floor":12},{"not_picked":["Second Wind","Rampage","Reaper"],"picked":"SKIP","floor":13},{"not_picked":["True Grit+1","Iron Wave+1"],"picked":"Dropkick","floor":18},{"not_picked":["Thunderclap","True Grit","Havoc"],"picked":"SKIP","floor":20},{"not_picked":["Hemokinesis+1","Sword Boomerang","Clash"],"picked":"SKIP","floor":21},{"not_picked":["Perfected Strike","Sever Soul","Iron Wave"],"picked":"SKIP","floor":24},{"not_picked":["Reckless Charge+1","Body Slam+1","Evolve+1"],"picked":"SKIP","floor":35},{"not_picked":["Twin Strike","Dropkick+1","Corruption+1"],"picked":"SKIP","floor":36}],"player_experience":658491,"relics_obtained":[],"event_choices":[{"cards_removed":["Strike_R"],"damage_healed":0,"gold_gain":0,"player_choice":"Forget","damage_taken":0,"max_hp_gain":0,"max_hp_loss":0,"event_name":"Living Wall","floor":4,"gold_loss":0},{"cards_removed":["Strike_R"],"damage_healed":0,"gold_gain":0,"player_choice":"Card Removal","damage_taken":7,"max_hp_gain":0,"max_hp_loss":0,"event_name":"Golden Wing","floor":5,"gold_loss":0},{"damage_healed":0,"gold_gain":75,"player_choice":"Touch","damage_taken":8,"max_hp_gain":0,"max_hp_loss":0,"event_name":"FaceTrader","floor":14,"gold_loss":0},{"damage_healed":0,"gold_gain":0,"player_choice":"0 cards matched","damage_taken":0,"max_hp_gain":0,"max_hp_loss":0,"event_name":"Match and Keep!","floor":19,"gold_loss":0,"cards_obtained":[]},{"damage_healed":0,"gold_gain":0,"player_choice":"Ignored","damage_taken":0,"max_hp_gain":0,"max_hp_loss":0,"event_name":"Vampires","floor":28,"gold_loss":0},{"damage_healed":0,"gold_gain":0,"player_choice":"Shed Blood","damage_taken":20,"max_hp_gain":5,"max_hp_loss":0,"event_name":"Forgotten Altar","floor":29,"gold_loss":0},{"damage_healed":28,"gold_gain":0,"player_choice":"Heal","damage_taken":0,"max_hp_gain":0,"max_hp_loss":0,"event_name":"The Library","floor":31,"gold_loss":0}],"is_beta":false,"boss_relics":[{"not_picked":[]},{"not_picked":["Lizard Tail","Calling Bell","Mark of Pain"]}],"items_purged_floors":[2,22,25],"is_endless":false,"potions_floor_spawned":[3,10,13,21,24,35],"killed_by":"Writhing Mass","ascension_level":0}