{"gold_per_floor":[109,109,109,125,137,137,237,237,237,237,265,6,22,32,32,134,134,150,50,50,62,78,78,93,93,117,129,141,168,180,211,223,335,347,379,401,433,445,457,469,496,508,565,609,640,40,40,57,57,57],"floor_reached":50,"playtime":1809,"items_purged":["Strike_R","Strike_R","Shame"],"score":762,"play_id":"fca8b7b5-c5d1-4b43-a9d1-a0f2956f626c","local_time":"20190116094123","is_ascension_mode":true,"campfire_choices":[{"data":"Bash","floor":6,"key":"SMITH"},{"data":"Metallicize","floor":8,"key":"SMITH"},{"data":"Defend_R","floor":10,"key":"SMITH"},{"data":"The Bomb","floor":15,"key":"SMITH"},{"data":"Ghostly Armor","floor":23,"key":"SMITH"},{"data":"Barricade","floor":27,"key":"SMITH"},{"floor":32,"key":"REST"},{"data":"Deep Breath","floor":40,"key":"SMITH"},{"floor":42,"key":"REST"},{"floor":47,"key":"REST"},{"data":"Headbutt","floor":49,"key":"SMITH"}],"neow_cost":"NONE","seed_source_timestamp":573867013926478,"circlet_count":0,"master_deck":["AscendersBane","Strike_R+1","Strike_R+1","Defend_R+1","Defend_R+1","Defend_R+1","Defend_R+1","Bash+1","Metallicize+1","The Bomb+1","Barricade+1","Ghostly Armor+1","Doubt","Impervious+1","Headbutt+1","Deep Breath+1","Master of Strategy"],"relics":["Black Blood","NeowsBlessing","Paper Frog","Bottled Flame","Regal Pillow","Cursed Key","MawBank","War Paint","Meat on the Bone","ClockworkSouvenir"],"potions_floor_usage":[11,33,33,33,39,39,50,50,50],"damage_taken":[{"damage":0,"enemies":"2 Louse","floor":1,"turns":1},{"damage":0,"enemies":"Small Slimes","floor":4,"turns":2},{"damage":0,"enemies":"Cultist","floor":5,"turns":1},{"damage":16,"enemies":"Lagavulin","floor":11,"turns":5},{"damage":4,"enemies":"2 Fungi Beasts","floor":13,"turns":4},{"damage":10,"enemies":"Red Slaver","floor":14,"turns":3},{"damage":31,"enemies":"The Guardian","floor":16,"turns":11},{"damage":14,"enemies":"Chosen","floor":18,"turns":5},{"damage":16,"enemies":"Spheric Guardian","floor":21,"turns":5},{"damage":16,"enemies":"Chosen and Byrds","floor":22,"turns":5},{"damage":8,"enemies":"Snake Plant","floor":24,"turns":4},{"damage":0,"enemies":"3 Cultists","floor":29,"turns":4},{"damage":7,"enemies":"Snecko","floor":31,"turns":8},{"damage":14,"enemies":"Champ","floor":33,"turns":15},{"damage":19,"enemies":"Orb Walker","floor":35,"turns":4},{"damage":30,"enemies":"3 Shapes","floor":36,"turns":5},{"damage":17,"enemies":"3 Darklings","floor":37,"turns":4},{"damage":0,"enemies":"4 Shapes","floor":39,"turns":1},{"damage":20,"enemies":"Maw","floor":41,"turns":10},{"damage":44,"enemies":"Nemesis","floor":44,"turns":9},{"damage":31,"enemies":"Jaw Worm Horde","floor":45,"turns":3},{"damage":6,"enemies":"Sphere and 2 Shapes","floor":48,"turns":6},{"damage":89,"enemies":"Donu and Deca","floor":50,"turns":8}],"seed_played":"3560516136061317031","potions_obtained":[{"floor":1,"key":"Weak Potion"},{"floor":4,"key":"PowerPotion"},{"floor":5,"key":"Strength Potion"},{"floor":16,"key":"Poison Potion"},{"floor":24,"key":"EntropicBrew"},{"floor":29,"key":"LiquidBronze"},{"floor":33,"key":"EssenceOfSteel"},{"floor":36,"key":"BloodPotion"},{"floor":45,"key":"PowerPotion"}],"is_trial":false,"path_per_floor":["M","?","?","M","M","R","?","R","T","R","E","$","M","M","R","B",null,"M","$","?","M","M","R","M","$","T","R","?","M","?","M","R","B",null,"M","M","M","?","M","R","M","R","T","E","M","$","R","M","R","B"],"character_chosen":"IRONCLAD","items_purchased":["The Bomb","ClockworkSouvenir","Master of Strategy","EntropicBrew"],"campfire_rested":3,"item_purchase_floors":[12,46,46,46],"current_hp_per_floor":[78,66,50,56,62,62,62,62,62,62,52,52,54,50,50,25,66,58,58,58,48,38,38,36,36,36,36,36,42,42,41,80,72,78,69,49,42,42,60,60,50,80,80,46,37,37,76,80,80,0],"gold":57,"neow_bonus":"THREE_ENEMY_KILL","is_prod":false,"is_daily":false,"chose_seed":false,"campfire_upgraded":8,"win_rate":0,"timestamp":1547649683,"path_taken":["M","?","?","M","M","R","?","R","T","R","E","$","?","M","R","BOSS","M","$","?","M","M","R","?","$","T","R","?","M","?","M","R","BOSS","M","M","?","?","M","R","M","R","T","E","M","$","R","M","R","BOSS"],"build_version":"2019-01-10","purchased_purges":3,"victory":false,"max_hp_per_floor":[80,80,80,80,80,80,80,80,80,80,80,80,80,80,80,80,80,80,80,80,80,80,80,80,80,80,80,80,80,80,80,80,80,80,80,80,80,80,80,80,80,80,80,80,80,80,80,80,80,80],"card_choices":[{"not_picked":["Dual Wield","Twin Strike","Perfected Strike"],"picked":"SKIP","floor":1},{"not_picked":["Headbutt","Pummel"],"picked":"Metallicize","floor":4},{"not_picked":["Perfected Strike","Twin Strike","Thunderclap"],"picked":"SKIP","floor":5},{"not_picked":["Disarm","Combust","Twin Strike"],"picked":"SKIP","floor":11},{"not_picked":["Blood for Blood","True Grit","Body Slam"],"picked":"SKIP","floor":13},{"not_picked":["Wild Strike","Body Slam"],"picked":"Offering","floor":14},{"not_picked":["Immolate","Fiend Fire"],"picked":"Barricade","floor":16},{"not_picked":["Sentinel","Thunderclap","Cleave"],"picked":"SKIP","floor":18},{"not_picked":["Clothesline","Twin Strike","Rage"],"picked":"SKIP","floor":21},{"not_picked":["Clash","Flex+1"],"picked":"Ghostly Armor","floor":22},{"not_picked":["Pummel","Perfected Strike","Clothesline"],"picked":"SKIP","floor":24},{"not_picked":["Shrug It Off","True Grit"],"picked":"Impervious","floor":29},{"not_picked":["Rampage","Pommel Strike+1","Combust"],"picked":"SKIP","floor":31},{"not_picked":["Twin Strike","Burning Pact+1","Wild Strike"],"picked":"SKIP","floor":35},{"not_picked":["Corruption","Cleave","Rampage"],"picked":"SKIP","floor":36},{"not_picked":["Twin Strike","Fire Breathing","Bloodletting"],"picked":"SKIP","floor":37},{"not_picked":["Panache","The Bomb"],"picked":"Deep Breath","floor":38},{"not_picked":["Feel No Pain","Thunderclap","Perfected Strike"],"picked":"SKIP","floor":41},{"not_picked":["Havoc","True Grit","Bludgeon"],"picked":"SKIP","floor":44},{"not_picked":["Whirlwind","Warcry","Iron Wave"],"picked":"SKIP","floor":45},{"not_picked":["Thunderclap","Wild Strike+1","Armaments"],"picked":"SKIP","floor":48}],"player_experience":388731,"relics_obtained":[{"floor":9,"key":"Bottled Flame"},{"floor":11,"key":"Regal Pillow"},{"floor":26,"key":"MawBank"},{"floor":43,"key":"War Paint"},{"floor":44,"key":"Meat on the Bone"}],"event_choices":[{"damage_healed":0,"gold_gain":0,"player_choice":"Success","damage_taken":12,"relics_obtained":["Paper Frog"],"max_hp_gain":0,"max_hp_loss":0,"event_name":"Scrap Ooze","floor":2,"gold_loss":0},{"damage_healed":0,"gold_gain":0,"player_choice":"Entered Light","damage_taken":16,"max_hp_gain":0,"max_hp_loss":0,"event_name":"Shining Light","floor":3,"gold_loss":0,"cards_upgraded":["Strike_R","Defend_R"]},{"damage_healed":0,"gold_gain":100,"player_choice":"Gold","damage_taken":0,"max_hp_gain":0,"max_hp_loss":0,"event_name":"Wheel of Change","floor":7,"gold_loss":0},{"cards_removed":["Strike_R"],"damage_healed":0,"gold_gain":0,"player_choice":"Purged","damage_taken":0,"max_hp_gain":0,"max_hp_loss":0,"event_name":"Purifier","floor":20,"gold_loss":0},{"damage_healed":0,"gold_gain":0,"player_choice":"Simplicity","damage_taken":0,"max_hp_gain":0,"max_hp_loss":0,"event_name":"Back to Basics","floor":28,"gold_loss":0,"cards_upgraded":["Strike_R","Defend_R","Defend_R"]},{"damage_healed":0,"gold_gain":0,"cards_transformed":["Offering"],"player_choice":"Transformed","damage_taken":0,"max_hp_gain":0,"max_hp_loss":0,"event_name":"Transmorgrifier","floor":30,"gold_loss":0,"cards_obtained":["Headbutt"]},{"damage_healed":0,"gold_gain":0,"player_choice":"Memory 1","damage_taken":0,"max_hp_gain":0,"max_hp_loss":0,"event_name":"SensoryStone","floor":38,"gold_loss":0}],"is_beta":false,"boss_relics":[{"not_picked":["Orrery","Empty Cage"],"picked":"Cursed Key"},{"not_picked":["Runic Cube","Sozu"],"picked":"Black Blood"}],"items_purged_floors":[12,19,46],"is_endless":false,"potions_floor_spawned":[1,4,5,16,21,24,29,33,36,37,39,45],"killed_by":"Donu and Deca","ascension_level":12}