{"gold_per_floor":[365,161,111,62,80,92,112,112,112,122,122,151,151,165,165,270,270,245,265,265],"floor_reached":20,"playtime":2093,"items_purged":["Strike_R"],"score":194,"play_id":"6424b095-2af4-4e4d-9df4-031d0cba31c6","local_time":"20190107182643","is_ascension_mode":true,"campfire_choices":[{"data":"Armaments","floor":8,"key":"SMITH"},{"floor":11,"key":"RECALL"},{"data":"Spot Weakness","floor":13,"key":"SMITH"},{"data":"Intimidate","floor":15,"key":"SMITH"}],"neow_cost":"TEN_PERCENT_HP_LOSS","seed_source_timestamp":27893786139774,"circlet_count":0,"master_deck":["Strike_R","Strike_R","Strike_R","Defend_R","Defend_R","Defend_R","Defend_R","Bash","Headbutt","Battle Trance","Pommel Strike","Body Slam","Intimidate+1","Armaments+1","Clothesline","Spot Weakness+1","Dark Embrace","Barricade","Rage","Warcry","Shrug It Off","Seeing Red","Offering"],"relics":["Burning Blood","Prayer Wheel","Orrery"],"potions_floor_usage":[16],"damage_taken":[{"damage":14,"enemies":"2 Louse","floor":1,"turns":4},{"damage":7,"enemies":"Jaw Worm","floor":5,"turns":2},{"damage":7,"enemies":"Small Slimes","floor":6,"turns":3},{"damage":2,"enemies":"2 Fungi Beasts","floor":7,"turns":4},{"damage":4,"enemies":"Blue Slaver","floor":10,"turns":4},{"damage":33,"enemies":"Lagavulin","floor":12,"turns":7},{"damage":0,"enemies":"3 Louse","floor":14,"turns":3},{"damage":51,"enemies":"Hexaghost","floor":16,"turns":11},{"damage":46,"enemies":"2 Thieves","floor":18,"turns":5},{"damage":14,"enemies":"Shell Parasite","floor":19,"turns":8},{"damage":29,"enemies":"Chosen and Byrds","floor":20,"turns":4}],"seed_played":"-6399272776123799588","potions_obtained":[{"floor":1,"key":"Dexterity Potion"},{"floor":12,"key":"Regen Potion"},{"floor":14,"key":"Swift Potion"},{"floor":18,"key":"AttackPotion"},{"floor":19,"key":"Ancient Potion"}],"is_trial":false,"path_per_floor":["M","$","?","$","M","M","M","R","T","M","R","E","R","M","R","B",null,"M","M","M"],"character_chosen":"IRONCLAD","items_purchased":["Battle Trance","Pommel Strike","Body Slam"],"campfire_rested":0,"item_purchase_floors":[2,2,4],"current_hp_per_floor":[64,64,64,64,63,62,66,66,66,68,68,41,41,47,47,7,72,32,24,0],"gold":265,"neow_bonus":"TWO_FIFTY_GOLD","is_prod":false,"is_daily":false,"chose_seed":false,"campfire_upgraded":3,"win_rate":0,"timestamp":1546853203,"path_taken":["M","$","?","$","M","M","M","R","T","M","R","E","R","M","R","BOSS","M","M","M"],"build_version":"2019-01-03v4","purchased_purges":1,"victory":false,"max_hp_per_floor":[72,72,72,72,72,72,72,72,72,72,72,72,72,72,72,72,72,72,72,72],"card_choices":[{"not_picked":["Pummel","Anger"],"picked":"Headbutt","floor":1},{"not_picked":["Feel No Pain","Pommel Strike"],"picked":"Intimidate","floor":5},{"not_picked":["Dropkick","Blood for Blood"],"picked":"Armaments","floor":6},{"not_picked":["Body Slam","Infernal Blade"],"picked":"Clothesline","floor":7},{"not_picked":["Sword Boomerang","Iron Wave","Intimidate"],"picked":"SKIP","floor":10},{"not_picked":["Hemokinesis","Iron Wave"],"picked":"Spot Weakness","floor":12},{"not_picked":["Sentinel","Perfected Strike"],"picked":"Dark Embrace","floor":14},{"not_picked":["Headbutt","Reckless Charge","Anger"],"picked":"SKIP","floor":14},{"not_picked":["Dark Embrace","Double Tap"],"picked":"Barricade","floor":16},{"not_picked":["Bludgeon","Havoc"],"picked":"Rage","floor":17},{"not_picked":["Thunderclap","Twin Strike"],"picked":"Warcry","floor":17},{"not_picked":["Sword Boomerang","Sentinel"],"picked":"Shrug It Off","floor":17},{"not_picked":["Pommel Strike+1","Clothesline"],"picked":"Seeing Red","floor":18},{"not_picked":["Sword Boomerang","Clash","Flex+1"],"picked":"SKIP","floor":18},{"not_picked":["Warcry","Burning Pact"],"picked":"Offering","floor":19},{"not_picked":["Flex","Clothesline","Sword Boomerang"],"picked":"SKIP","floor":19}],"player_experience":149076,"relics_obtained":[{"floor":12,"key":"Prayer Wheel"}],"event_choices":[{"cards_removed":["Strike_R"],"damage_healed":0,"gold_gain":0,"player_choice":"Card Removal","damage_taken":0,"max_hp_gain":0,"max_hp_loss":0,"event_name":"The Cleric","floor":3,"gold_loss":50}],"is_beta":false,"boss_relics":[{"not_picked":["Fusion Hammer","Runic Dome"],"picked":"Orrery"}],"items_purged_floors":[2],"is_endless":false,"potions_floor_spawned":[1,12,14,18,19],"killed_by":"Chosen and Byrds","ascension_level":2}