{"gold_per_floor":[119,133,2,17,10,10,36,36,36,36,47,82,82,110,110,182,182,202,215,215,215,231,231,260,185,185,18,18,53,53,66,66,140,140,153,53,53,72,0,27,27,27,27,27,52,69,96,116,116,116],"floor_reached":51,"playtime":2292,"items_purged":["Strike_B","Strike_B"],"score":1430,"play_id":"0187bbaa-3f7d-4fa9-a89f-a5285bf1c4f5","local_time":"20190214142819","is_ascension_mode":true,"campfire_choices":[{"data":"Defragment","floor":6.0,"key":"SMITH"},{"data":"Biased Cognition","floor":8.0,"key":"SMITH"},{"floor":10.0,"key":"REST"},{"data":"Seek","floor":15.0,"key":"SMITH"},{"floor":23.0,"key":"REST"},{"data":"Consume","floor":28.0,"key":"SMITH"},{"data":"Rainbow","floor":30.0,"key":"SMITH"},{"floor":32.0,"key":"REST"},{"data":"Skim","floor":41.0,"key":"SMITH"},{"data":"Go for the Eyes","floor":42.0,"key":"SMITH"},{"data":"Stack","floor":44.0,"key":"SMITH"},{"floor":49,"key":"REST"}],"neow_cost":"NONE","seed_source_timestamp":15053715926482,"circlet_count":0,"master_deck":["AscendersBane","Strike_B","Defend_B","Defend_B","Defend_B","Defend_B","Zap+1","Dualcast","Conserve Battery","Defragment+1","Cold Snap","Stack+1","Biased Cognition+1","Seek+1","Leap","Go for the Eyes+1","Core Surge","Consume+1","Turbo+1","Rainbow+1","Skim+1","Redo+1"],"special_seed":0,"relics":["Cracked Core","Regal Pillow","Blood Vial","Mummified Hand","Bag of Preparation","Inserter","Letter Opener","Torii","Sundial","PreservedInsect","Bag of Marbles","Nuclear Battery","Red Mask","WingedGreaves","Emotion Chip","Vajra","Orichalcum"],"potions_floor_usage":[],"damage_taken":[{"damage":0.0,"enemies":"Cultist","floor":1.0,"turns":3.0},{"damage":0.0,"enemies":"2 Louse","floor":2.0,"turns":2.0},{"damage":4.0,"enemies":"Small Slimes","floor":4.0,"turns":3.0},{"damage":12.0,"enemies":"Exordium Thugs","floor":5.0,"turns":4.0},{"damage":18.0,"enemies":"Gremlin Nob","floor":7.0,"turns":4.0},{"damage":7.0,"enemies":"2 Fungi Beasts","floor":11.0,"turns":3.0},{"damage":18.0,"enemies":"Lagavulin","floor":12.0,"turns":10.0},{"damage":11.0,"enemies":"3 Sentries","floor":14.0,"turns":10.0},{"damage":9.0,"enemies":"The Guardian","floor":16.0,"turns":16.0},{"damage":5.0,"enemies":"2 Thieves","floor":18.0,"turns":5.0},{"damage":0.0,"enemies":"Spheric Guardian","floor":19.0,"turns":5.0},{"damage":33.0,"enemies":"Shelled Parasite and Fungi","floor":22.0,"turns":5.0},{"damage":21.0,"enemies":"Book of Stabbing","floor":24.0,"turns":6.0},{"damage":22.0,"enemies":"Slavers","floor":29.0,"turns":3.0},{"damage":17.0,"enemies":"Snake Plant","floor":31.0,"turns":4.0},{"damage":11.0,"enemies":"Champ","floor":33.0,"turns":11.0},{"damage":0.0,"enemies":"3 Shapes","floor":35.0,"turns":4.0},{"damage":1.0,"enemies":"Orb Walker","floor":38.0,"turns":4.0},{"damage":8.0,"enemies":"Giant Head","floor":40.0,"turns":9.0},{"damage":9.0,"enemies":"3 Darklings","floor":46.0,"turns":5.0},{"damage":21.0,"enemies":"Nemesis","floor":47.0,"turns":7.0},{"damage":0,"enemies":"4 Shapes","floor":48,"turns":7},{"damage":7,"enemies":"Awakened One","floor":50,"turns":12}],"seed_played":"156050768253413529","potions_obtained":[{"floor":1.0,"key":"AttackPotion"},{"floor":4.0,"key":"Ancient Potion"},{"floor":14.0,"key":"Swift Potion"},{"floor":22.0,"key":"SteroidPotion"},{"floor":33.0,"key":"Block Potion"},{"floor":47.0,"key":"Weak Potion"}],"is_trial":false,"path_per_floor":["M","M","$","M","M","R","E","R","T","R","M","E","?","E","R","B",null,"M","M","?","T","M","R","E","?","T","$","R","E","R","M","R","B",null,"M","$","?","M","?","E","R","R","T","R","T","M","E","M","R","B",null],"character_chosen":"DEFECT","items_purchased":["Cold Snap","PreservedInsect"],"campfire_rested":4,"item_purchase_floors":[3,27],"current_hp_per_floor":[64,64,64,60,48,48,30,30,30,66,61,45,68,59,59,52,66,63,65,65,65,34,70,50,50,50,50,50,30,30,15,51,42,64,66,66,66,67,67,61,61,61,61,61,61,54,35,37,71,64],"gold":116,"neow_bonus":"UPGRADE_CARD","is_prod":false,"is_daily":false,"chose_seed":false,"campfire_upgraded":8,"win_rate":0,"timestamp":1550122099,"path_taken":["M","M","$","M","M","R","E","R","T","R","?","E","?","E","R","BOSS","M","M","?","?","M","R","E","?","T","$","R","E","R","M","R","BOSS","M","$","?","M","?","E","R","R","T","R","?","M","E","?","R","BOSS"],"build_version":"2019-01-23","purchased_purges":2,"victory":true,"max_hp_per_floor":[71,71,71,71,71,71,71,71,71,71,71,71,71,71,71,71,71,71,71,71,71,71,71,71,71,71,71,71,71,71,71,71,71,71,71,71,71,71,71,71,71,71,71,71,71,71,71,71,71,71],"card_choices":[{"not_picked":["Heatsinks","Hologram"],"picked":"Conserve Battery","floor":1.0},{"not_picked":["Undo","Redo"],"picked":"Defragment","floor":2.0},{"not_picked":["Rip and Tear","Fusion"],"picked":"Stack","floor":4.0},{"not_picked":["Scrape","Steam"],"picked":"Biased Cognition","floor":5.0},{"not_picked":["Chill","Stack"],"picked":"Seek","floor":7.0},{"not_picked":["Conserve Battery","Rebound"],"picked":"Leap","floor":11.0},{"not_picked":["Static Discharge","Cold Snap"],"picked":"Go for the Eyes","floor":12.0},{"not_picked":["Rebound","Meteor Strike","Recycle"],"picked":"SKIP","floor":14.0},{"not_picked":["Electrodynamics","Biased Cognition"],"picked":"Core Surge","floor":16.0},{"not_picked":["Gash","Streamline"],"picked":"Consume","floor":18.0},{"not_picked":["Conserve Battery+1","Stack"],"picked":"Turbo+1","floor":19.0},{"not_picked":["Go for the Eyes","Conserve Battery","Steam Power"],"picked":"SKIP","floor":22.0},{"not_picked":["Recycle","Seek","Hologram"],"picked":"SKIP","floor":24.0},{"not_picked":["All For One","Reprogram"],"picked":"Rainbow","floor":29.0},{"not_picked":["Gash","Ball Lightning","Sweeping Beam"],"picked":"SKIP","floor":31.0},{"not_picked":["Biased Cognition","Rainbow"],"picked":"Buffer","floor":33.0},{"not_picked":["Streamline","Undo"],"picked":"Skim","floor":35.0},{"not_picked":["Capacitor","Redo","Turbo"],"picked":"SKIP","floor":38.0},{"not_picked":["Rebound+1","Beam Cell+1","Capacitor"],"picked":"SKIP","floor":40.0},{"not_picked":["Beam Cell+1","Go for the Eyes"],"picked":"Redo+1","floor":46.0},{"not_picked":["Coolheaded","Stack","Reprogram+1"],"picked":"SKIP","floor":47.0},{"not_picked":["Barrage","Hologram","Rainbow"],"picked":"SKIP","floor":48}],"player_experience":352411,"relics_obtained":[{"floor":7.0,"key":"Regal Pillow"},{"floor":9.0,"key":"Blood Vial"},{"floor":12.0,"key":"Mummified Hand"},{"floor":14.0,"key":"Bag of Preparation"},{"floor":21.0,"key":"Letter Opener"},{"floor":24.0,"key":"Torii"},{"floor":26.0,"key":"Sundial"},{"floor":29.0,"key":"Bag of Marbles"},{"floor":40.0,"key":"WingedGreaves"},{"floor":43.0,"key":"Emotion Chip"},{"floor":45.0,"key":"Vajra"},{"floor":47.0,"key":"Orichalcum"}],"event_choices":[{"damage_healed":23.0,"max_hp_gain":0.0,"max_hp_loss":0.0,"gold_gain":0.0,"event_name":"Big Fish","player_choice":"Banana","floor":13.0,"gold_loss":0.0,"damage_taken":0.0},{"damage_healed":0.0,"max_hp_gain":0.0,"max_hp_loss":0.0,"gold_gain":0.0,"event_name":"Ghosts","player_choice":"Ignored","floor":20.0,"gold_loss":0.0,"damage_taken":0.0},{"cards_removed":["Strike_B"],"damage_healed":0.0,"max_hp_gain":0.0,"max_hp_loss":0.0,"gold_gain":0.0,"event_name":"Beggar","player_choice":"Gave Gold","floor":25.0,"gold_loss":75.0,"damage_taken":0.0},{"cards_removed":["Buffer"],"damage_healed":0.0,"max_hp_gain":0.0,"max_hp_loss":0.0,"gold_gain":0.0,"event_name":"Falling","player_choice":"Removed Power","floor":37.0,"gold_loss":0.0,"damage_taken":0.0},{"damage_healed":0.0,"max_hp_gain":0.0,"max_hp_loss":0.0,"gold_gain":0.0,"event_name":"Tomb of Lord Red Mask","player_choice":"Paid","floor":39.0,"gold_loss":72.0,"damage_taken":0.0,"relics_obtained":["Red Mask"]}],"is_beta":false,"boss_relics":[{"not_picked":["Eternal Feather","Coffee Dripper"],"picked":"Inserter"},{"not_picked":["FrozenCore","Lizard Tail"],"picked":"Nuclear Battery"}],"items_purged_floors":[3,36],"is_endless":false,"potions_floor_spawned":[1,4,14,22,24,33,35,47,48],"ascension_level":16}