{"gold_per_floor":[117,131,131,131,144,174,189,189],"floor_reached":8,"playtime":364,"items_purged":[],"score":61,"play_id":"227c37e3-a9a8-461b-af53-1f4888cf8534","local_time":"20190101225332","is_ascension_mode":true,"campfire_choices":[],"neow_cost":"NONE","seed_source_timestamp":43218221802846,"circlet_count":0,"master_deck":["Strike_R","Strike_R","Strike_R","Strike_R","Strike_R","Defend_R","Defend_R","Defend_R","Defend_R","Berserk","Anger","Anger","Decay","Iron Wave","Armaments","Armaments"],"relics":["Burning Blood","Dodecahedron"],"potions_floor_usage":[],"damage_taken":[{"damage":11,"enemies":"2 Louse","floor":1,"turns":4},{"damage":11,"enemies":"Jaw Worm","floor":2,"turns":4},{"damage":8,"enemies":"Cultist","floor":5,"turns":4},{"damage":50,"enemies":"3 Sentries","floor":6,"turns":8},{"damage":12,"enemies":"Looter","floor":7,"turns":4},{"damage":12,"enemies":"Red Slaver","floor":8,"turns":3}],"seed_played":"7327414384842736675","potions_obtained":[],"is_trial":false,"path_per_floor":["M","M","?","?","M","E","M","M"],"character_chosen":"IRONCLAD","items_purchased":[],"campfire_rested":0,"item_purchase_floors":[],"current_hp_per_floor":[75,70,63,63,61,17,11,0],"gold":189,"neow_bonus":"ONE_RANDOM_RARE_CARD","is_prod":false,"is_daily":false,"chose_seed":false,"campfire_upgraded":0,"win_rate":0,"timestamp":1546350812,"path_taken":["M","M","?","?","M","E","?","M"],"build_version":"2018-12-20","purchased_purges":0,"victory":false,"max_hp_per_floor":[80,80,80,80,80,80,80,80],"card_choices":[{"not_picked":["True Grit","Warcry"],"picked":"Anger","floor":1},{"not_picked":["Heavy Blade","Perfected Strike"],"picked":"Anger","floor":2},{"not_picked":["Anger","Carnage"],"picked":"Iron Wave","floor":5},{"not_picked":["Shockwave","Body Slam"],"picked":"Armaments","floor":6},{"not_picked":["Cleave","Sever Soul"],"picked":"Armaments","floor":7}],"player_experience":19810,"relics_obtained":[{"floor":6,"key":"Dodecahedron"}],"event_choices":[{"cards_removed":["Bash"],"damage_healed":0,"gold_gain":0,"player_choice":"Card Removal","damage_taken":7,"max_hp_gain":0,"max_hp_loss":0,"event_name":"Golden Wing","floor":3,"gold_loss":0},{"damage_healed":0,"gold_gain":0,"player_choice":"1 cards matched","damage_taken":0,"max_hp_gain":0,"max_hp_loss":0,"event_name":"Match and Keep!","floor":4,"gold_loss":0,"cards_obtained":["Decay"]},{"damage_healed":0,"gold_gain":0,"player_choice":"1 cards matched","damage_taken":0,"max_hp_gain":0,"max_hp_loss":0,"event_name":"Match and Keep!","floor":4,"gold_loss":0,"cards_obtained":["Decay"]}],"is_beta":false,"boss_relics":[],"items_purged_floors":[],"is_endless":false,"potions_floor_spawned":[2,5],"killed_by":"Red Slaver","ascension_level":1}