{"path_per_floor":["M","?","$","?","M","M","?","R","T","$","R","M","M","E","R","B",null,"M","?","M","M","M","R","E","M","T","E","?","M","E","M","R","B",null,"M","M","M","?","$","R","E","M","T","E","?","?","?","T","R"],"character_chosen":"IRONCLAD","items_purchased":["Headbutt","Flame Barrier","Bronze Scales","Ancient Tea Set"],"gold_per_floor":[113,113,38,38,52,72,72,72,72,21,21,31,41,75,75,171,171,182,182,195,207,220,220,251,263,263,290,290,305,336,346,346,442,442,455,468,488,488,52,52,81,98,122,157,157,0,0,0,0,0],"floor_reached":50,"campfire_rested":1,"playtime":3647,"current_hp_per_floor":[80,80,80,64,69,75,75,75,75,75,75,80,80,56,56,14,80,78,78,74,65,61,61,45,45,45,37,37,37,37,37,61,30,80,78,80,78,78,78,78,62,62,62,36,28,28,70,70,70,0],"items_purged":["Strike_R","Defend_R"],"gold":0,"score":637,"play_id":"fd4916f7-bee6-4fee-bddd-32602626b6eb","local_time":"20180418223216","is_prod":false,"is_daily":false,"chose_seed":false,"is_ascension_mode":false,"campfire_upgraded":6,"timestamp":1524115936,"path_taken":["M","?","?","?","M","M","?","R","T","$","R","M","?","E","R","BOSS","M","?","?","?","M","R","E","?","T","E","?","M","E","M","R","BOSS","M","M","M","?","$","R","E","M","T","E","?","?","?","?","R","BOSS"],"build_version":"2018-04-12","seed_source_timestamp":683655684445915,"purchased_purges":2,"victory":false,"master_deck":["Strike_R","Strike_R","Defend_R","Defend_R+1","Defend_R","Bash","Cleave+1","Cleave","Shrug It Off+1","Dark Embrace","Headbutt+1","Headbutt","Seeing Red+1","Offering","Shrug It Off","Rage","Offering","Body Slam+1","Shrug It Off","Spot Weakness+1","Carnage","Intimidate+1","Pommel Strike","Fiend Fire","Entrench+1","Barricade","Rage+1","Flame Barrier+1","Rampage+1"],"max_hp_per_floor":[80,80,80,80,80,80,80,80,80,80,80,80,80,80,80,80,80,80,80,80,80,80,80,80,80,80,80,80,80,80,80,80,80,80,80,80,80,80,80,80,80,80,80,80,80,80,70,70,70,70],"relics":["Burning Blood","Bag of Preparation","Blood Vial","Happy Flower","Orrery","Thread and Needle","Mummified Hand","Bottled Flame","Letter Opener","Mark of Pain","Bronze Scales","Ancient Tea Set","Juzu Bracelet","Dream Catcher","Orichalcum","Red Mask","Ginger"],"card_choices":[{"not_picked":["Disarm","Shockwave"],"picked":"Cleave","floor":1},{"not_picked":["Burning Pact","Heavy Blade"],"picked":"Shrug It Off","floor":6},{"not_picked":["Twin Strike","Clothesline"],"picked":"Headbutt","floor":12},{"not_picked":["Thunderclap","Anger"],"picked":"Seeing Red","floor":13},{"not_picked":["Feed","Barricade"],"picked":"Offering","floor":16},{"not_picked":["Body Slam","Pummel"],"picked":"Shrug It Off","floor":17},{"not_picked":["Warcry","Shrug It Off"],"picked":"Rage","floor":17},{"not_picked":["Feel No Pain","Armaments"],"picked":"Offering","floor":17},{"not_picked":["Disarm","Battle Trance"],"picked":"Body Slam","floor":17},{"not_picked":["Whirlwind","Rage"],"picked":"Shrug It Off","floor":17},{"not_picked":["Corruption","Warcry"],"picked":"Spot Weakness","floor":22},{"not_picked":["Sever Soul","Dual Wield"],"picked":"Carnage","floor":24},{"not_picked":["Entrench","Fire Breathing"],"picked":"Intimidate","floor":25},{"not_picked":["Clash","Sword Boomerang"],"picked":"Pommel Strike","floor":27},{"not_picked":["Berserk","Immolate"],"picked":"Barricade","floor":33},{"not_picked":["Heavy Blade","Carnage"],"picked":"Rage","floor":36},{"not_picked":["Dual Wield","Pommel Strike"],"picked":"Rampage","floor":42}],"player_experience":56651,"potions_floor_usage":[16,33,33,33,44,50,50],"damage_taken":[{"damage":1,"enemies":"Cultist","floor":1,"turns":3},{"damage":1,"enemies":"Jaw Worm","floor":5,"turns":3},{"damage":0,"enemies":"2 Louse","floor":6,"turns":1},{"damage":2,"enemies":"Blue Slaver","floor":12,"turns":3},{"damage":0,"enemies":"3 Louse","floor":13,"turns":1},{"damage":30,"enemies":"Gremlin Nob","floor":14,"turns":4},{"damage":50,"enemies":"Hexaghost","floor":16,"turns":12},{"damage":8,"enemies":"Spheric Guardian","floor":18,"turns":1},{"damage":12,"enemies":"2 Thieves","floor":20,"turns":3},{"damage":17,"enemies":"Snake Plant","floor":21,"turns":4},{"damage":12,"enemies":"Cultist and Chosen","floor":22,"turns":4},{"damage":24,"enemies":"Gremlin Leader","floor":24,"turns":5},{"damage":8,"enemies":"Centurion and Healer","floor":25,"turns":3},{"damage":16,"enemies":"Book of Stabbing","floor":27,"turns":5},{"damage":8,"enemies":"Snecko","floor":29,"turns":4},{"damage":8,"enemies":"Slavers","floor":30,"turns":1},{"damage":8,"enemies":"Cultist and Chosen","floor":31,"turns":4},{"damage":48,"enemies":"Collector","floor":33,"turns":9},{"damage":8,"enemies":"3 Shapes","floor":35,"turns":3},{"damage":4,"enemies":"Orb Walker","floor":36,"turns":2},{"damage":8,"enemies":"Maw","floor":37,"turns":6},{"damage":24,"enemies":"2 Orb Walkers","floor":41,"turns":5},{"damage":8,"enemies":"Sphere and 2 Shapes","floor":42,"turns":3},{"damage":34,"enemies":"Nemesis","floor":44,"turns":9},{"damage":72,"enemies":"Donu and Deca","floor":50,"turns":5}],"event_choices":[{"event_name":"Match and Keep!","player_choice":"1 cards matched","floor":2,"damage_taken":0},{"event_name":"Shining Light","player_choice":"Entered Light","floor":4,"damage_taken":0},{"event_name":"Living Wall","player_choice":"Change","floor":7,"damage_taken":0},{"event_name":"Bonfire Elementals","player_choice":"BASIC","floor":19,"damage_taken":0},{"event_name":"Match and Keep!","player_choice":"2 cards matched","floor":28,"damage_taken":0},{"event_name":"The Woman in Blue","player_choice":"Bought 0 Potions","floor":38,"damage_taken":0},{"event_name":"Wheel of Change","player_choice":"Damage","floor":45,"damage_taken":0},{"event_name":"Tomb of Lord Red Mask","player_choice":"Paid","floor":46,"damage_taken":0},{"event_name":"The Moai Head","player_choice":"Heal","floor":47,"damage_taken":0}],"boss_relics":[{"not_picked":["Velvet Choker","Lizard Tail"],"picked":"Orrery"},{"not_picked":["Runic Pyramid","Runic Cube"],"picked":"Mark of Pain"}],"potions_floor_spawned":[5,12,13,18,22,25,31,33,36,37],"seed_played":"5622125223524079249","killed_by":"Donu and Deca","ascension_level":0,"is_trial":false}