{"gold_per_floor":[109,120,138,138,63,98,173,173,196,196,196,207,55,90,90,164,164,178,64,75,90,108,141,141,175,175,175,194,209,227,258,258,258],"floor_reached":33,"playtime":1833,"items_purged":["Dualcast","Strike_B"],"score":633,"play_id":"91abf26c-0732-4b21-b27a-21404a8ca3cf","local_time":"20190222163428","is_ascension_mode":true,"campfire_choices":[{"data":"Doom and Gloom","floor":8,"key":"SMITH"},{"floor":10,"key":"REST"},{"floor":15,"key":"REST"},{"floor":24,"key":"REST"},{"floor":32,"key":"REST"}],"neow_cost":"NONE","seed_source_timestamp":279008480959678,"circlet_count":0,"master_deck":["AscendersBane","Strike_B","Strike_B","Strike_B","Defend_B","Defend_B","Defend_B","Defend_B","Zap","Rebound","Reinforced Body","Skim","Doom and Gloom+1","Conserve Battery","Genetic Algorithm","Electrodynamics","Turbo+1","Static Discharge","Sweeping Beam","Reinforced Body+1","Rainbow","Glacier","Chaos","Skim","Tempest","Compile Driver"],"relics":["Snecko Eye","Anchor","Lantern","PreservedInsect","Torii","Cursed Key","Regal Pillow","Dodecahedron","GremlinMask","Dream Catcher"],"potions_floor_usage":[14,33],"damage_taken":[{"damage":4,"enemies":"Small Slimes","floor":1,"turns":4},{"damage":6,"enemies":"Cultist","floor":2,"turns":4},{"damage":0,"enemies":"Jaw Worm","floor":3,"turns":7},{"damage":19,"enemies":"Lagavulin","floor":6,"turns":10},{"damage":0,"enemies":"Large Slime","floor":12,"turns":4},{"damage":31,"enemies":"Gremlin Nob","floor":14,"turns":4},{"damage":8,"enemies":"The Guardian","floor":16,"turns":10},{"damage":13,"enemies":"Spheric Guardian","floor":18,"turns":4},{"damage":12,"enemies":"2 Thieves","floor":20,"turns":3},{"damage":2,"enemies":"Snecko","floor":21,"turns":6},{"damage":7,"enemies":"Centurion and Healer","floor":22,"turns":9},{"damage":9,"enemies":"Book of Stabbing","floor":23,"turns":5},{"damage":0,"enemies":"Slavers","floor":25,"turns":2},{"damage":6,"enemies":"Cultist and Chosen","floor":28,"turns":6},{"damage":8,"enemies":"3 Cultists","floor":29,"turns":3},{"damage":2,"enemies":"Sentry and Sphere","floor":30,"turns":3},{"damage":20,"enemies":"Book of Stabbing","floor":31,"turns":4},{"damage":74,"enemies":"Collector","floor":33,"turns":7}],"seed_played":"-4780221637224065102","potions_obtained":[{"floor":4,"key":"GamblersBrew"},{"floor":4,"key":"EssenceOfSteel"},{"floor":6,"key":"SmokeBomb"},{"floor":16,"key":"Swift Potion"}],"is_trial":false,"path_per_floor":["M","M","M","?","$","E","?","R","T","R","T","M","$","E","R","B",null,"M","$","M","M","M","E","R","E","T","?","M","M","M","E","R","B"],"character_chosen":"DEFECT","items_purchased":["Conserve Battery","Static Discharge","Sweeping Beam"],"campfire_rested":4,"item_purchase_floors":[13,19,19],"current_hp_per_floor":[60,54,54,54,54,35,24,24,24,45,45,45,45,14,35,27,60,47,47,35,33,26,17,53,53,53,53,47,39,37,17,53,0],"gold":258,"neow_bonus":"BOSS_RELIC","is_prod":false,"is_daily":false,"chose_seed":false,"campfire_upgraded":1,"win_rate":0,"timestamp":1550871268,"path_taken":["M","M","M","?","?","E","?","R","T","R","?","M","$","E","R","BOSS","M","$","M","M","M","E","R","E","T","?","M","M","M","E","R","BOSS"],"build_version":"2019-01-23","purchased_purges":2,"victory":false,"max_hp_per_floor":[71,71,71,71,71,71,71,71,71,71,71,71,71,71,71,71,71,71,71,71,71,71,71,71,71,71,71,71,71,71,71,71,71],"card_choices":[{"not_picked":["Steam","Conserve Battery"],"picked":"Rebound","floor":1},{"not_picked":["FTL","Turbo"],"picked":"Reinforced Body","floor":2},{"not_picked":["Cold Snap","Streamline"],"picked":"Skim","floor":3},{"not_picked":["Reboot","Ball Lightning"],"picked":"Doom and Gloom","floor":6},{"not_picked":["Scrape","Barrage","Compile Driver"],"picked":"SKIP","floor":12},{"not_picked":["Rebound","Steam"],"picked":"Genetic Algorithm","floor":14},{"not_picked":["Reboot","Seek"],"picked":"Electrodynamics","floor":16},{"not_picked":["Compile Driver","Beam Cell"],"picked":"Turbo+1","floor":18},{"not_picked":["Sweeping Beam","Steam"],"picked":"Reinforced Body+1","floor":20},{"not_picked":["Conserve Battery","BootSequence"],"picked":"Rainbow","floor":21},{"not_picked":["Gash","Undo"],"picked":"Glacier","floor":22},{"not_picked":["Conserve Battery","Hologram","FTL"],"picked":"SKIP","floor":23},{"not_picked":["Hyperbeam","Leap"],"picked":"Chaos","floor":25},{"not_picked":["Beam Cell","Aggregate+1","Redo+1"],"picked":"SKIP","floor":28},{"not_picked":["Coolheaded","Reinforced Body","Streamline"],"picked":"SKIP","floor":29},{"not_picked":["Stack","Steam"],"picked":"Skim","floor":30},{"not_picked":["Cold Snap","Skim+1"],"picked":"Tempest","floor":31},{"not_picked":["Turbo","Gash"],"picked":"Compile Driver","floor":32}],"player_experience":830721,"relics_obtained":[{"floor":6,"key":"Anchor"},{"floor":9,"key":"Lantern"},{"floor":11,"key":"PreservedInsect"},{"floor":14,"key":"Torii"},{"floor":23,"key":"Regal Pillow"},{"floor":25,"key":"Dodecahedron"},{"floor":31,"key":"Dream Catcher"}],"event_choices":[{"damage_healed":0,"gold_gain":0,"player_choice":"Got Potions","damage_taken":0,"max_hp_gain":0,"max_hp_loss":0,"event_name":"Lab","floor":4,"gold_loss":0},{"damage_healed":0,"gold_gain":75,"player_choice":"Gather Gold","damage_taken":11,"max_hp_gain":0,"max_hp_loss":0,"event_name":"World of Goop","floor":7,"gold_loss":0},{"damage_healed":0,"gold_gain":0,"player_choice":"Trade","damage_taken":0,"relics_obtained":["GremlinMask"],"max_hp_gain":0,"max_hp_loss":0,"event_name":"FaceTrader","floor":27,"gold_loss":0}],"is_beta":false,"boss_relics":[{"not_picked":["Sozu","Runic Dome"],"picked":"Cursed Key"}],"items_purged_floors":[5,13],"is_endless":false,"potions_floor_spawned":[6,12,16,20,22,30,31],"killed_by":"Collector","ascension_level":17}