{"gold_per_floor":[110,10,25,175,155,190,190,218,218,235,235],"floor_reached":11,"playtime":322,"items_purged":["Strike_R"],"score":212,"play_id":"69235987-a234-4740-b108-421282ef439c","local_time":"20190216135630","is_ascension_mode":true,"campfire_choices":[{"data":"Armaments","floor":7,"key":"SMITH"}],"neow_cost":"NONE","seed_source_timestamp":104597359174828,"circlet_count":0,"master_deck":["AscendersBane","Strike_R","Strike_R","Strike_R","Strike_R","Defend_R","Defend_R","Defend_R","Defend_R","Bash","Disarm","Armaments+1","Iron Wave","Doubt","Cleave","Sword Boomerang","True Grit"],"relics":["Burning Blood","NeowsBlessing","Shovel","Gremlin Horn","Mummified Hand"],"potions_floor_usage":[8,8],"damage_taken":[{"damage":0,"enemies":"Jaw Worm","floor":1,"turns":1},{"damage":0,"enemies":"2 Louse","floor":3,"turns":2},{"damage":0,"enemies":"Gremlin Nob","floor":6,"turns":1},{"damage":48,"enemies":"3 Sentries","floor":8,"turns":14},{"damage":5,"enemies":"Cultist","floor":10,"turns":4},{"damage":45,"enemies":"Gremlin Nob","floor":11,"turns":4}],"seed_played":"-325091072925015226","potions_obtained":[{"floor":3,"key":"Block Potion"},{"floor":5,"key":"Regen Potion"}],"is_trial":false,"path_per_floor":["M","$","M","?","?","E","R","E","T","M","E"],"character_chosen":"IRONCLAD","items_purchased":["Armaments"],"campfire_rested":0,"item_purchase_floors":[2],"current_hp_per_floor":[74,74,75,75,75,75,75,44,44,45,0],"gold":235,"neow_bonus":"THREE_ENEMY_KILL","is_prod":false,"is_daily":false,"chose_seed":false,"campfire_upgraded":1,"win_rate":0,"timestamp":1550343390,"path_taken":["M","$","M","?","?","E","R","E","T","M","E"],"build_version":"2019-01-23","purchased_purges":1,"victory":false,"max_hp_per_floor":[75,75,75,75,75,75,75,75,75,75,75],"card_choices":[{"not_picked":["Clash","Body Slam"],"picked":"Disarm","floor":1},{"not_picked":["Searing Blow","Hemokinesis"],"picked":"Iron Wave","floor":3},{"not_picked":["Heavy Blade","Dropkick"],"picked":"Cleave","floor":6},{"not_picked":["Wild Strike","Perfected Strike"],"picked":"Sword Boomerang","floor":8},{"not_picked":["Headbutt","Clothesline"],"picked":"True Grit","floor":10}],"player_experience":776031,"relics_obtained":[{"floor":6,"key":"Shovel"},{"floor":8,"key":"Gremlin Horn"},{"floor":9,"key":"Mummified Hand"}],"event_choices":[{"damage_healed":0,"gold_gain":150,"player_choice":"AGREE","damage_taken":0,"max_hp_gain":0,"max_hp_loss":0,"event_name":"Liars Game","floor":4,"gold_loss":0,"cards_obtained":["Doubt"]},{"damage_healed":0,"gold_gain":0,"player_choice":"Bought 1 Potion","damage_taken":0,"max_hp_gain":0,"max_hp_loss":0,"event_name":"The Woman in Blue","floor":5,"gold_loss":0}],"is_beta":false,"boss_relics":[],"items_purged_floors":[2],"is_endless":false,"potions_floor_spawned":[3,6],"killed_by":"Gremlin Nob","ascension_level":20}