{"path_per_floor":["M","?","M","M","M","R","M","E","T","R","?","$","?","E","R","B",null,"M","?","$","?","M","R","E","R","T","M","?","R","M","$","R","B",null,"M","M","M","M","$","R","?","M","T","?","$","?","?","M","R"],"character_chosen":"DEFECT","items_purchased":["Multi-Cast+1","Oddly Smooth Stone","Mummified Hand","Bottled Lightning","Defragment"],"gold_per_floor":[111,61,74,86,100,100,120,147,171,171,171,16,191,231,231,356,356,381,306,231,231,255,255,299,299,322,341,341,341,355,105,105,225,225,246,270,285,306,58,58,0,16,16,349,34,79,79,89,89,89],"floor_reached":50,"campfire_rested":3,"playtime":4124,"item_purchase_floors":[],"current_hp_per_floor":[69,69,69,69,66,66,63,56,56,56,38,38,38,8,45,21,85,84,84,84,84,68,68,29,69,69,61,61,61,53,53,53,19,85,85,56,47,16,16,56,56,52,52,52,52,51,51,42,42,0],"items_purged":["Doubt","Writhe"],"gold":89,"score":495,"play_id":"f1e2a732-1ca2-442a-97ef-08259f203c2c","local_time":"20180609152359","is_prod":false,"is_daily":false,"chose_seed":false,"is_ascension_mode":false,"campfire_upgraded":6,"win_rate":0.0,"timestamp":1528583039,"campfire_choices":[{"data":"Zap","floor":6.0,"key":"SMITH"},{"data":"Redo","floor":10.0,"key":"SMITH"},{"floor":15.0,"key":"REST"},{"data":"Dualcast","floor":23.0,"key":"SMITH"},{"floor":25.0,"key":"REST"},{"data":"Beam Cell","floor":29.0,"key":"SMITH"},{"data":"Leap","floor":32.0,"key":"SMITH"},{"floor":40,"key":"REST"},{"data":"Defragment","floor":49,"key":"SMITH"}],"path_taken":["M","?","M","M","M","R","M","E","T","R","?","$","?","E","R","BOSS","M","?","$","?","M","R","E","R","T","M","?","R","M","$","R","BOSS","M","M","M","M","$","R","?","M","T","?","$","?","?","M","R","BOSS"],"build_version":"2018-06-07v3","seed_source_timestamp":0,"purchased_purges":2,"victory":false,"master_deck":["Strike_B","Strike_B","Strike_B","Defend_B","Defend_B","Defend_B","Zap+1","Dualcast+1","Redo+1","Conserve Battery","Leap+1","Melter","Sweeping Beam","Hologram+1","Multi-Cast+1","Glacier+1","Electrodynamics","Injury","Darkness+1","Beam Cell+1","Double Energy+1","Beam Cell+1","Capacitor","Seek+1","Echo Form","Leap+1","Consume+1","All For One","Pain","Defragment+1"],"max_hp_per_floor":[75,75,75,75,75,75,75,75,75,75,75,75,75,75,75,75,85,85,85,85,85,85,85,85,85,85,85,85,85,85,85,85,85,85,85,85,85,85,85,85,85,85,85,85,85,85,85,85,85,85],"relics":["Cracked Core","Toxic Egg 2","Bag of Marbles","Regal Pillow","Calling Bell","Happy Flower","Pear","Unceasing Top","Orichalcum","Juzu Bracelet","Oddly Smooth Stone","Cursed Key","Mummified Hand","Red Mask","Bottled Tornado","Bottled Lightning","Gambling Chip"],"card_choices":[{"not_picked":["Gash","Leap"],"picked":"Redo","floor":0.0},{"not_picked":["Lockon","Steam"],"picked":"Conserve Battery","floor":1.0},{"not_picked":["Streamline","Rip and Tear"],"picked":"Leap","floor":3.0},{"not_picked":["Gash","Chaos"],"picked":"Melter","floor":4.0},{"not_picked":["Redo","Compile Driver"],"picked":"Sweeping Beam","floor":5.0},{"not_picked":["Auto Shields","Redo","Rebound"],"picked":"SKIP","floor":7.0},{"not_picked":["Rebound","Barrage"],"picked":"Hologram","floor":8.0},{"not_picked":["Cold Snap","Redo+1"],"picked":"Glacier+1","floor":14.0},{"not_picked":["Biased Cognition","Reboot+1"],"picked":"Electrodynamics","floor":16.0},{"not_picked":["Sweeping Beam+1","Steam+1"],"picked":"Darkness+1","floor":18.0},{"not_picked":["Hologram+1","Redo+1"],"picked":"Beam Cell+1","floor":22.0},{"not_picked":["BootSequence+1","Hologram+1"],"picked":"Double Energy+1","floor":24.0},{"not_picked":["Cold Snap+1","Compile Driver"],"picked":"Beam Cell","floor":27.0},{"not_picked":["Tempest+1","Cold Snap"],"picked":"Seek+1","floor":30.0},{"not_picked":["Biased Cognition","Thunder Strike"],"picked":"Echo Form","floor":33.0},{"not_picked":["Leap+1","Stack+1","Skim+1"],"picked":"SKIP","floor":35.0},{"not_picked":["Streamline","Compile Driver+1","Scrape"],"picked":"SKIP","floor":36.0},{"not_picked":["Rebound+1","Aggregate+1"],"picked":"Leap+1","floor":37},{"not_picked":["Chill+1","Capacitor+1"],"picked":"Consume+1","floor":38},{"not_picked":["Hello World+1","Beam Cell"],"picked":"All For One","floor":42},{"not_picked":["Leap+1","Hologram+1","Melter"],"picked":"SKIP","floor":48}],"player_experience":186143,"potions_floor_usage":[50,50,50],"damage_taken":[{"damage":6.0,"enemies":"Jaw Worm","floor":1.0,"turns":3.0},{"damage":0.0,"enemies":"Small Slimes","floor":3.0,"turns":3.0},{"damage":0.0,"enemies":"2 Louse","floor":4.0,"turns":2.0},{"damage":3.0,"enemies":"2 Fungi Beasts","floor":5.0,"turns":3.0},{"damage":3.0,"enemies":"Large Slime","floor":7.0,"turns":5.0},{"damage":7.0,"enemies":"3 Sentries","floor":8.0,"turns":6.0},{"damage":30.0,"enemies":"Gremlin Nob","floor":14.0,"turns":4.0},{"damage":24.0,"enemies":"The Guardian","floor":16.0,"turns":17.0},{"damage":1.0,"enemies":"3 Byrds","floor":18.0,"turns":2.0},{"damage":16.0,"enemies":"2 Thieves","floor":22.0,"turns":3.0},{"damage":54.0,"enemies":"Book of Stabbing","floor":24.0,"turns":7.0},{"damage":8.0,"enemies":"3 Cultists","floor":27.0,"turns":3.0},{"damage":8.0,"enemies":"Snecko","floor":30.0,"turns":4.0},{"damage":34.0,"enemies":"Automaton","floor":33.0,"turns":12.0},{"damage":0.0,"enemies":"3 Shapes","floor":35.0,"turns":3.0},{"damage":29.0,"enemies":"3 Darklings","floor":36.0,"turns":5.0},{"damage":9.0,"enemies":"4 Shapes","floor":37.0,"turns":4.0},{"damage":31,"enemies":"Maw","floor":38,"turns":9},{"damage":4,"enemies":"3 Darklings","floor":42,"turns":5},{"damage":1,"floor":46,"turns":2},{"damage":9,"enemies":"Sphere and 2 Shapes","floor":48,"turns":3},{"damage":46,"enemies":"Awakened One","floor":50,"turns":7}],"relics_obtained":[{"floor":8.0,"key":"Toxic Egg 2"},{"floor":9.0,"key":"Bag of Marbles"},{"floor":14.0,"key":"Regal Pillow"},{"floor":17.0,"key":"Happy Flower"},{"floor":17.0,"key":"Pear"},{"floor":17.0,"key":"Unceasing Top"},{"floor":24.0,"key":"Orichalcum"},{"floor":26.0,"key":"Juzu Bracelet"},{"floor":43,"key":"Bottled Tornado"},{"floor":46,"key":"Gambling Chip"}],"event_choices":[{"event_name":"The Cleric","player_choice":"Card Removal","floor":2.0,"damage_taken":0.0},{"event_name":"Golden Idol","player_choice":"Take Damage","floor":11.0,"damage_taken":0.0},{"event_name":"Liars Game","player_choice":"agreed","floor":13.0,"damage_taken":0.0},{"event_name":"Beggar","player_choice":"Gave Gold","floor":19.0,"damage_taken":0.0},{"event_name":"Drug Dealer","player_choice":"Ignored","floor":21.0,"damage_taken":0.0},{"event_name":"The Library","player_choice":"Read","floor":28.0,"damage_taken":0.0},{"event_name":"Tomb of Lord Red Mask","player_choice":"Paid","floor":41,"damage_taken":0},{"event_name":"The Moai Head","player_choice":"Gave Idol","floor":44,"damage_taken":0},{"event_name":"Mysterious Sphere","player_choice":"Fight","floor":46,"damage_taken":0},{"event_name":"Falling","player_choice":"Removed Skill","floor":47,"damage_taken":0}],"boss_relics":[{"not_picked":["Velvet Choker","Philosopher\u0027s Stone"],"picked":"Calling Bell"},{"not_picked":["Runic Pyramid","Runic Dome"],"picked":"Cursed Key"}],"items_purged_floors":[],"potions_floor_spawned":[1,5,8,16,24,35,46],"seed_played":"-5901589195673451583","killed_by":"Awakened One","ascension_level":0,"potions_obtained":[{"floor":1.0,"key":"Regen Potion"},{"floor":5.0,"key":"Dexterity Potion"},{"floor":8.0,"key":"FearPotion"},{"floor":16.0,"key":"SkillPotion"},{"floor":24.0,"key":"PowerPotion"},{"floor":35.0,"key":"FearPotion"},{"floor":46,"key":"Block Potion"}],"is_trial":false}