{"gold_per_floor":[111,127,127,52,12,12,44,57,84,99,112,12,30,30,30,127,127,139,139,14,14,14,14,0,0,27,38,38],"floor_reached":28,"playtime":1143,"items_purged":["Strike_R","Strike_R","Strike_R+1"],"score":218,"play_id":"6f6d63a4-7403-44aa-9ee1-b77539f3117e","local_time":"20181120191930","is_ascension_mode":false,"campfire_choices":[{"data":"Bash","floor":6,"key":"SMITH"},{"floor":15,"key":"REST"},{"data":"True Grit","floor":23,"key":"SMITH"},{"data":"Battle Trance","floor":25,"key":"SMITH"}],"neow_cost":"PERCENT_DAMAGE","seed_source_timestamp":499457741082758,"circlet_count":0,"master_deck":["Strike_R+1","Strike_R+1","Defend_R+1","Defend_R+1","Defend_R+1","Defend_R+1","Bash+1","Rampage+1","Burning Pact","Dropkick","True Grit+1","Headbutt","Shrug It Off","Dark Embrace","Battle Trance+1","Seeing Red"],"relics":["Black Blood","Nunchaku","Omamori","PreservedInsect","WarpedTongs","Pen Nib"],"potions_floor_usage":[7,7,10],"damage_taken":[{"damage":5,"enemies":"Jaw Worm","floor":1,"turns":5},{"damage":0,"enemies":"2 Louse","floor":2,"turns":2},{"damage":18,"enemies":"Lagavulin","floor":7,"turns":4},{"damage":10,"enemies":"Cultist","floor":8,"turns":4},{"damage":13,"enemies":"Lots of Slimes","floor":10,"turns":4},{"damage":16,"enemies":"3 Louse","floor":11,"turns":4},{"damage":3,"enemies":"2 Fungi Beasts","floor":13,"turns":3},{"damage":30,"enemies":"Slime Boss","floor":16,"turns":7},{"damage":57,"enemies":"3 Byrds","floor":18,"turns":7},{"damage":12,"enemies":"2 Thieves","floor":24,"turns":4},{"damage":26,"enemies":"Shelled Parasite and Fungi","floor":27,"turns":6},{"damage":31,"enemies":"Cultist and Chosen","floor":28,"turns":7}],"seed_played":"2453563198345692844","potions_obtained":[{"floor":5,"key":"FearPotion"},{"floor":5,"key":"AttackPotion"},{"floor":5,"key":"PowerPotion"},{"floor":7,"key":"SkillPotion"},{"floor":11,"key":"SteroidPotion"},{"floor":27,"key":"EssenceOfSteel"}],"is_trial":false,"path_per_floor":["M","M","?","$","?","R","E","M","T","M","M","$","M","$","R","B",null,"M","?","$","?","?","R","M","R","T","M","M"],"character_chosen":"IRONCLAD","items_purchased":[],"campfire_rested":1,"item_purchase_floors":[],"current_hp_per_floor":[57,63,47,47,47,47,35,31,31,24,14,14,17,17,41,17,80,33,33,33,33,33,33,31,31,31,15,0],"gold":38,"neow_bonus":"ONE_RARE_RELIC","is_prod":false,"is_daily":false,"chose_seed":false,"campfire_upgraded":3,"win_rate":0,"timestamp":1542759570,"path_taken":["M","M","?","$","?","R","E","M","T","M","?","$","M","?","R","BOSS","M","?","$","?","?","R","?","R","T","M","M"],"build_version":"2018-11-15","purchased_purges":3,"victory":false,"max_hp_per_floor":[80,80,80,80,80,80,80,80,80,80,80,80,80,80,80,80,80,80,80,80,80,80,80,80,80,80,80,80],"card_choices":[{"not_picked":["Pommel Strike","Corruption"],"picked":"Rampage","floor":1},{"not_picked":["Cleave","Corruption"],"picked":"Burning Pact","floor":2},{"not_picked":["Twin Strike","Clash"],"picked":"Dropkick","floor":7},{"not_picked":["Wild Strike","Body Slam"],"picked":"True Grit","floor":8},{"not_picked":["Sword Boomerang","Cleave"],"picked":"Headbutt","floor":10},{"not_picked":["Twin Strike","Clothesline"],"picked":"Shrug It Off","floor":11},{"not_picked":["Thunderclap","Dual Wield","Rupture"],"picked":"SKIP","floor":13},{"not_picked":["Juggernaut","Exhume"],"picked":"Dark Embrace","floor":16},{"not_picked":["Corruption","Wild Strike","Flex"],"picked":"SKIP","floor":18},{"not_picked":["Entrench+1","Iron Wave"],"picked":"Battle Trance","floor":24},{"not_picked":["Sever Soul","Anger"],"picked":"Seeing Red","floor":27}],"player_experience":261762,"relics_obtained":[{"floor":7,"key":"Omamori"},{"floor":9,"key":"PreservedInsect"},{"floor":26,"key":"Pen Nib"}],"event_choices":[{"damage_healed":0,"gold_gain":0,"player_choice":"Entered Light","damage_taken":16,"max_hp_gain":0,"max_hp_loss":0,"event_name":"Shining Light","floor":3,"gold_loss":0,"cards_upgraded":["Strike_R","Rampage"]},{"damage_healed":0,"gold_gain":0,"player_choice":"Bought 3 Potions","damage_taken":0,"max_hp_gain":0,"max_hp_loss":0,"event_name":"The Woman in Blue","floor":5,"gold_loss":0},{"damage_healed":0,"gold_gain":0,"player_choice":"Simplicity","damage_taken":0,"max_hp_gain":0,"max_hp_loss":0,"event_name":"Back to Basics","floor":19,"gold_loss":0,"cards_upgraded":["Strike_R","Strike_R","Defend_R","Defend_R","Defend_R","Defend_R"]},{"damage_healed":0,"gold_gain":0,"player_choice":"Smashed Altar","damage_taken":0,"max_hp_gain":0,"max_hp_loss":0,"event_name":"Forgotten Altar","floor":21,"gold_loss":0,"cards_obtained":["Decay"]},{"damage_healed":0,"gold_gain":0,"player_choice":"Rummage","damage_taken":0,"relics_obtained":["WarpedTongs"],"max_hp_gain":0,"max_hp_loss":0,"event_name":"Accursed Blacksmith","floor":22,"gold_loss":0,"cards_obtained":["Pain"]}],"is_beta":false,"boss_relics":[{"not_picked":["Orrery","Coffee Dripper"],"picked":"Black Blood"}],"items_purged_floors":[4,12,20],"is_endless":false,"potions_floor_spawned":[7,11,24,27],"killed_by":"Cultist and Chosen","ascension_level":0}