{"gold_per_floor":[113,38,54,15,25,25,35,35,61,87,105,105,122,22,22,122,122,135,10,22,32,52,52,52],"floor_reached":24,"playtime":1321,"items_purged":["Injury","Strike_R","Strike_R"],"score":290,"play_id":"193355ed-1eb4-49ff-a616-625011e50402","local_time":"20181024111607","is_ascension_mode":true,"campfire_choices":[{"data":"Rampage","floor":6,"key":"SMITH"},{"data":"Searing Blow","floor":8,"key":"SMITH"},{"data":"Bash","floor":15,"key":"SMITH"},{"floor":23,"key":"REST"}],"neow_cost":"CURSE","seed_source_timestamp":753439900119125,"circlet_count":0,"master_deck":["Strike_R","Defend_R","Defend_R","Defend_R","Defend_R","Bash+1","Feed","Shrug It Off","Rampage+1","Battle Trance","Searing Blow+1","Warcry","Shrug It Off","Battle Trance","Inflame","Warcry"],"relics":["Burning Blood","Boot","Dream Catcher","Empty Cage"],"potions_floor_usage":[10,11,16,22,24],"damage_taken":[{"damage":6,"enemies":"Cultist","floor":1,"turns":4},{"damage":8,"enemies":"Jaw Worm","floor":3,"turns":5},{"damage":10,"enemies":"Small Slimes","floor":5,"turns":5},{"damage":12,"enemies":"Exordium Wildlife","floor":7,"turns":3},{"damage":29,"enemies":"3 Sentries","floor":10,"turns":7},{"damage":8,"enemies":"Blue Slaver","floor":11,"turns":3},{"damage":4,"enemies":"Large Slime","floor":13,"turns":5},{"damage":83,"enemies":"Slime Boss","floor":16,"turns":15},{"damage":60,"enemies":"3 Byrds","floor":18,"turns":9},{"damage":25,"enemies":"Spheric Guardian","floor":20,"turns":6},{"damage":20,"enemies":"Snecko","floor":21,"turns":5},{"damage":25,"enemies":"Chosen and Byrds","floor":22,"turns":5},{"damage":55,"enemies":"Slavers","floor":24,"turns":4}],"seed_played":"-4033210153630889772","potions_obtained":[{"floor":1,"key":"SteroidPotion"},{"floor":5,"key":"SkillPotion"},{"floor":13,"key":"BloodPotion"},{"floor":16,"key":"Poison Potion"},{"floor":20,"key":"Fire Potion"}],"is_trial":false,"path_per_floor":["M","$","M","$","M","R","M","R","T","E","M","?","M","$","R","B",null,"M","$","M","M","M","R"],"character_chosen":"IRONCLAD","items_purchased":["Battle Trance"],"campfire_rested":1,"item_purchase_floors":[4],"current_hp_per_floor":[83,83,84,84,83,83,80,80,80,60,61,66,71,71,71,7,109,58,58,39,28,12,47,0],"gold":52,"neow_bonus":"THREE_RARE_CARDS","is_prod":false,"is_daily":false,"chose_seed":false,"campfire_upgraded":3,"win_rate":0,"timestamp":1540394167,"path_taken":["M","$","M","?","M","R","M","R","T","E","M","?","M","$","R","BOSS","M","$","M","M","M","R","E"],"build_version":"2018-10-18","purchased_purges":3,"victory":false,"max_hp_per_floor":[83,83,86,86,89,89,92,92,92,95,98,103,106,106,106,109,109,112,112,112,115,118,118,118],"card_choices":[{"not_picked":["Demon Form","Berserk"],"picked":"Feed","floor":0},{"not_picked":["Evolve","Wild Strike"],"picked":"Shrug It Off","floor":1},{"not_picked":["Infernal Blade","Wild Strike"],"picked":"Rampage","floor":3},{"not_picked":["Entrench","Wild Strike"],"picked":"Searing Blow","floor":5},{"not_picked":["Armaments","Sword Boomerang"],"picked":"Warcry","floor":7},{"not_picked":["Feel No Pain","Clash","Heavy Blade"],"picked":"SKIP","floor":10},{"not_picked":["Twin Strike","Clothesline","Reckless Charge"],"picked":"SKIP","floor":11},{"not_picked":["True Grit","Warcry"],"picked":"Shrug It Off","floor":13},{"not_picked":["Thunderclap","Twin Strike"],"picked":"Battle Trance","floor":18},{"not_picked":["Twin Strike","Headbutt","Sword Boomerang"],"picked":"SKIP","floor":20},{"not_picked":["Fire Breathing+1","Perfected Strike","Iron Wave"],"picked":"SKIP","floor":21},{"not_picked":["Thunderclap+1","Intimidate"],"picked":"Inflame","floor":22},{"not_picked":["Shrug It Off","Clash"],"picked":"Warcry","floor":23}],"player_experience":226347,"relics_obtained":[{"floor":9,"key":"Boot"},{"floor":10,"key":"Dream Catcher"}],"event_choices":[{"damage_healed":0,"gold_gain":0,"player_choice":"Donut","damage_taken":0,"max_hp_gain":5,"max_hp_loss":0,"event_name":"Big Fish","floor":12,"gold_loss":0}],"is_beta":false,"boss_relics":[{"not_picked":["Eternal Feather","Philosopher\u0027s Stone"],"picked":"Empty Cage"}],"items_purged_floors":[2,14,19],"is_endless":false,"potions_floor_spawned":[1,5,13,16,20],"killed_by":"Slavers","ascension_level":4}