{"gold_per_floor":[109,133,150,160,85,85,114,14,14,14,26,41,54,54,54,128,128,143,143,143,161,36,36,36],"floor_reached":24,"playtime":807,"items_purged":["Strike_R","Strike_R","Strike_R"],"score":363,"play_id":"17d0c120-9a10-4352-bb80-77909d1f3dfe","local_time":"20190126163309","is_ascension_mode":true,"campfire_choices":[{"data":"Bash","floor":6,"key":"SMITH"},{"data":"Whirlwind","floor":10,"key":"SMITH"},{"data":"Clothesline","floor":15,"key":"SMITH"},{"floor":23,"key":"REST"}],"neow_cost":"NONE","seed_source_timestamp":749058831138125,"circlet_count":0,"master_deck":["AscendersBane","Strike_R","Strike_R","Defend_R","Defend_R","Defend_R","Defend_R","Bash+1","Burning Pact","Ghostly Armor","Whirlwind+1","Evolve","Thunderclap","Clothesline+1","Limit Break","Corruption+1","Ghostly","Ghostly","Ghostly"],"relics":["Burning Blood","NeowsBlessing","Red Skull","Bag of Preparation","Lantern","Kunai","Fusion Hammer"],"potions_floor_usage":[7,13,16,16],"damage_taken":[{"damage":0,"enemies":"Cultist","floor":1,"turns":1},{"damage":0,"enemies":"Jaw Worm","floor":3,"turns":1},{"damage":0,"enemies":"Small Slimes","floor":4,"turns":1},{"damage":18,"enemies":"Gremlin Nob","floor":7,"turns":5},{"damage":2,"enemies":"Looter","floor":11,"turns":3},{"damage":22,"enemies":"Exordium Thugs","floor":12,"turns":4},{"damage":4,"enemies":"Exordium Wildlife","floor":13,"turns":5},{"damage":58,"enemies":"Hexaghost","floor":16,"turns":12},{"damage":25,"enemies":"Shell Parasite","floor":18,"turns":7},{"damage":15,"enemies":"Spheric Guardian","floor":21,"turns":6},{"damage":39,"enemies":"Gremlin Leader","floor":24,"turns":4}],"seed_played":"-8435528344374627910","potions_obtained":[{"floor":3,"key":"Block Potion"},{"floor":7,"key":"Poison Potion"},{"floor":12,"key":"BloodPotion"},{"floor":13,"key":"Poison Potion"}],"is_trial":false,"path_per_floor":["M","T","M","M","$","R","E","$","T","R","M","M","M","T","R","B",null,"M","?","?","M","$","R","E"],"character_chosen":"IRONCLAD","items_purchased":[],"campfire_rested":1,"item_purchase_floors":[],"current_hp_per_floor":[74,74,75,75,75,75,63,63,63,63,67,51,60,60,60,8,58,39,37,37,28,28,37,0],"gold":36,"neow_bonus":"THREE_ENEMY_KILL","is_prod":false,"is_daily":false,"chose_seed":false,"campfire_upgraded":3,"win_rate":0,"timestamp":1548538389,"path_taken":["M","?","?","M","$","R","E","?","T","R","M","M","M","?","R","BOSS","M","?","?","M","$","R","E"],"build_version":"2019-01-23","purchased_purges":3,"victory":false,"max_hp_per_floor":[75,75,75,75,75,75,75,75,75,75,75,75,75,75,75,75,75,75,37,37,37,37,37,37],"card_choices":[{"not_picked":["True Grit","Thunderclap"],"picked":"Burning Pact","floor":1},{"not_picked":["Combust","Anger"],"picked":"Ghostly Armor","floor":3},{"not_picked":["Havoc","Armaments","Battle Trance"],"picked":"SKIP","floor":4},{"not_picked":["Rupture","Havoc"],"picked":"Whirlwind","floor":7},{"not_picked":["Havoc","Second Wind"],"picked":"Evolve","floor":11},{"not_picked":["Headbutt","Dual Wield"],"picked":"Thunderclap","floor":12},{"not_picked":["Wild Strike","Pummel"],"picked":"Clothesline","floor":13},{"not_picked":["Immolate","Brutality"],"picked":"Limit Break","floor":16},{"not_picked":["Fire Breathing","Warcry+1"],"picked":"Corruption","floor":18},{"not_picked":["Clothesline","Thunderclap","Infernal Blade"],"picked":"SKIP","floor":21}],"player_experience":473405,"relics_obtained":[{"floor":2,"key":"Red Skull"},{"floor":7,"key":"Bag of Preparation"},{"floor":9,"key":"Lantern"},{"floor":14,"key":"Kunai"}],"event_choices":[{"damage_healed":0,"gold_gain":0,"player_choice":"Became a Ghost","damage_taken":0,"max_hp_gain":0,"max_hp_loss":38,"event_name":"Ghosts","floor":19,"gold_loss":0,"cards_obtained":["Ghostly","Ghostly","Ghostly"]},{"damage_healed":0,"gold_gain":0,"player_choice":"Upgraded","damage_taken":0,"max_hp_gain":0,"max_hp_loss":0,"event_name":"Upgrade Shrine","floor":20,"gold_loss":0,"cards_upgraded":["Corruption"]}],"is_beta":false,"boss_relics":[{"not_picked":["Sozu","Calling Bell"],"picked":"Fusion Hammer"}],"items_purged_floors":[5,8,22],"is_endless":false,"potions_floor_spawned":[3,7,12,13],"killed_by":"Gremlin Leader","ascension_level":17}