{"gold_per_floor":[113,125,50,69,85,115,134,168,168,186,186,216,216,232,232,329,329,349,349,363,383,396,425,425,436,461,461,490,490,516,532,532,635,635,655,46,46,59,159,159,173,173,221,221,221,221,0,0,0,0],"floor_reached":51,"playtime":2006,"items_purged":["Strike_R","Strike_R"],"score":955,"play_id":"b424bbd2-16b2-424a-a5e2-f2cec66148dc","local_time":"20190115093216","is_ascension_mode":true,"campfire_choices":[{"data":"Heavy Blade","floor":11.0,"key":"SMITH"},{"data":"Metallicize","floor":13.0,"key":"SMITH"},{"data":"Metallicize","floor":15.0,"key":"SMITH"},{"floor":24.0,"key":"REST"},{"floor":27.0,"key":"REST"},{"floor":29.0,"key":"REST"},{"floor":32.0,"key":"REST"},{"data":"Barricade","floor":40.0,"key":"SMITH"},{"data":"Entrench","floor":42.0,"key":"SMITH"},{"data":"Body Slam","floor":44.0,"key":"SMITH"},{"floor":49.0,"key":"REST"}],"neow_cost":"NONE","seed_source_timestamp":1848444902126,"circlet_count":0,"master_deck":["Strike_R","Strike_R","Strike_R","Defend_R","Defend_R","Defend_R","Defend_R","Bash","Clash","Shrug It Off","Cleave","Heavy Blade+1","Battle Trance","Metallicize+1","Flex","Metallicize+1","Barricade+1","Entrench+1","Juggernaut","Spot Weakness","Seeing Red+1","Flame Barrier+1","Whirlwind+1","Body Slam+1"],"special_seed":0,"relics":["Burning Blood","Orichalcum","Vajra","Darkstone Periapt","Happy Flower","Art of War","Mark of Pain","Mummified Hand","Centennial Puzzle","PreservedInsect","Strawberry","Lizard Tail","Pantograph","Question Card","Mango","Juzu Bracelet","Red Mask"],"potions_floor_usage":[50],"damage_taken":[{"damage":0.0,"enemies":"2 Louse","floor":1.0,"turns":2.0},{"damage":1.0,"enemies":"Cultist","floor":2.0,"turns":3.0},{"damage":6.0,"enemies":"Jaw Worm","floor":4.0,"turns":2.0},{"damage":13.0,"enemies":"Blue Slaver","floor":5.0,"turns":3.0},{"damage":19.0,"enemies":"3 Sentries","floor":6.0,"turns":7.0},{"damage":0.0,"enemies":"2 Fungi Beasts","floor":7.0,"turns":3.0},{"damage":12.0,"enemies":"Gremlin Nob","floor":8.0,"turns":4.0},{"damage":0.0,"enemies":"Large Slime","floor":10.0,"turns":5.0},{"damage":15.0,"enemies":"Lagavulin","floor":12.0,"turns":5.0},{"damage":0.0,"enemies":"3 Louse","floor":14.0,"turns":2.0},{"damage":4.0,"enemies":"Slime Boss","floor":16.0,"turns":9.0},{"damage":2.0,"enemies":"Shell Parasite","floor":18.0,"turns":8.0},{"damage":15.0,"enemies":"3 Byrds","floor":20.0,"turns":5.0},{"damage":4.0,"enemies":"Centurion and Healer","floor":21.0,"turns":8.0},{"damage":25.0,"enemies":"Chosen and Byrds","floor":22.0,"turns":7.0},{"damage":48.0,"enemies":"Slavers","floor":23.0,"turns":6.0},{"damage":15.0,"enemies":"Snecko","floor":25.0,"turns":6.0},{"damage":24.0,"enemies":"Book of Stabbing","floor":28.0,"turns":5.0},{"damage":14.0,"enemies":"Gremlin Leader","floor":30.0,"turns":3.0},{"damage":29.0,"enemies":"Snake Plant","floor":31.0,"turns":3.0},{"damage":53.0,"enemies":"Automaton","floor":33.0,"turns":9.0},{"damage":9.0,"enemies":"Orb Walker","floor":35.0,"turns":4.0},{"damage":4.0,"enemies":"3 Shapes","floor":38.0,"turns":7.0},{"damage":32.0,"enemies":"Mind Bloom Boss Battle","floor":39.0,"turns":5.0},{"damage":25.0,"enemies":"Jaw Worm Horde","floor":41.0,"turns":2.0},{"damage":149,"enemies":"Time Eater","floor":50,"turns":14}],"seed_played":"1355423633699315855","potions_obtained":[{"floor":5.0,"key":"Weak Potion"},{"floor":6.0,"key":"FairyPotion"},{"floor":7.0,"key":"Energy Potion"},{"floor":14.0,"key":"Regen Potion"},{"floor":23.0,"key":"Swift Potion"}],"is_trial":false,"path_per_floor":["M","M","$","M","M","E","M","E","T","M","R","E","R","M","R","B",null,"M","?","M","M","M","E","R","M","T","R","E","R","E","M","R","B",null,"M","$","?","M","?","R","M","R","T","R","?","?","?","$","R","B",null],"character_chosen":"IRONCLAD","items_purchased":["Pantograph","Question Card"],"campfire_rested":5,"item_purchase_floors":[36,36],"current_hp_per_floor":[78,80,80,80,73,60,66,60,60,66,66,57,57,63,63,65,76,80,80,71,73,54,27,51,42,42,66,48,72,71,48,74,27,72,69,69,69,71,75,75,56,56,56,56,56,56,56,56,84,32],"gold":0,"neow_bonus":"RANDOM_COMMON_RELIC","is_prod":false,"is_daily":false,"chose_seed":false,"campfire_upgraded":6,"win_rate":0,"timestamp":1547512336,"path_taken":["M","M","$","M","M","E","M","E","T","M","R","E","R","M","R","BOSS","M","?","?","M","?","E","R","M","T","R","E","R","E","M","R","BOSS","M","$","?","M","?","R","M","R","T","R","?","?","?","?","R","BOSS"],"build_version":"2019-01-10","purchased_purges":2,"victory":true,"max_hp_per_floor":[80,80,80,80,80,80,80,80,80,80,80,80,80,80,80,80,80,80,80,80,80,80,80,80,80,80,80,80,80,87,87,87,87,87,87,87,87,87,101,101,101,101,101,101,101,96,96,96,96,96],"card_choices":[{"not_picked":["Wild Strike","Headbutt"],"picked":"Clash","floor":1.0},{"not_picked":["Pummel","Anger","Hemokinesis"],"picked":"SKIP","floor":2.0},{"not_picked":["Heavy Blade","Limit Break"],"picked":"Shrug It Off","floor":4.0},{"not_picked":["Evolve","Headbutt"],"picked":"Cleave","floor":5.0},{"not_picked":["Armaments","Shrug It Off"],"picked":"Heavy Blade","floor":6.0},{"not_picked":["Thunderclap","Anger"],"picked":"Battle Trance","floor":7.0},{"not_picked":["Havoc","Pommel Strike"],"picked":"Metallicize","floor":8.0},{"not_picked":["Perfected Strike","Fire Breathing"],"picked":"Flex","floor":10.0},{"not_picked":["Cleave","Clash"],"picked":"Metallicize","floor":12.0},{"not_picked":["Power Through","Brutality","Pommel Strike"],"picked":"SKIP","floor":14.0},{"not_picked":["Demon Form","Impervious"],"picked":"Barricade","floor":16.0},{"not_picked":["Pommel Strike+1","Rampage"],"picked":"Entrench","floor":18.0},{"not_picked":["Heavy Blade","Thunderclap+1"],"picked":"Spot Weakness","floor":20.0},{"not_picked":["Headbutt","Clash+1","Sword Boomerang"],"picked":"SKIP","floor":21.0},{"not_picked":["Intimidate","Heavy Blade"],"picked":"Seeing Red+1","floor":22.0},{"not_picked":["Armaments","Heavy Blade+1","Rupture+1"],"picked":"SKIP","floor":23.0},{"not_picked":["Pommel Strike+1","Anger"],"picked":"Flame Barrier+1","floor":25.0},{"not_picked":["Anger","Feel No Pain","Warcry"],"picked":"SKIP","floor":28.0},{"not_picked":["Armaments+1","Fiend Fire"],"picked":"Whirlwind+1","floor":30.0},{"not_picked":["Thunderclap","Twin Strike+1","Disarm"],"picked":"SKIP","floor":31.0},{"not_picked":["Sever Soul","Heavy Blade","Intimidate+1"],"picked":"SKIP","floor":35.0},{"not_picked":["The Bomb","Magnetism","Impatience"],"picked":"Deep Breath","floor":37.0},{"not_picked":["Whirlwind","Cleave","Power Through+1"],"picked":"Body Slam","floor":38.0},{"not_picked":["Juggernaut","Spot Weakness","Pummel+1","Feel No Pain+1"],"picked":"SKIP","floor":41.0}],"player_experience":236595,"relics_obtained":[{"floor":6.0,"key":"Vajra"},{"floor":8.0,"key":"Darkstone Periapt"},{"floor":9.0,"key":"Happy Flower"},{"floor":12.0,"key":"Art of War"},{"floor":23.0,"key":"Mummified Hand"},{"floor":26.0,"key":"Centennial Puzzle"},{"floor":28.0,"key":"PreservedInsect"},{"floor":30.0,"key":"Strawberry"},{"floor":39.0,"key":"Mango"},{"floor":43.0,"key":"Juzu Bracelet"}],"event_choices":[{"damage_healed":0.0,"max_hp_gain":0.0,"max_hp_loss":0.0,"gold_gain":0.0,"event_name":"Match and Keep!","player_choice":"1 cards matched","floor":19.0,"gold_loss":0.0,"damage_taken":0.0,"cards_obtained":["Juggernaut"]},{"damage_healed":0.0,"max_hp_gain":0.0,"max_hp_loss":0.0,"gold_gain":0.0,"event_name":"SensoryStone","player_choice":"Memory 1","floor":37.0,"gold_loss":0.0,"damage_taken":0.0},{"damage_healed":0.0,"max_hp_gain":0.0,"max_hp_loss":0.0,"gold_gain":0.0,"event_name":"MindBloom","player_choice":"Fight","floor":39.0,"gold_loss":0.0,"damage_taken":0.0},{"cards_removed":["Deep Breath"],"damage_healed":0.0,"max_hp_gain":0.0,"max_hp_loss":0.0,"gold_gain":0.0,"event_name":"Falling","player_choice":"Removed Skill","floor":45.0,"gold_loss":0.0,"damage_taken":0.0},{"damage_healed":0.0,"max_hp_gain":0.0,"max_hp_loss":5.0,"gold_gain":0.0,"event_name":"Winding Halls","player_choice":"Max HP","floor":46.0,"gold_loss":0.0,"damage_taken":0.0},{"damage_healed":0.0,"max_hp_gain":0.0,"max_hp_loss":0.0,"gold_gain":0.0,"event_name":"Tomb of Lord Red Mask","player_choice":"Paid","floor":47.0,"gold_loss":221.0,"damage_taken":0.0,"relics_obtained":["Red Mask"]}],"is_beta":false,"boss_relics":[{"not_picked":["Black Blood","Runic Cube"],"picked":"Mark of Pain"},{"not_picked":["Snecko Eye","Fusion Hammer"],"picked":"Lizard Tail"}],"items_purged_floors":[3,36],"is_endless":false,"potions_floor_spawned":[5,6,7,14,16,20,22,23,25,33,35,39],"ascension_level":6}