{"gold_per_floor":[212,227,52,86,11,11,11,103,103,163,201,201,34,77,77,232,232,277,85,128,18,18,18,30,30,30,85,125,169,169,19,19,116,116,129,140,53,53,53,53,72,129,129,129],"floor_reached":44,"playtime":1930,"items_purged":["Strike_B","Strike_B","Strike_B","Zap"],"score":799,"play_id":"003c0bb8-57cd-4ce9-ab55-5de0480c7255","local_time":"20190127104319","is_ascension_mode":true,"campfire_choices":[{"data":"HandOfGreed","floor":6,"key":"SMITH"},{"floor":12,"key":"REST"},{"data":"Sunder","floor":15,"key":"SMITH"},{"data":"Amplify","floor":23,"key":"SMITH"},{"floor":25,"key":"REST"},{"floor":30,"key":"REST"},{"floor":32,"key":"RECALL"},{"data":"Enlightenment","floor":40,"key":"SMITH"}],"neow_cost":"NONE","seed_source_timestamp":813346516321615,"circlet_count":0,"master_deck":["AscendersBane","Defend_B","Defend_B","Defend_B","Defend_B","Dualcast","Sunder+1","Doom and Gloom","HandOfGreed+1","Steam","White Noise","Creative AI+1","Storm+1","Amplify+1","Redo+1","Storm+1","Loop+1","Ghostly","Ghostly","Ghostly","Ghostly","Ghostly","Conserve Battery","Loop+1","Streamline+1","Echo Form+1","Reinforced Body+1","Storm+1","Enlightenment+1","Electrodynamics+1","Consume"],"relics":["Cracked Core","Frozen Egg 2","Snecko Eye","PreservedInsect","Shovel","Inserter","Blue Candle","Dream Catcher","Pantograph"],"potions_floor_usage":[10,11,16,16,27,27,33,33,42,44],"damage_taken":[{"damage":7,"enemies":"Small Slimes","floor":1,"turns":3},{"damage":0,"enemies":"2 Louse","floor":2,"turns":3},{"damage":7,"enemies":"Jaw Worm","floor":4,"turns":2},{"damage":5,"enemies":"Gremlin Gang","floor":8,"turns":6},{"damage":21,"enemies":"Gremlin Nob","floor":10,"turns":4},{"damage":3,"enemies":"Blue Slaver","floor":11,"turns":4},{"damage":3,"enemies":"3 Louse","floor":14,"turns":2},{"damage":16,"enemies":"Slime Boss","floor":16,"turns":7},{"damage":7,"enemies":"3 Byrds","floor":18,"turns":2},{"damage":34,"enemies":"2 Thieves","floor":20,"turns":4},{"damage":11,"enemies":"Chosen and Byrds","floor":24,"turns":6},{"damage":0,"enemies":"Gremlin Leader","floor":27,"turns":4},{"damage":19,"enemies":"Snecko","floor":28,"turns":4},{"damage":0,"enemies":"3 Cultists","floor":29,"turns":5},{"damage":1,"enemies":"Champ","floor":33,"turns":6},{"damage":18,"enemies":"3 Darklings","floor":35,"turns":3},{"damage":0,"enemies":"Orb Walker","floor":36,"turns":4},{"damage":1,"enemies":"Transient","floor":41,"turns":5},{"damage":13,"enemies":"Nemesis","floor":42,"turns":5},{"damage":23,"enemies":"3 Darklings","floor":44,"turns":3}],"seed_played":"-4247005327857205324","potions_obtained":[{"floor":2,"key":"SneckoOil"},{"floor":10,"key":"Swift Potion"},{"floor":11,"key":"Weak Potion"},{"floor":14,"key":"Block Potion"},{"floor":20,"key":"AttackPotion"},{"floor":28,"key":"Strength Potion"},{"floor":29,"key":"FearPotion"},{"floor":36,"key":"SteroidPotion"},{"floor":41,"key":"Weak Potion"},{"floor":42,"key":"AttackPotion"}],"is_trial":false,"path_per_floor":["M","M","$","M","$","R","?","M","T","E","M","R","$","M","R","B",null,"M","$","M","$","?","R","M","R","T","E","M","M","R","$","R","B",null,"M","M","$","?","T","R","M","E","T","M"],"character_chosen":"DEFECT","items_purchased":["HandOfGreed","Storm+1","Storm+1","Loop+1","FocusPotion","Enlightenment"],"campfire_rested":3,"item_purchase_floors":[3,13,19,21,21,37],"current_hp_per_floor":[61,61,61,54,54,54,47,42,42,21,18,40,40,37,37,21,62,55,55,21,21,21,21,10,21,21,21,2,2,13,13,13,12,31,13,13,13,32,32,32,31,18,18,0],"gold":129,"neow_bonus":"HUNDRED_GOLD","is_prod":false,"is_daily":false,"chose_seed":false,"campfire_upgraded":4,"win_rate":0,"timestamp":1548603799,"path_taken":["M","M","$","M","$","R","?","M","T","E","M","R","$","M","R","BOSS","M","$","M","$","?","R","M","R","T","E","M","M","R","$","R","BOSS","M","M","$","?","?","R","?","E","T","M"],"build_version":"2019-01-23","purchased_purges":4,"victory":false,"max_hp_per_floor":[75,75,75,75,75,75,75,75,75,75,75,75,75,75,75,75,75,75,75,75,75,37,37,37,37,37,37,37,37,37,37,37,37,37,37,37,37,32,32,32,32,32,32,32],"card_choices":[{"not_picked":["Sweeping Beam","Beam Cell"],"picked":"Sunder","floor":1},{"not_picked":["Coolheaded","Cold Snap"],"picked":"Doom and Gloom","floor":2},{"not_picked":["Rebound","Barrage"],"picked":"Steam","floor":4},{"not_picked":["Sweeping Beam","Gash"],"picked":"White Noise","floor":8},{"not_picked":["Doom and Gloom","Darkness"],"picked":"Creative AI","floor":10},{"not_picked":["Stack","Doom and Gloom","Go for the Eyes"],"picked":"SKIP","floor":11},{"not_picked":["Coolheaded","Streamline","Rebound"],"picked":"SKIP","floor":14},{"not_picked":["Reboot","Hyperbeam"],"picked":"Amplify","floor":16},{"not_picked":["Doom and Gloom","Coolheaded+1"],"picked":"Redo+1","floor":18},{"not_picked":["Coolheaded","Stack","Go for the Eyes"],"picked":"SKIP","floor":20},{"not_picked":["Heatsinks+1","Sweeping Beam"],"picked":"Conserve Battery","floor":24},{"not_picked":["Genetic Algorithm","Lockon","Hologram"],"picked":"SKIP","floor":27},{"not_picked":["Gash+1","Ball Lightning"],"picked":"Loop+1","floor":28},{"not_picked":["Stack","Cold Snap"],"picked":"Streamline+1","floor":29},{"not_picked":["Core Surge","Fission"],"picked":"Echo Form+1","floor":33},{"not_picked":["Turbo+1","Genetic Algorithm"],"picked":"Reinforced Body+1","floor":35},{"not_picked":["Conserve Battery","Sweeping Beam"],"picked":"Storm+1","floor":36},{"not_picked":["Coolheaded","Compile Driver"],"picked":"Electrodynamics+1","floor":41},{"not_picked":["Turbo+1","Hologram"],"picked":"Consume","floor":42}],"player_experience":498137,"relics_obtained":[{"floor":10,"key":"Frozen Egg 2"},{"floor":26,"key":"PreservedInsect"},{"floor":27,"key":"Shovel"},{"floor":39,"key":"Blue Candle"},{"floor":42,"key":"Dream Catcher"},{"floor":43,"key":"Pantograph"}],"event_choices":[{"cards_removed":["Strike_B"],"damage_healed":0,"gold_gain":0,"player_choice":"Card Removal","damage_taken":7,"max_hp_gain":0,"max_hp_loss":0,"event_name":"Golden Wing","floor":7,"gold_loss":0},{"damage_healed":0,"gold_gain":0,"player_choice":"Became a Ghost","damage_taken":0,"max_hp_gain":0,"max_hp_loss":38,"event_name":"Ghosts","floor":22,"gold_loss":0,"cards_obtained":["Ghostly","Ghostly","Ghostly","Ghostly","Ghostly"]},{"damage_healed":32,"gold_gain":0,"player_choice":"Heal","damage_taken":0,"max_hp_gain":0,"max_hp_loss":5,"event_name":"The Moai Head","floor":38,"gold_loss":0}],"is_beta":false,"boss_relics":[{"not_picked":["Philosopher\u0027s Stone","Ectoplasm"],"picked":"Snecko Eye"},{"not_picked":["Runic Pyramid","White Beast Statue"],"picked":"Inserter"}],"items_purged_floors":[5,13,19,31],"is_endless":false,"potions_floor_spawned":[2,10,11,14,20,24,28,29,36,41,42],"killed_by":"3 Darklings","ascension_level":11}