{"gold_per_floor":[13,13,28,28,28,28,60,76,150,150,182,182,197,207,207,312,312,329,329,342,342,342,377,377,377],"floor_reached":25,"playtime":1151,"items_purged":[],"score":265,"play_id":"a753d200-459b-4f8c-bb18-13421a2026a1","local_time":"20190101224708","is_ascension_mode":true,"campfire_choices":[{"data":"Feed","floor":6,"key":"SMITH"},{"data":"Anger","floor":10,"key":"SMITH"},{"data":"Iron Wave","floor":12,"key":"SMITH"},{"data":"Anger","floor":15,"key":"SMITH"},{"floor":24,"key":"REST"}],"neow_cost":"NO_GOLD","seed_source_timestamp":42047252948131,"circlet_count":0,"master_deck":["Strike_R","Strike_R","Strike_R","Strike_R","Strike_R","Defend_R+1","Defend_R","Defend_R","Defend_R+1","Bash","Feed+1","Shrug It Off","Iron Wave+1","Shrug It Off","Anger+1","Headbutt","Headbutt","Anger+1","Double Tap+1","Armaments+1","Limit Break+1","Flame Barrier+1"],"relics":["Burning Blood","War Paint","Dodecahedron","Toxic Egg 2","Sozu","Boot"],"potions_floor_usage":[23],"damage_taken":[{"damage":0,"enemies":"Small Slimes","floor":1,"turns":4},{"damage":5,"enemies":"2 Louse","floor":3,"turns":2},{"damage":23,"enemies":"Gremlin Nob","floor":7,"turns":5},{"damage":3,"enemies":"Jaw Worm","floor":8,"turns":3},{"damage":20,"enemies":"3 Sentries","floor":11,"turns":11},{"damage":13,"enemies":"Exordium Thugs","floor":13,"turns":4},{"damage":0,"enemies":"Looter","floor":14,"turns":3},{"damage":16,"enemies":"Slime Boss","floor":16,"turns":10},{"damage":0,"enemies":"Chosen","floor":18,"turns":3},{"damage":0,"enemies":"Spheric Guardian","floor":20,"turns":3},{"damage":39,"enemies":"Slavers","floor":23,"turns":7},{"damage":82,"enemies":"Gremlin Leader","floor":25,"turns":6}],"seed_played":"7245569572734938404","potions_obtained":[{"floor":7,"key":"Poison Potion"},{"floor":8,"key":"Ancient Potion"},{"floor":11,"key":"Strength Potion"}],"is_trial":false,"path_per_floor":["M","?","M","?","$","R","E","M","T","R","E","R","M","M","R","B",null,"M","?","M","?","?","E","R","E"],"character_chosen":"IRONCLAD","items_purchased":[],"campfire_rested":1,"item_purchase_floors":[],"current_hp_per_floor":[80,80,83,88,88,88,71,74,74,74,64,64,57,63,63,53,92,92,92,92,92,74,45,75,0],"gold":377,"neow_bonus":"THREE_RARE_CARDS","is_prod":false,"is_daily":false,"chose_seed":false,"campfire_upgraded":4,"win_rate":0,"timestamp":1546350428,"path_taken":["M","?","M","?","?","R","E","M","T","R","E","R","?","M","R","BOSS","M","?","?","?","?","E","R","E"],"build_version":"2018-12-20","purchased_purges":0,"victory":false,"max_hp_per_floor":[80,80,83,88,88,88,88,88,88,88,92,92,92,92,92,92,92,92,92,92,92,97,101,101,101],"card_choices":[{"not_picked":["Limit Break","Brutality"],"picked":"Feed","floor":0},{"not_picked":["True Grit","Second Wind"],"picked":"Shrug It Off","floor":1},{"not_picked":["Uppercut","Body Slam"],"picked":"Iron Wave","floor":3},{"not_picked":["Body Slam","Dual Wield"],"picked":"Shrug It Off","floor":7},{"not_picked":["Spot Weakness","Feed"],"picked":"Anger","floor":8},{"not_picked":["Thunderclap","Evolve"],"picked":"Headbutt","floor":11},{"not_picked":["Battle Trance+1","True Grit+1"],"picked":"Headbutt","floor":13},{"not_picked":["Carnage","Iron Wave"],"picked":"Anger","floor":14},{"not_picked":["Dark Embrace","Berserk"],"picked":"Double Tap+1","floor":16},{"not_picked":["Iron Wave","Bloodletting+1"],"picked":"Armaments+1","floor":18},{"not_picked":["Blood for Blood","Reckless Charge","Sword Boomerang"],"picked":"SKIP","floor":20},{"not_picked":["Clash","Perfected Strike"],"picked":"Flame Barrier+1","floor":23}],"player_experience":18659,"relics_obtained":[{"floor":7,"key":"War Paint"},{"floor":9,"key":"Dodecahedron"},{"floor":11,"key":"Toxic Egg 2"},{"floor":23,"key":"Boot"}],"event_choices":[{"damage_healed":0,"gold_gain":0,"player_choice":"Leave","damage_taken":0,"max_hp_gain":0,"max_hp_loss":0,"event_name":"The Cleric","floor":2,"gold_loss":0},{"damage_healed":0,"gold_gain":0,"player_choice":"Donut","damage_taken":0,"max_hp_gain":5,"max_hp_loss":0,"event_name":"Big Fish","floor":4,"gold_loss":0},{"damage_healed":0,"gold_gain":0,"player_choice":"Got Potions","damage_taken":0,"max_hp_gain":0,"max_hp_loss":0,"event_name":"Lab","floor":19,"gold_loss":0},{"damage_healed":0,"gold_gain":0,"player_choice":"Read","damage_taken":0,"max_hp_gain":0,"max_hp_loss":0,"event_name":"The Library","floor":21,"gold_loss":0,"cards_obtained":["Limit Break"]},{"damage_healed":0,"gold_gain":0,"player_choice":"Shed Blood","damage_taken":23,"max_hp_gain":5,"max_hp_loss":0,"event_name":"Forgotten Altar","floor":22,"gold_loss":0}],"is_beta":false,"boss_relics":[{"not_picked":["Runic Pyramid","Ectoplasm"],"picked":"Sozu"}],"items_purged_floors":[],"is_endless":false,"potions_floor_spawned":[7,8,11,14,20],"killed_by":"Gremlin Leader","ascension_level":1}