{"path_per_floor":["M","M","M","M","T","R","$","M","T","M","E","R","?","M","R"],"character_chosen":"IRONCLAD","items_purchased":[],"gold_per_floor":[119,139,159,179,179,179,104,114,114,124,149,149,149,167,167,167],"floor_reached":16,"campfire_rested":2,"playtime":788,"current_hp_per_floor":[88,88,88,77,77,77,77,76,76,41,21,47,47,38,64,0],"items_purged":["Strike_R"],"gold":167,"score":125,"play_id":"18fe52dc-52e4-4af3-9aa9-a022980e15f4","local_time":"20180508190345","is_prod":false,"is_daily":false,"chose_seed":false,"is_ascension_mode":true,"campfire_upgraded":1,"timestamp":1525831425,"path_taken":["M","?","M","?","?","R","$","M","T","M","E","R","?","M","R","BOSS"],"build_version":"2018-05-03","seed_source_timestamp":2402119432949130,"purchased_purges":1,"victory":false,"master_deck":["Strike_R","Strike_R","Strike_R","Strike_R","Defend_R","Defend_R","Defend_R","Defend_R","Bash","Intimidate","True Grit+1","Offering","Pommel Strike","Pommel Strike","Rampage","Headbutt"],"max_hp_per_floor":[88,88,88,88,88,88,88,88,88,88,88,88,88,88,88,88],"relics":["Burning Blood","Dream Catcher","Letter Opener","Gremlin Horn","Pen Nib"],"card_choices":[{"not_picked":["Whirlwind","Corruption"],"picked":"Intimidate","floor":1},{"not_picked":["Uppercut","Wild Strike"],"picked":"True Grit","floor":2},{"not_picked":["Pommel Strike","Disarm"],"picked":"Offering","floor":4},{"not_picked":["True Grit","Perfected Strike"],"picked":"Pommel Strike","floor":10},{"not_picked":["Perfected Strike","Pummel"],"picked":"Pommel Strike","floor":12},{"not_picked":["Pummel","Havoc"],"picked":"Rampage","floor":14},{"not_picked":["Flex","Seeing Red"],"picked":"Headbutt","floor":15}],"player_experience":158460,"potions_floor_usage":[11,16],"damage_taken":[{"damage":1,"enemies":"Cultist","floor":1,"turns":3},{"damage":4,"enemies":"2 Louse","floor":2,"turns":3},{"damage":5,"enemies":"Jaw Worm","floor":3,"turns":4},{"damage":17,"enemies":"3 Louse","floor":4,"turns":6},{"damage":7,"enemies":"2 Fungi Beasts","floor":8,"turns":5},{"damage":41,"enemies":"Exordium Wildlife","floor":10,"turns":8},{"damage":26,"enemies":"Gremlin Nob","floor":11,"turns":4},{"damage":15,"enemies":"Exordium Thugs","floor":14,"turns":4},{"damage":66,"enemies":"Hexaghost","floor":16,"turns":9}],"event_choices":[{"event_name":"Dead Adventurer","player_choice":"Searched \u00272\u0027 times","floor":13,"damage_taken":0}],"boss_relics":[],"potions_floor_spawned":[1,2,10,11],"seed_played":"6752445620826577897","killed_by":"Hexaghost","ascension_level":4,"is_trial":false}