{"gold_per_floor":[113,113,10,0,14,49,49,67,141,21,59,84,105,155,155,251,251,271,251],"floor_reached":19,"playtime":1106,"items_purged":["Injury"],"score":354,"play_id":"092f1776-37f9-411f-a2ea-95d515badd5b","local_time":"20190305185859","is_ascension_mode":true,"campfire_choices":[{"floor":7.0,"key":"REST"},{"data":"Discovery","floor":15,"key":"SMITH"}],"neow_cost":"NONE","seed_source_timestamp":445941442950289,"circlet_count":0,"master_deck":["AscendersBane","Strike_B","Strike_B","Strike_B","Strike_B","Defend_B","Defend_B","Defend_B","Defend_B","Zap","Dualcast","Seek","Coolheaded","Rebound","Leap","Ball Lightning","Go for the Eyes","Discovery+1","Leap","Rip and Tear","Capacitor","Beam Cell","Meteor Strike","Conserve Battery"],"special_seed":0,"relics":["Cracked Core","Golden Idol","Pen Nib","Bottled Flame","Strawberry","Sozu"],"potions_floor_usage":[11],"damage_taken":[{"damage":7.0,"enemies":"2 Louse","floor":1.0,"turns":3.0},{"damage":7.0,"enemies":"Jaw Worm","floor":5.0,"turns":4.0},{"damage":30.0,"enemies":"Gremlin Nob","floor":6.0,"turns":4.0},{"damage":0.0,"enemies":"Cultist","floor":8.0,"turns":2.0},{"damage":8,"enemies":"3 Sentries","floor":11,"turns":3},{"damage":3,"enemies":"Blue Slaver","floor":12,"turns":3},{"damage":12,"enemies":"Red Slaver","floor":13,"turns":3},{"damage":19,"enemies":"Slime Boss","floor":16,"turns":8},{"damage":50,"enemies":"Shell Parasite","floor":18,"turns":6},{"damage":11,"enemies":"2 Thieves","floor":19,"turns":1}],"seed_played":"7495397155157452718","potions_obtained":[{"floor":1.0,"key":"SpeedPotion"},{"floor":5.0,"key":"AttackPotion"},{"floor":6.0,"key":"PowerPotion"},{"floor":16,"key":"FearPotion"}],"is_trial":false,"path_per_floor":["M","?","$","?","M","E","R","M","T","$","E","M","M","?","R","B",null,"M","M"],"character_chosen":"DEFECT","items_purchased":["Rebound","Discovery","Leap"],"campfire_rested":1,"item_purchase_floors":[3,10,10],"current_hp_per_floor":[57,57,57,57,50,20,41,41,41,41,40,37,25,25,25,6,60,10,0],"gold":251,"neow_bonus":"ONE_RANDOM_RARE_CARD","is_prod":false,"is_daily":false,"chose_seed":false,"campfire_upgraded":1,"win_rate":0,"timestamp":1551808739,"path_taken":["M","?","$","?","M","E","R","M","T","?","E","?","M","?","R","BOSS","M","?"],"build_version":"2019-01-23","purchased_purges":1,"victory":false,"max_hp_per_floor":[71,71,71,71,71,71,71,71,71,71,78,78,78,78,78,78,78,78,78],"card_choices":[{"not_picked":["Leap","Streamline"],"picked":"Coolheaded","floor":1.0},{"not_picked":["Reprogram","Fusion"],"picked":"Leap","floor":5.0},{"not_picked":["Reboot","Static Discharge"],"picked":"Ball Lightning","floor":6.0},{"not_picked":["Conserve Battery","Steam Power"],"picked":"Go for the Eyes","floor":8.0},{"not_picked":["Blizzard","Static Discharge"],"picked":"Rip and Tear","floor":11},{"not_picked":["Cold Snap","Compile Driver"],"picked":"Capacitor","floor":12},{"not_picked":["Redo","Go for the Eyes"],"picked":"Beam Cell","floor":13},{"not_picked":["All For One","Amplify"],"picked":"Meteor Strike","floor":16},{"not_picked":["Leap","Darkness"],"picked":"Conserve Battery","floor":18}],"player_experience":822807,"relics_obtained":[{"floor":6.0,"key":"Pen Nib"},{"floor":9.0,"key":"Bottled Flame"},{"floor":11,"key":"Strawberry"}],"event_choices":[{"damage_healed":0.0,"max_hp_gain":0.0,"max_hp_loss":0.0,"gold_gain":0.0,"event_name":"Golden Idol","player_choice":"Take Wound","floor":2.0,"gold_loss":0.0,"damage_taken":0.0,"relics_obtained":["Golden Idol"],"cards_obtained":["Injury"]},{"damage_healed":0.0,"max_hp_gain":0.0,"max_hp_loss":0.0,"gold_gain":0.0,"event_name":"World of Goop","player_choice":"Left Gold","floor":4.0,"gold_loss":10.0,"damage_taken":0.0},{"damage_healed":0,"gold_gain":50,"player_choice":"Pray","damage_taken":0,"max_hp_gain":0,"max_hp_loss":0,"event_name":"Golden Shrine","floor":14,"gold_loss":0}],"is_beta":false,"boss_relics":[{"not_picked":["Pandora\u0027s Box","Busted Crown"],"picked":"Sozu"}],"items_purged_floors":[3],"is_endless":false,"potions_floor_spawned":[1,5,6,16,18],"killed_by":"2 Thieves","ascension_level":20}