{"gold_per_floor":[119,6,6,6,24,58,58,90,161,186,112,112,140,66,66,161,161,172,186,199,124,124],"floor_reached":22,"playtime":1005,"items_purged":["Strike_R","Strike_R","Defend_R"],"score":329,"play_id":"566a5856-fea1-493a-95f5-51f8c6590ee6","local_time":"20190118220948","is_ascension_mode":true,"campfire_choices":[{"data":"Cleave","floor":7.0,"key":"SMITH"},{"floor":12.0,"key":"REST"},{"data":"True Grit","floor":15.0,"key":"SMITH"}],"neow_cost":"NONE","seed_source_timestamp":25690744014317,"circlet_count":0,"master_deck":["Strike_R","Strike_R+1","Defend_R","Defend_R","Defend_R","Bash","Cleave+1","Metallicize","Clash+1","Evolve","Rage","True Grit+1","Disarm","Shrug It Off","Limit Break","Ghostly Armor","Inflame","Flex"],"special_seed":0,"relics":["Burning Blood","NeowsBlessing","Happy Flower","Whetstone","Strawberry","Sundial","Smiling Mask","Unceasing Top"],"potions_floor_usage":[22],"damage_taken":[{"damage":0.0,"enemies":"Small Slimes","floor":1.0,"turns":1.0},{"damage":0.0,"enemies":"Jaw Worm","floor":5.0,"turns":1.0},{"damage":0.0,"enemies":"3 Sentries","floor":6.0,"turns":2.0},{"damage":29.0,"enemies":"Lagavulin","floor":8.0,"turns":5.0},{"damage":14.0,"enemies":"Gremlin Nob","floor":10.0,"turns":4.0},{"damage":9.0,"enemies":"3 Sentries","floor":13.0,"turns":8.0},{"damage":31.0,"enemies":"Hexaghost","floor":16.0,"turns":16.0},{"damage":22.0,"enemies":"Spheric Guardian","floor":18.0,"turns":7.0},{"damage":3.0,"enemies":"Chosen","floor":19.0,"turns":8.0},{"damage":29.0,"enemies":"Snake Plant","floor":20.0,"turns":5.0},{"damage":37,"enemies":"Snecko","floor":22,"turns":8}],"seed_played":"8166497954152142232","potions_obtained":[{"floor":8.0,"key":"Swift Potion"},{"floor":10.0,"key":"Dexterity Potion"},{"floor":13.0,"key":"Weak Potion"},{"floor":19.0,"key":"SkillPotion"},{"floor":20.0,"key":"SteroidPotion"}],"is_trial":false,"path_per_floor":["M","$","?","?","M","E","R","E","T","E","$","R","E","$","R","B",null,"M","M","M","?","M"],"character_chosen":"IRONCLAD","items_purchased":["Metallicize","True Grit","Shrug It Off"],"campfire_rested":1,"item_purchase_floors":[2,11,14],"current_hp_per_floor":[78,78,45,45,51,57,57,41,41,33,33,59,56,56,56,31,73,57,60,37,37,0],"gold":124,"neow_bonus":"THREE_ENEMY_KILL","is_prod":false,"is_daily":false,"chose_seed":false,"campfire_upgraded":2,"win_rate":0,"timestamp":1547816988,"path_taken":["M","$","?","?","M","E","R","E","T","E","$","R","E","$","R","BOSS","M","M","M","?","M"],"build_version":"2019-01-17v2","purchased_purges":3,"victory":false,"max_hp_per_floor":[80,80,80,80,80,80,80,87,87,87,87,87,87,87,87,87,87,87,87,87,87,87],"card_choices":[{"not_picked":["Reckless Charge","True Grit"],"picked":"Cleave","floor":1.0},{"not_picked":["Shrug It Off","Cleave"],"picked":"Clash","floor":5.0},{"not_picked":["Thunderclap","Heavy Blade"],"picked":"Evolve","floor":6.0},{"not_picked":["Clash","Cleave"],"picked":"Rage","floor":8.0},{"not_picked":["Sword Boomerang","Wild Strike","Sentinel"],"picked":"SKIP","floor":10.0},{"not_picked":["Flex","Dropkick"],"picked":"Disarm","floor":13.0},{"not_picked":["Dark Embrace","Exhume"],"picked":"Limit Break","floor":16.0},{"not_picked":["True Grit","Iron Wave"],"picked":"Ghostly Armor","floor":18.0},{"not_picked":["Pummel","Warcry"],"picked":"Inflame","floor":19.0},{"not_picked":["Cleave+1","Armaments"],"picked":"Flex","floor":20.0}],"player_experience":245795,"relics_obtained":[{"floor":6.0,"key":"Whetstone"},{"floor":8.0,"key":"Strawberry"},{"floor":9.0,"key":"Sundial"},{"floor":10.0,"key":"Smiling Mask"},{"floor":13.0,"key":"Unceasing Top"}],"event_choices":[{"damage_healed":0.0,"max_hp_gain":0.0,"max_hp_loss":0.0,"gold_gain":0.0,"event_name":"Scrap Ooze","player_choice":"Success","floor":3.0,"gold_loss":0.0,"damage_taken":33.0,"relics_obtained":["Happy Flower"]},{"damage_healed":0.0,"max_hp_gain":0.0,"max_hp_loss":0.0,"gold_gain":0.0,"event_name":"Liars Game","player_choice":"Ignored","floor":4.0,"gold_loss":0.0,"damage_taken":0.0},{"cards_removed":["Strike_R"],"damage_healed":0.0,"max_hp_gain":0.0,"max_hp_loss":0.0,"gold_gain":0.0,"event_name":"Beggar","player_choice":"Gave Gold","floor":21.0,"gold_loss":75.0,"damage_taken":0.0}],"is_beta":false,"boss_relics":[{"not_picked":["Philosopher\u0027s Stone","Astrolabe","Runic Dome"]}],"items_purged_floors":[2,11,14],"is_endless":false,"potions_floor_spawned":[8,10,13,19,20],"killed_by":"Snecko","ascension_level":8}