{"gold_per_floor":[117,133,144,244,63,63,138,325,362,374,397,359,371,383,395,407],"floor_reached":16,"playtime":428,"items_purged":[],"score":167,"play_id":"cfc6c108-b1f9-45ff-a25e-46023a3ae0a3","local_time":"20190220123901","is_ascension_mode":true,"campfire_choices":[{"data":"HandOfGreed","floor":6,"key":"SMITH"},{"floor":10,"key":"REST"},{"data":"Well Laid Plans","floor":13,"key":"SMITH"},{"data":"Caltrops","floor":15,"key":"SMITH"}],"neow_cost":"TEN_PERCENT_HP_LOSS","seed_source_timestamp":93465938617909,"circlet_count":0,"master_deck":["AscendersBane","Defend_G","Defend_G","Defend_G","Defend_G","Defend_G","Strike_G","Strike_G","Strike_G","Strike_G","Strike_G","Survivor","Neutralize","Deflect","Endless Agony","Caltrops+1","HandOfGreed+1","Well Laid Plans+1","Deflect"],"relics":["Ring of the Snake","StoneCalendar","MawBank","Pen Nib"],"potions_floor_usage":[11,16],"damage_taken":[{"damage":1,"enemies":"Cultist","floor":1,"turns":5},{"damage":14,"enemies":"Jaw Worm","floor":2,"turns":6},{"damage":0,"enemies":"Small Slimes","floor":3,"turns":4},{"damage":31,"enemies":"3 Sentries","floor":7,"turns":7},{"damage":1,"enemies":"Looter","floor":11,"turns":2},{"damage":30,"enemies":"The Guardian","floor":16,"turns":4}],"seed_played":"8494616353798379402","potions_obtained":[{"floor":1,"key":"Fire Potion"},{"floor":2,"key":"Weak Potion"},{"floor":11,"key":"Poison Potion"}],"is_trial":false,"path_per_floor":["M","M","M","?","$","R","E","?","T","R","M","?","R","$","R","B"],"character_chosen":"THE_SILENT","items_purchased":["HandOfGreed"],"campfire_rested":1,"item_purchase_floors":[5],"current_hp_per_floor":[58,44,44,44,44,44,13,13,13,31,30,30,30,30,30,0],"gold":407,"neow_bonus":"ONE_RARE_RELIC","is_prod":false,"is_daily":false,"chose_seed":false,"campfire_upgraded":3,"win_rate":0,"timestamp":1550684341,"path_taken":["M","?","M","?","?","R","E","?","T","R","M","?","R","?","R","BOSS"],"build_version":"2019-01-23","purchased_purges":0,"victory":false,"max_hp_per_floor":[60,60,60,60,60,60,60,60,60,60,60,60,60,60,60,60],"card_choices":[{"not_picked":["Accuracy","Heel Hook"],"picked":"Deflect","floor":1},{"not_picked":["Quick Slash","Sucker Punch"],"picked":"Endless Agony","floor":2},{"not_picked":["Slice","Concentrate"],"picked":"Caltrops","floor":3},{"not_picked":["Finisher","Bullet Time"],"picked":"Well Laid Plans","floor":7},{"not_picked":["Prepared","Slice"],"picked":"Deflect","floor":11}],"player_experience":799590,"relics_obtained":[{"floor":7,"key":"MawBank"},{"floor":9,"key":"Pen Nib"}],"event_choices":[{"damage_healed":0,"gold_gain":100,"player_choice":"Pray","damage_taken":0,"max_hp_gain":0,"max_hp_loss":0,"event_name":"Golden Shrine","floor":4,"gold_loss":0},{"damage_healed":0,"gold_gain":175,"player_choice":"AGREE","damage_taken":0,"max_hp_gain":0,"max_hp_loss":0,"event_name":"Liars Game","floor":8,"gold_loss":0,"cards_obtained":["Doubt"]},{"cards_removed":["Doubt"],"damage_healed":0,"gold_gain":0,"player_choice":"Card Removal","damage_taken":0,"max_hp_gain":0,"max_hp_loss":0,"event_name":"The Cleric","floor":12,"gold_loss":50}],"is_beta":false,"boss_relics":[],"items_purged_floors":[],"is_endless":false,"potions_floor_spawned":[1,2,11],"killed_by":"The Guardian","ascension_level":14}