{"gold_per_floor":[216,28,38,50,50,84,84,99,99,114,28,60,60,85,85,184,184,198,198,35,35,35,35,12,12,39,39,54,54,71,82,82,179,179,190,90,106,106,106,106,118,118,145,155,155,155,73,73,73,73],"floor_reached":51,"playtime":2506,"items_purged":["Defend_B","Strike_B"],"score":1004,"play_id":"66028a48-5bfa-4ee1-81bc-df6125676be1","local_time":"20190209130326","is_ascension_mode":true,"campfire_choices":[{"data":"Buffer","floor":7.0,"key":"SMITH"},{"floor":13.0,"key":"REST"},{"data":"Hologram","floor":15.0,"key":"SMITH"},{"floor":23.0,"key":"REST"},{"data":"Thunder Strike","floor":27.0,"key":"SMITH"},{"data":"Coolheaded","floor":32.0,"key":"SMITH"},{"data":"Fission","floor":40.0,"key":"SMITH"},{"floor":42,"key":"REST"},{"data":"Zap","floor":45,"key":"SMITH"},{"floor":49,"key":"REST"}],"neow_cost":"NONE","seed_source_timestamp":5446605023737,"circlet_count":0,"master_deck":["AscendersBane","Strike_B","Strike_B","Defend_B+1","Defend_B+1","Zap+1","Dualcast","Skim","Glacier","Static Discharge+1","Hologram+1","Buffer+1","Ball Lightning","Self Repair","Ball Lightning","BootSequence","Go for the Eyes","Thunder Strike+1","Leap","Amplify","Turbo","Coolheaded+1","Fission+1","Defragment+1"],"special_seed":0,"relics":["FrozenCore","Nunchaku","Calipers","Ginger","Art of War","MutagenicStrength","Strawberry","War Paint","Velvet Choker","Pen Nib"],"potions_floor_usage":[41,41,50,50],"damage_taken":[{"damage":5.0,"enemies":"Small Slimes","floor":1.0,"turns":4.0},{"damage":1.0,"enemies":"Jaw Worm","floor":3.0,"turns":4.0},{"damage":0.0,"enemies":"2 Louse","floor":4.0,"turns":3.0},{"damage":24.0,"enemies":"Lagavulin","floor":6.0,"turns":5.0},{"damage":7.0,"enemies":"Large Slime","floor":8.0,"turns":7.0},{"damage":0.0,"enemies":"Exordium Wildlife","floor":10.0,"turns":4.0},{"damage":24.0,"enemies":"3 Sentries","floor":12.0,"turns":7.0},{"damage":0.0,"enemies":"Lagavulin","floor":14.0,"turns":6.0},{"damage":8.0,"enemies":"The Guardian","floor":16.0,"turns":15.0},{"damage":13.0,"enemies":"Spheric Guardian","floor":18.0,"turns":6.0},{"damage":17.0,"enemies":"Colosseum Slavers","floor":19.0,"turns":6.0},{"damage":11.0,"enemies":"Shell Parasite","floor":28.0,"turns":6.0},{"damage":5.0,"enemies":"Snecko","floor":30.0,"turns":9.0},{"damage":20.0,"enemies":"Shelled Parasite and Fungi","floor":31.0,"turns":6.0},{"damage":50.0,"enemies":"Champ","floor":33.0,"turns":17.0},{"damage":24.0,"enemies":"3 Darklings","floor":35.0,"turns":6.0},{"damage":17.0,"enemies":"Orb Walker","floor":37.0,"turns":3.0},{"damage":2,"enemies":"Writhing Mass","floor":41,"turns":8},{"damage":25,"enemies":"Spire Growth","floor":44,"turns":6},{"damage":71,"enemies":"Awakened One","floor":50,"turns":10}],"seed_played":"296262740214904635","potions_obtained":[{"floor":3.0,"key":"Fire Potion"},{"floor":10.0,"key":"Poison Potion"},{"floor":12.0,"key":"SpeedPotion"},{"floor":30.0,"key":"LiquidBronze"},{"floor":31.0,"key":"SpeedPotion"},{"floor":35.0,"key":"Dexterity Potion"},{"floor":41,"key":"EssenceOfSteel"},{"floor":44,"key":"Swift Potion"}],"is_trial":false,"path_per_floor":["M","$","M","M","?","E","R","M","T","M","$","E","R","E","R","B",null,"M","?","$","?","?","R","$","?","T","R","M","T","M","M","R","B",null,"M","$","M","?","?","R","M","R","T","M","R","?","$","?","R","B",null],"character_chosen":"DEFECT","items_purchased":["Glacier","Static Discharge","Self Repair","Ball Lightning","Amplify","Turbo","Defragment"],"campfire_rested":4,"item_purchase_floors":[2,2,11,11,20,24,47],"current_hp_per_floor":[63,63,62,62,62,38,38,31,31,31,31,14,36,36,36,35,65,59,42,42,28,28,52,52,52,59,59,55,55,64,58,58,15,69,52,52,35,35,35,35,47,73,73,62,62,62,62,62,87,23],"gold":73,"neow_bonus":"HUNDRED_GOLD","is_prod":false,"is_daily":false,"chose_seed":false,"campfire_upgraded":6,"win_rate":0,"timestamp":1549685006,"path_taken":["M","$","M","M","?","E","R","M","T","M","$","E","R","E","R","BOSS","M","?","$","?","?","R","$","?","T","R","?","?","M","M","R","BOSS","M","?","?","?","?","R","?","R","T","M","R","?","$","?","R","BOSS"],"build_version":"2019-01-23","purchased_purges":2,"victory":true,"max_hp_per_floor":[75,75,75,75,75,75,75,75,75,75,75,75,75,75,75,75,75,75,75,75,80,80,80,80,80,87,87,87,87,87,87,87,87,87,87,87,87,87,87,87,87,87,87,87,87,87,87,87,87,87],"card_choices":[{"not_picked":["Hologram","Coolheaded"],"picked":"Skim","floor":1.0},{"not_picked":["Compile Driver","Chaos"],"picked":"Hologram","floor":3.0},{"not_picked":["Reprogram","Stack","Steam"],"picked":"SKIP","floor":4.0},{"not_picked":["Undo","Steam"],"picked":"Buffer","floor":6.0},{"not_picked":["Cold Snap","Reinforced Body"],"picked":"Ball Lightning","floor":8.0},{"not_picked":["Hologram","Sunder","Machine Learning"],"picked":"SKIP","floor":10.0},{"not_picked":["Go for the Eyes","Tempest"],"picked":"BootSequence","floor":12.0},{"not_picked":["BootSequence","Skim"],"picked":"Go for the Eyes","floor":14.0},{"not_picked":["Multi-Cast","Biased Cognition"],"picked":"Thunder Strike","floor":16.0},{"not_picked":["Gash","Go for the Eyes+1"],"picked":"Leap","floor":18.0},{"not_picked":["Cold Snap","Rebound"],"picked":"Coolheaded","floor":28.0},{"not_picked":["Compile Driver","Coolheaded","Doom and Gloom"],"picked":"SKIP","floor":30.0},{"not_picked":["Compile Driver+1","BootSequence","Reinforced Body"],"picked":"SKIP","floor":31.0},{"not_picked":["Hyperbeam","Meteor Strike"],"picked":"Fission","floor":33.0},{"not_picked":["Streamline+1","FTL","Compile Driver"],"picked":"SKIP","floor":35.0},{"not_picked":["Chill+1","Scrape+1","Hologram"],"picked":"SKIP","floor":37.0},{"not_picked":["Compile Driver+1","Gash+1","Streamline+1"],"picked":"SKIP","floor":41},{"not_picked":["Streamline","Steam","Skim"],"picked":"SKIP","floor":44}],"player_experience":303284,"relics_obtained":[{"floor":6.0,"key":"Nunchaku"},{"floor":9.0,"key":"Calipers"},{"floor":12.0,"key":"Ginger"},{"floor":14.0,"key":"Art of War"},{"floor":26.0,"key":"Strawberry"},{"floor":29.0,"key":"War Paint"},{"floor":43,"key":"Pen Nib"}],"event_choices":[{"damage_healed":0.0,"max_hp_gain":0.0,"max_hp_loss":0.0,"gold_gain":0.0,"event_name":"Living Wall","player_choice":"Grow","floor":5.0,"gold_loss":0.0,"damage_taken":0.0,"cards_upgraded":["Static Discharge"]},{"damage_healed":0.0,"max_hp_gain":0.0,"max_hp_loss":0.0,"gold_gain":0.0,"event_name":"Colosseum","player_choice":"Fight","floor":19.0,"gold_loss":0.0,"damage_taken":0.0},{"damage_healed":0.0,"max_hp_gain":0.0,"max_hp_loss":0.0,"gold_gain":0.0,"event_name":"Colosseum","player_choice":"Fled From Nobs","floor":19.0,"gold_loss":0.0,"damage_taken":0.0},{"damage_healed":0.0,"max_hp_gain":5.0,"max_hp_loss":0.0,"gold_gain":0.0,"event_name":"Forgotten Altar","player_choice":"Shed Blood","floor":21.0,"gold_loss":0.0,"damage_taken":19.0},{"damage_healed":0.0,"max_hp_gain":0.0,"max_hp_loss":0.0,"gold_gain":0.0,"event_name":"Drug Dealer","player_choice":"Inject Mutagens","floor":22.0,"gold_loss":0.0,"damage_taken":0.0,"relics_obtained":["MutagenicStrength"]},{"damage_healed":0.0,"max_hp_gain":0.0,"max_hp_loss":0.0,"gold_gain":0.0,"event_name":"The Mausoleum","player_choice":"Ignored","floor":25.0,"gold_loss":0.0,"damage_taken":0.0},{"cards_removed":["Strike_B"],"damage_healed":0.0,"max_hp_gain":0.0,"max_hp_loss":0.0,"gold_gain":0.0,"event_name":"Falling","player_choice":"Removed Attack","floor":38.0,"gold_loss":0.0,"damage_taken":0.0},{"cards_removed":["Defend_B"],"damage_healed":0.0,"max_hp_gain":0.0,"max_hp_loss":0.0,"gold_gain":0.0,"event_name":"Bonfire Elementals","player_choice":"Offered Basic","floor":39.0,"gold_loss":0.0,"damage_taken":0.0},{"damage_healed":0,"gold_gain":0,"player_choice":"Ignored","damage_taken":0,"max_hp_gain":0,"max_hp_loss":0,"event_name":"Mysterious Sphere","floor":46,"gold_loss":0},{"damage_healed":0,"gold_gain":0,"player_choice":"Upgraded","damage_taken":0,"max_hp_gain":0,"max_hp_loss":0,"event_name":"Upgrade Shrine","floor":48,"gold_loss":0,"cards_upgraded":["Defragment"]}],"is_beta":false,"boss_relics":[{"not_picked":["Orrery","Fusion Hammer"],"picked":"FrozenCore"},{"not_picked":["Tiny House","Eternal Feather"],"picked":"Velvet Choker"}],"items_purged_floors":[2,36],"is_endless":false,"potions_floor_spawned":[3,10,12,30,31,35,41,44],"ascension_level":10}