{"gold_per_floor":[113,0,0,0,23,64,64,103,103,103,119,158,158,172,172,267,267,250,268,59,59,20,20,20,20,20,40,40,40,61,61],"floor_reached":31,"playtime":1141,"items_purged":["Strike_G"],"score":511,"play_id":"606656da-57f7-40c2-9914-42dc95971402","local_time":"20190305001051","is_ascension_mode":true,"campfire_choices":[{"data":"Cloak And Dagger","floor":10,"key":"SMITH"},{"data":"Footwork","floor":13,"key":"SMITH"},{"floor":15,"key":"REST"},{"data":"Cloak And Dagger","floor":23,"key":"SMITH"},{"data":"Cloak And Dagger","floor":25,"key":"SMITH"},{"floor":28,"key":"REST"}],"neow_cost":"NONE","seed_source_timestamp":251301608552058,"circlet_count":0,"master_deck":["AscendersBane","Defend_G","Defend_G","Defend_G","Defend_G","Defend_G","Strike_G","Strike_G+1","Strike_G","Strike_G","Survivor","Neutralize+1","Dagger Spray","Cloak And Dagger+1","Sucker Punch+1","Backflip","Footwork+1","Skewer","Infinite Blades","Cloak And Dagger+1","Tools of the Trade","Cloak And Dagger+1","Infinite Blades","Caltrops","Necronomicurse","PiercingWail"],"relics":["Ring of the Snake","NeowsBlessing","Golden Idol","Peace Pipe","Bottled Lightning","Shuriken","Whetstone","Sozu","Dodecahedron","Necronomicon"],"potions_floor_usage":[8,12,12],"damage_taken":[{"damage":0,"enemies":"Jaw Worm","floor":1,"turns":1},{"damage":0,"enemies":"2 Louse","floor":5,"turns":1},{"damage":0,"enemies":"Lagavulin","floor":6,"turns":1},{"damage":27,"enemies":"Gremlin Nob","floor":8,"turns":5},{"damage":0,"enemies":"Cultist","floor":11,"turns":4},{"damage":15,"enemies":"3 Sentries","floor":12,"turns":7},{"damage":2,"enemies":"Large Slime","floor":14,"turns":6},{"damage":18,"enemies":"The Guardian","floor":16,"turns":13},{"damage":14,"enemies":"2 Thieves","floor":18,"turns":4},{"damage":12,"enemies":"Spheric Guardian","floor":19,"turns":7},{"damage":19,"enemies":"Snecko","floor":27,"turns":6},{"damage":4,"enemies":"Cultist and Chosen","floor":30,"turns":5},{"damage":21,"enemies":"Colosseum Slavers","floor":31,"turns":3}],"seed_played":"-548374984849660106","potions_obtained":[{"floor":1,"key":"Poison Potion"},{"floor":6,"key":"LiquidBronze"},{"floor":8,"key":"Regen Potion"}],"is_trial":false,"path_per_floor":["M","$","?","$","M","E","?","E","T","R","M","E","R","M","R","B",null,"M","M","$","?","$","R","?","R","T","M","R","?","M","?"],"character_chosen":"THE_SILENT","items_purchased":["Dagger Spray","Cloak And Dagger","Cloak And Dagger","Infinite Blades","Caltrops"],"campfire_rested":2,"item_purchase_floors":[2,2,20,20,22],"current_hp_per_floor":[59,59,59,59,59,59,59,32,32,32,32,32,32,30,48,30,53,39,27,27,27,27,27,27,27,27,8,26,5,1,0],"gold":61,"neow_bonus":"THREE_ENEMY_KILL","is_prod":false,"is_daily":false,"chose_seed":false,"campfire_upgraded":4,"win_rate":0,"timestamp":1551741051,"path_taken":["M","$","?","$","M","E","?","E","T","R","M","E","R","M","R","BOSS","M","M","$","?","$","R","?","R","T","M","R","?","M","?"],"build_version":"2019-01-23","purchased_purges":1,"victory":false,"max_hp_per_floor":[66,66,60,60,60,60,60,60,60,60,60,60,60,60,60,60,60,60,60,60,60,60,60,60,60,60,60,60,60,60,60],"card_choices":[{"not_picked":["Distraction","Prepared","All Out Attack"],"picked":"SKIP","floor":1},{"not_picked":["Masterful Stab","All Out Attack"],"picked":"Sucker Punch","floor":5},{"not_picked":["Dagger Throw","Eviscerate"],"picked":"Backflip","floor":6},{"not_picked":["Distraction","Flying Knee"],"picked":"Footwork","floor":8},{"not_picked":["Quick Slash","Prepared"],"picked":"Skewer","floor":11},{"not_picked":["Reflex","Phantasmal Killer"],"picked":"Infinite Blades","floor":12},{"not_picked":["Acrobatics","Footwork"],"picked":"Cloak And Dagger","floor":14},{"not_picked":["Doppelganger","Venomology"],"picked":"Tools of the Trade","floor":16},{"not_picked":["Poisoned Stab","Skewer","Riddle With Holes"],"picked":"SKIP","floor":18},{"not_picked":["Catalyst","Deflect","Quick Slash"],"picked":"SKIP","floor":19},{"not_picked":["Bouncing Flask","Expertise","Skewer"],"picked":"SKIP","floor":27},{"not_picked":["Backflip","Dodge and Roll+1"],"picked":"PiercingWail","floor":30}],"player_experience":867061,"relics_obtained":[{"floor":6,"key":"Peace Pipe"},{"floor":8,"key":"Bottled Lightning"},{"floor":9,"key":"Shuriken"},{"floor":12,"key":"Whetstone"},{"floor":26,"key":"Dodecahedron"},{"floor":29,"key":"Necronomicon"}],"event_choices":[{"damage_healed":0,"gold_gain":0,"player_choice":"Lose Max HP","damage_taken":0,"relics_obtained":["Golden Idol"],"max_hp_gain":0,"max_hp_loss":6,"event_name":"Golden Idol","floor":3,"gold_loss":0},{"damage_healed":0,"gold_gain":0,"player_choice":"Forge","damage_taken":0,"max_hp_gain":0,"max_hp_loss":0,"event_name":"Accursed Blacksmith","floor":7,"gold_loss":0,"cards_upgraded":["Neutralize"]},{"damage_healed":0,"gold_gain":0,"player_choice":"Ignored","damage_taken":0,"max_hp_gain":0,"max_hp_loss":0,"event_name":"Beggar","floor":21,"gold_loss":0},{"damage_healed":0,"gold_gain":0,"player_choice":"Ignored","damage_taken":0,"max_hp_gain":0,"max_hp_loss":0,"event_name":"The Mausoleum","floor":24,"gold_loss":0},{"damage_healed":0,"gold_gain":0,"player_choice":"Obtained Book","damage_taken":21,"max_hp_gain":0,"max_hp_loss":0,"event_name":"Cursed Tome","floor":29,"gold_loss":0},{"damage_healed":0,"gold_gain":0,"player_choice":"Fight","damage_taken":0,"max_hp_gain":0,"max_hp_loss":0,"event_name":"Colosseum","floor":31,"gold_loss":0}],"is_beta":false,"boss_relics":[{"not_picked":["Velvet Choker","Ring of the Serpent"],"picked":"Sozu"}],"items_purged_floors":[20],"is_endless":false,"potions_floor_spawned":[1,6,8,18,27,30],"killed_by":"Colosseum Slavers","ascension_level":17}