{"gold_per_floor":[111,111,111,121,139,139,171,171,171,171,346,346,364,378,378,378],"floor_reached":16,"playtime":507,"items_purged":[],"score":140,"play_id":"cddcdcb2-e3b2-4a99-ad6a-e208b74eb68f","local_time":"20190213232053","is_ascension_mode":true,"campfire_choices":[{"data":"Zap","floor":6.0,"key":"SMITH"},{"floor":8.0,"key":"REST"},{"data":"Dualcast","floor":10.0,"key":"SMITH"},{"data":"Conserve Battery","floor":12.0,"key":"SMITH"},{"data":"Go for the Eyes","floor":15.0,"key":"SMITH"}],"neow_cost":"NONE","seed_source_timestamp":108182436583472,"circlet_count":0,"master_deck":["Strike_B","Strike_B+1","Strike_B","Strike_B","Defend_B+1","Defend_B","Defend_B","Defend_B","Zap+1","Dualcast+1","Conserve Battery+1","Undo","Doubt","Go for the Eyes+1"],"special_seed":0,"relics":["Cracked Core","NeowsBlessing","Darkstone Periapt","Bronze Scales","Orichalcum"],"potions_floor_usage":[16,16],"damage_taken":[{"damage":0.0,"enemies":"Jaw Worm","floor":1.0,"turns":1.0},{"damage":0.0,"enemies":"Small Slimes","floor":4.0,"turns":1.0},{"damage":0.0,"enemies":"Cultist","floor":5.0,"turns":1.0},{"damage":31.0,"enemies":"3 Sentries","floor":7.0,"turns":10.0},{"damage":1.0,"enemies":"Large Slime","floor":13.0,"turns":5.0},{"damage":3.0,"enemies":"Looter","floor":14.0,"turns":3.0},{"damage":39,"enemies":"Slime Boss","floor":16,"turns":11}],"seed_played":"2746973752707772373","potions_obtained":[{"floor":7.0,"key":"Fire Potion"},{"floor":13.0,"key":"Dexterity Potion"}],"is_trial":false,"path_per_floor":["M","?","?","M","M","R","E","R","T","R","?","R","M","M","R","B"],"character_chosen":"DEFECT","items_purchased":[],"campfire_rested":1,"item_purchase_floors":[],"current_hp_per_floor":[68,61,46,46,46,46,15,37,37,37,43,43,42,39,39,0],"gold":378,"neow_bonus":"THREE_ENEMY_KILL","is_prod":false,"is_daily":false,"chose_seed":false,"campfire_upgraded":4,"win_rate":0,"timestamp":1550128853,"path_taken":["M","?","?","M","M","R","E","R","T","R","?","R","M","?","R","BOSS"],"build_version":"2019-01-23","purchased_purges":0,"victory":false,"max_hp_per_floor":[75,75,75,75,75,75,75,75,75,75,81,81,81,81,81,81],"card_choices":[{"not_picked":["Stack","Barrage","Leap"],"picked":"SKIP","floor":1.0},{"not_picked":["Leap","Sweeping Beam"],"picked":"Conserve Battery","floor":4.0},{"not_picked":["Force Field","Beam Cell"],"picked":"Undo","floor":5.0},{"not_picked":["Heatsinks","Skim","Double Energy"],"picked":"SKIP","floor":7.0},{"not_picked":["Hologram","Multi-Cast"],"picked":"Go for the Eyes","floor":13.0},{"not_picked":["Fusion","Skim","Compile Driver"],"picked":"SKIP","floor":14.0}],"player_experience":363287,"relics_obtained":[{"floor":7.0,"key":"Bronze Scales"},{"floor":9.0,"key":"Orichalcum"}],"event_choices":[{"damage_healed":0.0,"max_hp_gain":0.0,"max_hp_loss":0.0,"gold_gain":0.0,"event_name":"Scrap Ooze","player_choice":"Success","floor":2.0,"gold_loss":0.0,"damage_taken":7.0,"relics_obtained":["Darkstone Periapt"]},{"damage_healed":0.0,"max_hp_gain":0.0,"max_hp_loss":0.0,"gold_gain":0.0,"event_name":"Shining Light","player_choice":"Entered Light","floor":3.0,"gold_loss":0.0,"damage_taken":15.0,"cards_upgraded":["Defend_B","Strike_B"]},{"damage_healed":0.0,"max_hp_gain":0.0,"max_hp_loss":0.0,"gold_gain":175.0,"event_name":"Liars Game","player_choice":"AGREE","floor":11.0,"gold_loss":0.0,"damage_taken":0.0,"cards_obtained":["Doubt"]}],"is_beta":false,"boss_relics":[],"items_purged_floors":[],"is_endless":false,"potions_floor_spawned":[7,13],"killed_by":"Slime Boss","ascension_level":8}