{"gold_per_floor":[110,110,123,133,151,151,185,185,185,260,260,6,6,19,19,114,114,128,128,31,49,49,49,82,98,180,180,209,209,209,219,219,316,316,331,331,346,358,458,458,485,485,485,485,500,500,500,500,500,500],"floor_reached":51,"playtime":3752,"items_purged":["Strike_B"],"score":836,"play_id":"fa73a714-19a9-4355-9a08-4c0d690fae44","local_time":"20190216122426","is_ascension_mode":false,"campfire_choices":[{"data":"Streamline","floor":6.0,"key":"SMITH"},{"data":"Dualcast","floor":11.0,"key":"SMITH"},{"data":"Hologram","floor":15.0,"key":"SMITH"},{"data":"RitualDagger","floor":23.0,"key":"SMITH"},{"floor":29,"key":"REST"},{"floor":32,"key":"REST"},{"data":"1","floor":40,"key":"LIFT"},{"floor":42,"key":"REST"},{"data":"2","floor":44,"key":"LIFT"},{"floor":49,"key":"REST"}],"neow_cost":"NONE","seed_source_timestamp":0,"circlet_count":0,"master_deck":["Strike_B","Defend_B","Defend_B","Defend_B","Defend_B","Zap+1","Dualcast+1","Leap","Coolheaded","Cold Snap","Streamline+1","Cold Snap","Hologram+1","Go for the Eyes+1","RitualDagger+1","Compile Driver","Conserve Battery","Conserve Battery","Ball Lightning","Ball Lightning","Cold Snap+1","Leap+1","Conserve Battery+1"],"special_seed":0,"relics":["Cracked Core","Ancient Tea Set","Strawberry","Mummified Hand","Symbiotic Virus","Letter Opener","Inserter","Darkstone Periapt","Mercury Hourglass","MutagenicStrength","Calipers","Empty Cage","Girya","Bottled Flame","Ice Cream","Kunai"],"potions_floor_usage":[28,28,41,41],"damage_taken":[{"damage":4.0,"enemies":"2 Louse","floor":1.0,"turns":2.0},{"damage":1.0,"enemies":"Jaw Worm","floor":3.0,"turns":3.0},{"damage":0.0,"enemies":"Small Slimes","floor":4.0,"turns":3.0},{"damage":2.0,"enemies":"2 Fungi Beasts","floor":5.0,"turns":5.0},{"damage":5.0,"enemies":"3 Sentries","floor":7.0,"turns":9.0},{"damage":0.0,"enemies":"Exordium Wildlife","floor":14.0,"turns":3.0},{"damage":0.0,"enemies":"Slime Boss","floor":16.0,"turns":8.0},{"damage":1.0,"enemies":"Chosen","floor":18.0,"turns":6.0},{"damage":22.0,"enemies":"3 Byrds","floor":21.0,"turns":5.0},{"damage":27.0,"enemies":"Gremlin Leader","floor":24.0,"turns":7.0},{"damage":20,"enemies":"Centurion and Healer","floor":25,"turns":10},{"damage":0,"enemies":"Book of Stabbing","floor":28,"turns":4},{"damage":5,"enemies":"Cultist and Chosen","floor":31,"turns":4},{"damage":42,"enemies":"Champ","floor":33,"turns":16},{"damage":6,"enemies":"3 Darklings","floor":35,"turns":4},{"damage":0,"enemies":"Orb Walker","floor":37,"turns":3},{"damage":10,"enemies":"Transient","floor":38,"turns":5},{"damage":3,"enemies":"Mind Bloom Boss Battle","floor":39,"turns":8},{"damage":32,"enemies":"Nemesis","floor":41,"turns":7},{"damage":1,"enemies":"Jaw Worm Horde","floor":45,"turns":3},{"damage":0,"enemies":"Awakened One","floor":50,"turns":22}],"seed_played":"-8375215071280754192","potions_obtained":[{"floor":1.0,"key":"SteroidPotion"},{"floor":5.0,"key":"Ancient Potion"},{"floor":14.0,"key":"AttackPotion"},{"floor":16.0,"key":"Block Potion"},{"floor":18.0,"key":"EssenceOfSteel"},{"floor":21.0,"key":"FocusPotion"},{"floor":25,"key":"Block Potion"},{"floor":37,"key":"Dexterity Potion"},{"floor":38,"key":"AttackPotion"},{"floor":45,"key":"SteroidPotion"}],"is_trial":false,"path_per_floor":["M","?","M","M","M","R","E","T","T","?","R","$","?","M","R","B",null,"M","?","$","M","$","R","E","M","T","?","E","R","$","M","R","B",null,"M","?","M","M","?","R","E","R","T","R","M","?","T","?","R","B",null],"character_chosen":"DEFECT","items_purchased":["Letter Opener","Compile Driver"],"campfire_rested":4,"item_purchase_floors":[12,20],"current_hp_per_floor":[71,71,70,70,68,68,70,70,70,59,59,59,59,59,59,59,82,81,75,75,53,53,53,26,6,6,6,6,30,30,25,49,7,82,76,76,76,66,63,63,31,55,55,55,54,54,54,54,78,78],"gold":500,"neow_bonus":"RANDOM_COMMON_RELIC","is_prod":false,"is_daily":false,"chose_seed":false,"campfire_upgraded":4,"win_rate":0,"timestamp":1550337866,"path_taken":["M","?","M","M","M","R","E","?","T","?","R","$","?","M","R","BOSS","M","?","$","M","$","R","E","M","T","?","E","R","?","M","R","BOSS","M","?","?","M","?","R","E","R","T","R","M","?","?","?","R","BOSS"],"build_version":"2019-01-23","purchased_purges":1,"victory":true,"max_hp_per_floor":[75,75,75,75,75,75,82,82,82,82,82,82,82,82,82,82,82,82,82,82,82,82,82,82,82,82,82,82,82,82,82,82,82,82,82,82,82,82,82,82,82,82,82,82,82,82,82,82,82,82],"card_choices":[{"not_picked":["Steam","Barrage"],"picked":"Leap","floor":1.0},{"not_picked":["Reinforced Body","Aggregate"],"picked":"Coolheaded","floor":3.0},{"not_picked":["Go for the Eyes","Hyperbeam"],"picked":"Cold Snap","floor":4.0},{"not_picked":["Steam","Scrape"],"picked":"Streamline","floor":5.0},{"not_picked":["Fusion","Force Field"],"picked":"Cold Snap","floor":7.0},{"not_picked":["Gash","Streamline"],"picked":"Hologram","floor":14.0},{"not_picked":["Fusion","Rebound"],"picked":"Go for the Eyes+1","floor":18.0},{"not_picked":["Turbo","Auto Shields"],"picked":"Conserve Battery","floor":21.0},{"not_picked":["Defragment","Stack","Steam Power"],"picked":"SKIP","floor":24.0},{"not_picked":["Redo","Beam Cell+1"],"picked":"Conserve Battery","floor":25},{"not_picked":["Doom and Gloom","Cold Snap"],"picked":"Ball Lightning","floor":28},{"not_picked":["Turbo","Capacitor+1"],"picked":"Conserve Battery","floor":31},{"not_picked":["Auto Shields","Darkness"],"picked":"Ball Lightning","floor":35},{"not_picked":["Turbo+1","Sweeping Beam+1"],"picked":"Cold Snap+1","floor":37},{"not_picked":["Gash","Buffer","Coolheaded"],"picked":"SKIP","floor":38},{"not_picked":["Barrage+1","Steam"],"picked":"Leap+1","floor":39},{"not_picked":["Streamline","Redo","Hologram"],"picked":"SKIP","floor":41},{"not_picked":["Hologram+1","Stack+1"],"picked":"Conserve Battery+1","floor":45}],"player_experience":457444,"relics_obtained":[{"floor":7.0,"key":"Strawberry"},{"floor":8.0,"key":"Mummified Hand"},{"floor":9.0,"key":"Symbiotic Virus"},{"floor":24.0,"key":"Darkstone Periapt"},{"floor":26,"key":"Mercury Hourglass"},{"floor":28,"key":"Calipers"},{"floor":39,"key":"Girya"},{"floor":41,"key":"Bottled Flame"},{"floor":43,"key":"Ice Cream"},{"floor":47,"key":"Kunai"}],"event_choices":[{"damage_healed":0.0,"max_hp_gain":0.0,"max_hp_loss":0.0,"gold_gain":0.0,"event_name":"Living Wall","player_choice":"Grow","floor":2.0,"gold_loss":0.0,"damage_taken":0.0,"cards_upgraded":["Zap"]},{"damage_healed":0.0,"max_hp_gain":0.0,"max_hp_loss":0.0,"gold_gain":75.0,"event_name":"World of Goop","player_choice":"Gather Gold","floor":10.0,"gold_loss":0.0,"damage_taken":11.0},{"damage_healed":0.0,"max_hp_gain":0.0,"max_hp_loss":0.0,"gold_gain":0.0,"event_name":"Liars Game","player_choice":"Ignored","floor":13.0,"gold_loss":0.0,"damage_taken":0.0},{"damage_healed":0.0,"max_hp_gain":0.0,"max_hp_loss":0.0,"gold_gain":0.0,"event_name":"Nest","player_choice":"Joined the Cult","floor":19.0,"gold_loss":0.0,"damage_taken":6.0,"cards_obtained":["RitualDagger"]},{"damage_healed":0,"gold_gain":0,"player_choice":"Inject Mutagens","damage_taken":0,"relics_obtained":["MutagenicStrength"],"max_hp_gain":0,"max_hp_loss":0,"event_name":"Drug Dealer","floor":27,"gold_loss":0},{"damage_healed":0,"gold_gain":0,"player_choice":"Ignored","damage_taken":0,"max_hp_gain":0,"max_hp_loss":0,"event_name":"SecretPortal","floor":36,"gold_loss":0},{"damage_healed":0,"gold_gain":0,"player_choice":"Fight","damage_taken":0,"max_hp_gain":0,"max_hp_loss":0,"event_name":"MindBloom","floor":39,"gold_loss":0},{"damage_healed":0,"gold_gain":0,"player_choice":"Memory 1","damage_taken":0,"max_hp_gain":0,"max_hp_loss":0,"event_name":"SensoryStone","floor":46,"gold_loss":0},{"cards_removed":["Conserve Battery"],"damage_healed":0,"gold_gain":0,"player_choice":"Removed Skill","damage_taken":0,"max_hp_gain":0,"max_hp_loss":0,"event_name":"Falling","floor":48,"gold_loss":0}],"is_beta":false,"boss_relics":[{"not_picked":["Cursed Key","Eternal Feather"],"picked":"Inserter"},{"not_picked":["Snecko Eye","Tiny House"],"picked":"Empty Cage"}],"items_purged_floors":[20],"is_endless":false,"potions_floor_spawned":[1,5,14,16,18,21,25,37,38,41,45],"ascension_level":0}