{"gold_per_floor":[118,32,32,49,199,224,224,237,237,237],"floor_reached":10,"playtime":391,"items_purged":[],"score":119,"play_id":"dc971406-0b67-4e6a-a528-8f943dfb35d9","local_time":"20190126104134","is_ascension_mode":true,"campfire_choices":[{"data":"Berserk","floor":7,"key":"SMITH"}],"neow_cost":"NONE","seed_source_timestamp":728370177931411,"circlet_count":0,"master_deck":["AscendersBane","Strike_R","Strike_R","Strike_R","Strike_R","Strike_R","Defend_R","Defend_R","Defend_R","Defend_R","Bash","Berserk+1","Shrug It Off","Carnage","Doubt","Iron Wave"],"relics":["Burning Blood","Shovel","Strawberry","Bird Faced Urn"],"potions_floor_usage":[10],"damage_taken":[{"damage":12,"enemies":"Jaw Worm","floor":1,"turns":3},{"damage":0,"enemies":"2 Louse","floor":4,"turns":2},{"damage":46,"enemies":"3 Sentries","floor":6,"turns":9},{"damage":1,"enemies":"Cultist","floor":8,"turns":3},{"damage":46,"enemies":"Gremlin Nob","floor":10,"turns":4}],"seed_played":"-4914571665581522382","potions_obtained":[{"floor":1,"key":"Ancient Potion"},{"floor":8,"key":"SkillPotion"}],"is_trial":false,"path_per_floor":["M","$","?","M","?","E","R","M","T","E"],"character_chosen":"IRONCLAD","items_purchased":["Carnage"],"campfire_rested":0,"item_purchase_floors":[2],"current_hp_per_floor":[62,62,57,63,63,30,30,35,35,0],"gold":237,"neow_bonus":"ONE_RANDOM_RARE_CARD","is_prod":false,"is_daily":false,"chose_seed":false,"campfire_upgraded":1,"win_rate":0,"timestamp":1548517294,"path_taken":["M","$","?","M","?","E","R","M","T","E"],"build_version":"2019-01-23","purchased_purges":0,"victory":false,"max_hp_per_floor":[75,75,75,75,75,82,82,82,82,82],"card_choices":[{"not_picked":["Infernal Blade","Thunderclap"],"picked":"Shrug It Off","floor":1},{"not_picked":["Flex","Havoc","Clash"],"picked":"SKIP","floor":4},{"not_picked":["Sever Soul","Seeing Red","Dual Wield"],"picked":"SKIP","floor":6},{"not_picked":["Pommel Strike","Combust"],"picked":"Iron Wave","floor":8}],"player_experience":466352,"relics_obtained":[{"floor":6,"key":"Strawberry"},{"floor":9,"key":"Bird Faced Urn"}],"event_choices":[{"damage_healed":0,"gold_gain":0,"player_choice":"Success","damage_taken":5,"relics_obtained":["Shovel"],"max_hp_gain":0,"max_hp_loss":0,"event_name":"Scrap Ooze","floor":3,"gold_loss":0},{"damage_healed":0,"gold_gain":150,"player_choice":"AGREE","damage_taken":0,"max_hp_gain":0,"max_hp_loss":0,"event_name":"Liars Game","floor":5,"gold_loss":0,"cards_obtained":["Doubt"]}],"is_beta":false,"boss_relics":[],"items_purged_floors":[],"is_endless":false,"potions_floor_spawned":[1,8],"killed_by":"Gremlin Nob","ascension_level":16}