{"gold_per_floor":[119,119,219,233,250,250,279,279,354,354,354,354,380,390,390,390],"floor_reached":16,"playtime":489,"items_purged":[],"score":124,"play_id":"52e36690-a27c-416a-be75-d7eb39cc77a1","local_time":"20190111005942","is_ascension_mode":true,"campfire_choices":[{"data":"Cloak And Dagger","floor":6,"key":"SMITH"},{"data":"Cloak And Dagger","floor":8,"key":"SMITH"},{"data":"Neutralize","floor":11,"key":"SMITH"},{"data":"Terror","floor":15,"key":"SMITH"}],"neow_cost":"NONE","seed_source_timestamp":51971226397825,"circlet_count":0,"master_deck":["Defend_G","Defend_G","Defend_G","Defend_G","Defend_G","Strike_G","Strike_G","Strike_G","Strike_G","Survivor","Neutralize+1","Cloak And Dagger+1","Dodge and Roll","Catalyst","Cloak And Dagger+1","Dodge and Roll","Terror+1"],"relics":["Ring of the Snake","NeowsBlessing","Potion Belt","Mercury Hourglass","Molten Egg 2"],"potions_floor_usage":[7,16],"damage_taken":[{"damage":0,"enemies":"Jaw Worm","floor":1,"turns":1},{"damage":0,"enemies":"Cultist","floor":4,"turns":1},{"damage":0,"enemies":"2 Louse","floor":5,"turns":1},{"damage":10,"enemies":"3 Sentries","floor":7,"turns":11},{"damage":22,"enemies":"Lagavulin","floor":13,"turns":7},{"damage":1,"enemies":"Looter","floor":14,"turns":4},{"damage":39,"enemies":"Hexaghost","floor":16,"turns":15}],"seed_played":"-8072709553919693830","potions_obtained":[{"floor":4,"key":"SkillPotion"},{"floor":7,"key":"Swift Potion"}],"is_trial":false,"path_per_floor":["M","?","?","M","M","R","E","R","T","?","R","?","E","M","R","B"],"character_chosen":"THE_SILENT","items_purchased":[],"campfire_rested":0,"item_purchase_floors":[],"current_hp_per_floor":[70,70,70,70,70,70,60,60,60,60,60,60,38,37,37,0],"gold":390,"neow_bonus":"THREE_ENEMY_KILL","is_prod":false,"is_daily":false,"chose_seed":false,"campfire_upgraded":4,"win_rate":0,"timestamp":1547135982,"path_taken":["M","?","?","?","M","R","E","R","T","?","R","?","E","M","R","BOSS"],"build_version":"2019-01-03v4","purchased_purges":0,"victory":false,"max_hp_per_floor":[70,70,70,70,70,70,70,70,70,70,70,70,70,70,70,70],"card_choices":[{"not_picked":["Sucker Punch","Deflect"],"picked":"Cloak And Dagger","floor":1},{"not_picked":["PiercingWail","Bouncing Flask"],"picked":"Dodge and Roll","floor":4},{"not_picked":["Deflect","Well Laid Plans"],"picked":"Catalyst","floor":5},{"not_picked":["Reflex","Slice"],"picked":"Cloak And Dagger","floor":7},{"not_picked":["Quick Slash","Calculated Gamble"],"picked":"Dodge and Roll","floor":13},{"not_picked":["Crippling Poison","Poisoned Stab+1"],"picked":"Terror","floor":14}],"player_experience":203061,"relics_obtained":[{"floor":7,"key":"Potion Belt"},{"floor":9,"key":"Mercury Hourglass"},{"floor":13,"key":"Molten Egg 2"}],"event_choices":[{"damage_healed":0,"gold_gain":0,"player_choice":"Ignored","damage_taken":0,"max_hp_gain":0,"max_hp_loss":0,"event_name":"Golden Idol","floor":2,"gold_loss":0},{"damage_healed":0,"gold_gain":100,"player_choice":"Pray","damage_taken":0,"max_hp_gain":0,"max_hp_loss":0,"event_name":"Golden Shrine","floor":3,"gold_loss":0},{"damage_healed":0,"gold_gain":0,"player_choice":"Ignored","damage_taken":0,"max_hp_gain":0,"max_hp_loss":0,"event_name":"Shining Light","floor":10,"gold_loss":0},{"cards_removed":["Strike_G"],"damage_healed":0,"gold_gain":0,"player_choice":"Forget","damage_taken":0,"max_hp_gain":0,"max_hp_loss":0,"event_name":"Living Wall","floor":12,"gold_loss":0}],"is_beta":false,"boss_relics":[],"items_purged_floors":[],"is_endless":false,"potions_floor_spawned":[4,7],"killed_by":"Hexaghost","ascension_level":3}