{"path_per_floor":["M","?","?","?","M","R","?","R","T","E","R","$","?","M","R","B",null,"M","?","?","?","M","E","R","E","T","E","M","$","?","?","R","B",null,"M","?","?","$","?","E","R","M","T","M","E","R","$","M","R","B"],"character_chosen":"DEFECT","items_purchased":["Juzu Bracelet","Melter","Meteor Strike","Magnetism","Loop","Cables","Art of War","Sunder","Conserve Battery","Hologram"],"gold_per_floor":[115,65,65,65,81,81,81,81,159,187,187,6,6,22,22,123,153,165,265,265,265,284,314,314,377,377,403,422,72,72,72,72,176,176,191,244,244,244,244,275,275,291,317,330,658,658,35,49,49,49],"floor_reached":51,"campfire_rested":3,"playtime":2879,"item_purchase_floors":[12,12,29,29,29,47,47,47,47,47],"current_hp_per_floor":[59,59,44,44,42,42,42,42,42,41,41,41,41,41,41,43,76,71,71,55,55,44,29,54,49,49,40,52,52,36,36,63,88,90,85,85,85,85,85,74,74,74,74,74,27,27,27,27,27,11],"items_purged":["Normality"],"gold":49,"score":1333,"play_id":"ef339e81-7885-4ab3-9c3f-f86376381a5d","local_time":"20180611221317","is_prod":false,"is_daily":false,"chose_seed":false,"is_ascension_mode":true,"campfire_upgraded":6,"win_rate":0,"timestamp":1528747997,"campfire_choices":[{"data":"Ball Lightning","floor":6,"key":"SMITH"},{"data":"Cold Snap","floor":8,"key":"SMITH"},{"data":"Force Field","floor":11,"key":"SMITH"},{"data":"Coolheaded","floor":15,"key":"SMITH"},{"floor":24,"key":"REST"},{"floor":32,"key":"REST"},{"floor":41,"key":"REST"},{"data":"Scrape","floor":46,"key":"SMITH"},{"data":"Conserve Battery","floor":49,"key":"SMITH"}],"path_taken":["M","?","?","?","?","R","?","R","T","E","R","$","?","M","R","BOSS","M","?","?","?","M","E","R","E","T","E","M","$","?","?","R","BOSS","M","?","?","?","?","E","R","M","T","M","E","R","$","M","R","BOSS"],"build_version":"2018-06-07v3","seed_source_timestamp":288349346706803,"purchased_purges":1,"victory":true,"master_deck":["Strike_B+1","Strike_B+1","Defend_B+1","Defend_B+1","Defend_B+1","Zap+1","Dualcast+1","AscendersBane","Cold Snap+1","Force Field+1","Melter+1","Coolheaded+1","All For One+1","Defragment+1","Doom and Gloom+1","Necronomicurse","Ball Lightning+1","RitualDagger+1","Streamline+1","Aggregate+1","Skim+1","Core Surge+1","Meteor Strike+1","Magnetism+1","Loop+1","Meteor Strike+1","Capacitor+1","Barrage+1","Stack+1","Recycle","Defragment+1","Scrape+1","Sunder","Conserve Battery+1","Hologram"],"max_hp_per_floor":[75,75,75,75,75,75,75,75,75,80,80,80,80,80,80,80,85,85,85,85,85,85,85,85,85,85,85,85,85,90,90,90,90,90,90,90,90,90,90,90,90,90,90,90,90,90,90,90,90,90],"relics":["Snecko Eye","Meat on the Bone","Lantern","Juzu Bracelet","Tiny House","Necronomicon","Pen Nib","Tiny Chest","Prayer Wheel","Pantograph","Cursed Key","Sundial","Mark of the Bloom","Matryoshka","Orichalcum","Bronze Scales","Old Coin","Cables","Art of War"],"card_choices":[{"not_picked":["Barrage","Go for the Eyes"],"picked":"Ball Lightning","floor":1},{"not_picked":["Ball Lightning","Melter"],"picked":"Cold Snap","floor":5},{"not_picked":["Tempest","Loop"],"picked":"Force Field","floor":10},{"not_picked":["Compile Driver","Leap"],"picked":"Coolheaded","floor":14},{"not_picked":["Machine Learning","Electrodynamics"],"picked":"All For One","floor":16},{"not_picked":["Undo","Hologram"],"picked":"Defragment","floor":17},{"not_picked":["Beam Cell","Recycle"],"picked":"Doom and Gloom+1","floor":18},{"not_picked":["Coolheaded","Ball Lightning"],"picked":"Streamline","floor":22},{"not_picked":["Doom and Gloom","Compile Driver"],"picked":"Aggregate","floor":23},{"not_picked":["Heatsinks+1","Melter","Chill+1"],"picked":"SKIP","floor":25},{"not_picked":["Compile Driver+1","Streamline"],"picked":"Skim","floor":27},{"not_picked":["Turbo","Barrage"],"picked":"Core Surge","floor":28},{"not_picked":["Steam","Cold Snap","Chill"],"picked":"SKIP","floor":28},{"not_picked":["Thunder Strike","Seek"],"picked":"Meteor Strike","floor":33},{"not_picked":["Hologram+1","Doom and Gloom"],"picked":"Capacitor","floor":35},{"not_picked":["Ball Lightning+1","Auto Shields"],"picked":"Barrage+1","floor":35},{"not_picked":["FTL","Streamline"],"picked":"Stack","floor":36},{"not_picked":["Conserve Battery","Cold Snap","Turbo"],"picked":"SKIP","floor":40},{"not_picked":["Self Repair+1","Hello World"],"picked":"Recycle","floor":42},{"not_picked":["Biased Cognition","Leap+1"],"picked":"Defragment+1","floor":42},{"not_picked":["Beam Cell","Genetic Algorithm"],"picked":"Scrape","floor":44},{"not_picked":["Melter","Redo","Turbo+1"],"picked":"SKIP","floor":44},{"not_picked":["Coolheaded","Turbo","Beam Cell+1"],"picked":"SKIP","floor":45},{"not_picked":["Go for the Eyes","Ball Lightning","Steam+1"],"picked":"SKIP","floor":48},{"not_picked":["Auto Shields","Chill+1","Redo"],"picked":"SKIP","floor":48}],"player_experience":513634,"potions_floor_usage":[10,22,23,23,33,33,50,50],"damage_taken":[{"damage":9,"enemies":"2 Louse","floor":1,"turns":3},{"damage":2,"enemies":"Jaw Worm","floor":5,"turns":3},{"damage":18,"enemies":"Lagavulin","floor":10,"turns":5},{"damage":0,"enemies":"Small Slimes","floor":14,"turns":2},{"damage":10,"enemies":"The Guardian","floor":16,"turns":12},{"damage":5,"enemies":"Chosen","floor":18,"turns":2},{"damage":23,"enemies":"2 Thieves","floor":22,"turns":3},{"damage":27,"enemies":"Slavers","floor":23,"turns":4},{"damage":5,"enemies":"Gremlin Leader","floor":25,"turns":6},{"damage":21,"enemies":"Slavers","floor":27,"turns":4},{"damage":0,"enemies":"Sentry and Sphere","floor":28,"turns":2},{"damage":0,"enemies":"Collector","floor":33,"turns":4},{"damage":5,"enemies":"3 Shapes","floor":35,"turns":2},{"damage":0,"floor":36,"turns":4},{"damage":11,"enemies":"2 Orb Walkers","floor":40,"turns":3},{"damage":0,"enemies":"3 Darklings","floor":42,"turns":2},{"damage":0,"enemies":"Maw","floor":44,"turns":5},{"damage":47,"enemies":"Nemesis","floor":45,"turns":5},{"damage":0,"enemies":"Sphere and 2 Shapes","floor":48,"turns":2},{"damage":16,"enemies":"Awakened One","floor":50,"turns":7}],"relics_obtained":[{"floor":9,"key":"Meat on the Bone"},{"floor":10,"key":"Lantern"},{"floor":20,"key":"Necronomicon"},{"floor":23,"key":"Pen Nib"},{"floor":25,"key":"Tiny Chest"},{"floor":26,"key":"Prayer Wheel"},{"floor":27,"key":"Pantograph"},{"floor":36,"key":"Sundial"},{"floor":40,"key":"Matryoshka"},{"floor":43,"key":"Orichalcum"},{"floor":43,"key":"Bronze Scales"},{"floor":45,"key":"Old Coin"}],"event_choices":[{"event_name":"The Cleric","player_choice":"Card Removal","floor":2,"damage_taken":0},{"event_name":"Shining Light","player_choice":"Entered Light","floor":3,"damage_taken":0},{"event_name":"Bonfire Elementals","player_choice":"BASIC","floor":4,"damage_taken":0},{"event_name":"The Lab","player_choice":"Got Potions","floor":7,"damage_taken":0},{"event_name":"Purifier","player_choice":"One Purge","floor":13,"damage_taken":0},{"event_name":"Golden Shrine","player_choice":"Pray","floor":19,"damage_taken":0},{"event_name":"Cursed Tome","player_choice":"Obtained Book","floor":20,"damage_taken":0},{"event_name":"Nest","player_choice":"Joined the Cult","floor":21,"damage_taken":0},{"event_name":"Forgotten Altar","player_choice":"Shed Blood","floor":30,"damage_taken":0},{"event_name":"Addict","player_choice":"Ignored","floor":31,"damage_taken":0},{"event_name":"Mysterious Sphere","player_choice":"Fight","floor":36,"damage_taken":0},{"event_name":"MindBloom","player_choice":"Upgrade","floor":37,"damage_taken":0},{"event_name":"Tomb of Lord Red Mask","player_choice":"Ignored","floor":39,"damage_taken":0}],"boss_relics":[{"not_picked":["Busted Crown","Ectoplasm"],"picked":"Tiny House"},{"not_picked":["Pandora\u0027s Box","Eternal Feather"],"picked":"Cursed Key"}],"items_purged_floors":[47],"potions_floor_spawned":[1,5,16,22,25,28,33,35,36,48],"seed_played":"-8644643535763565404","ascension_level":12,"potions_obtained":[{"floor":1,"key":"SkillPotion"},{"floor":5,"key":"Fruit Juice"},{"floor":16,"key":"AttackPotion"},{"floor":17,"key":"AttackPotion"},{"floor":22,"key":"LiquidBronze"},{"floor":25,"key":"SteroidPotion"},{"floor":28,"key":"Fire Potion"},{"floor":33,"key":"SkillPotion"},{"floor":35,"key":"FocusPotion"}],"is_trial":false}