{"gold_per_floor":[111,61,75,250,264,264,69,69,94,109,9,24,24,34,34,139,139,153,165,165,5,5,5,5,5,5,17,17,28,39,39,39,39],"floor_reached":33,"playtime":1164,"items_purged":["Doubt","Strike_B","Writhe"],"score":308,"play_id":"ee23a859-3be3-4502-bdf1-f40ed92f3689","local_time":"20190113180258","is_ascension_mode":true,"campfire_choices":[{"data":"Zap","floor":6,"key":"SMITH"},{"data":"Self Repair","floor":8,"key":"SMITH"},{"data":"Creative AI","floor":13,"key":"SMITH"},{"data":"Conserve Battery","floor":15,"key":"SMITH"},{"floor":23,"key":"REST"},{"floor":25,"key":"REST"},{"floor":28,"key":"REST"},{"floor":32,"key":"REST"}],"neow_cost":"NONE","seed_source_timestamp":345177871929587,"circlet_count":0,"master_deck":["Defend_B","Defend_B","Defend_B","Zap+1","Dualcast","Conserve Battery+1","Self Repair+1","Creative AI+1","Echo Form","Storm","Defragment","Storm","Static Discharge","White Noise"],"relics":["Cracked Core","Art of War","Fusion Hammer","Pen Nib"],"potions_floor_usage":[16,16,16,18,33],"damage_taken":[{"damage":7,"enemies":"Small Slimes","floor":1,"turns":4},{"damage":8,"enemies":"Jaw Worm","floor":3,"turns":4},{"damage":0,"enemies":"2 Louse","floor":5,"turns":1},{"damage":6,"enemies":"Exordium Wildlife","floor":10,"turns":6},{"damage":1,"enemies":"Looter","floor":12,"turns":3},{"damage":0,"enemies":"2 Fungi Beasts","floor":14,"turns":3},{"damage":11,"enemies":"The Guardian","floor":16,"turns":9},{"damage":31,"enemies":"3 Byrds","floor":18,"turns":4},{"damage":29,"enemies":"Spheric Guardian","floor":19,"turns":8},{"damage":30,"enemies":"Centurion and Healer","floor":27,"turns":8},{"damage":37,"enemies":"Sentry and Sphere","floor":29,"turns":5},{"damage":55,"enemies":"3 Cultists","floor":30,"turns":5},{"damage":56,"enemies":"Automaton","floor":33,"turns":6}],"seed_played":"319221491735771332","potions_obtained":[{"floor":1,"key":"Energy Potion"},{"floor":5,"key":"SkillPotion"},{"floor":16,"key":"Explosive Potion"},{"floor":18,"key":"SteroidPotion"},{"floor":27,"key":"GamblersBrew"}],"is_trial":false,"path_per_floor":["M","?","M","?","M","R","$","R","T","M","$","M","R","M","R","B",null,"M","M","?","$","?","R","$","R","T","M","R","M","M","?","R","B"],"character_chosen":"DEFECT","items_purchased":["Fire Potion","Self Repair","Storm"],"campfire_rested":4,"item_purchase_floors":[7,7,21],"current_hp_per_floor":[61,61,53,53,53,53,53,53,53,57,57,66,66,75,75,74,75,54,35,35,35,21,45,45,69,69,49,73,56,11,11,35,0],"gold":39,"neow_bonus":"REMOVE_CARD","is_prod":false,"is_daily":false,"chose_seed":false,"campfire_upgraded":4,"win_rate":0,"timestamp":1547420578,"path_taken":["M","?","M","?","M","R","$","R","T","M","?","M","R","M","R","BOSS","M","M","?","$","?","R","$","R","T","M","R","M","M","?","R","BOSS"],"build_version":"2019-01-10","purchased_purges":3,"victory":false,"max_hp_per_floor":[75,75,75,75,75,75,75,75,75,75,75,75,75,75,75,75,75,75,75,75,75,80,80,80,80,80,80,80,80,80,80,80,80],"card_choices":[{"not_picked":["White Noise","Lockon"],"picked":"Conserve Battery","floor":1},{"not_picked":["Go for the Eyes","Rebound","Reinforced Body"],"picked":"SKIP","floor":3},{"not_picked":["Chill","Compile Driver","Beam Cell"],"picked":"SKIP","floor":5},{"not_picked":["Gash","Coolheaded"],"picked":"Creative AI","floor":10},{"not_picked":["Sweeping Beam","Hello World","Go for the Eyes"],"picked":"SKIP","floor":12},{"not_picked":["Redo","Heatsinks","Ball Lightning"],"picked":"SKIP","floor":14},{"not_picked":["Core Surge","Buffer"],"picked":"Echo Form","floor":16},{"not_picked":["Gash","Barrage","Stack"],"picked":"SKIP","floor":18},{"not_picked":["Reinforced Body+1","Compile Driver","Aggregate+1"],"picked":"SKIP","floor":19},{"not_picked":["Cold Snap+1","Melter"],"picked":"Defragment","floor":27},{"not_picked":["Rip and Tear","Redo+1","Ball Lightning"],"picked":"SKIP","floor":29},{"not_picked":["Ball Lightning+1","Steam"],"picked":"Storm","floor":30}],"player_experience":372095,"relics_obtained":[{"floor":9,"key":"Art of War"}],"event_choices":[{"cards_removed":["Strike_B"],"damage_healed":0,"gold_gain":0,"player_choice":"Card Removal","damage_taken":0,"max_hp_gain":0,"max_hp_loss":0,"event_name":"The Cleric","floor":2,"gold_loss":50},{"damage_healed":0,"gold_gain":175,"player_choice":"AGREE","damage_taken":0,"max_hp_gain":0,"max_hp_loss":0,"event_name":"Liars Game","floor":4,"gold_loss":0,"cards_obtained":["Doubt"]},{"damage_healed":0,"gold_gain":0,"player_choice":"Opened","damage_taken":0,"relics_obtained":["Pen Nib"],"max_hp_gain":0,"max_hp_loss":0,"event_name":"The Mausoleum","floor":20,"gold_loss":0,"cards_obtained":["Writhe"]},{"damage_healed":0,"gold_gain":0,"player_choice":"Shed Blood","damage_taken":19,"max_hp_gain":5,"max_hp_loss":0,"event_name":"Forgotten Altar","floor":22,"gold_loss":0},{"damage_healed":0,"gold_gain":0,"cards_transformed":["Strike_B","Defend_B"],"player_choice":"Became Test Subject","damage_taken":0,"max_hp_gain":0,"max_hp_loss":0,"event_name":"Drug Dealer","floor":31,"gold_loss":0,"cards_obtained":["Static Discharge","White Noise"]}],"is_beta":false,"boss_relics":[{"not_picked":["Coffee Dripper","FrozenCore"],"picked":"Fusion Hammer"}],"items_purged_floors":[7,11,21],"is_endless":false,"potions_floor_spawned":[1,5,16,18,27],"killed_by":"Automaton","ascension_level":6}