{"gold_per_floor":[13,31,31,49,49,49,66,66,121,121,72,100,110,110,110,206,206,225,128,128,138,157,157,174,186,186,186,186,186],"floor_reached":29,"playtime":1043,"items_purged":["Strike_B"],"score":385,"play_id":"53e43caa-6e34-4a22-a5cf-f60afe72629c","local_time":"20190209201307","is_ascension_mode":true,"campfire_choices":[{"data":"Darkness","floor":6.0,"key":"SMITH"},{"data":"Zap","floor":8.0,"key":"SMITH"},{"floor":10.0,"key":"REST"},{"data":"Coolheaded","floor":15.0,"key":"SMITH"},{"floor":23,"key":"REST"},{"floor":27,"key":"REST"}],"neow_cost":"NO_GOLD","seed_source_timestamp":32883415506732,"circlet_count":0,"master_deck":["AscendersBane","Strike_B","Strike_B","Defend_B","Defend_B","Defend_B","Defend_B","Zap+1","Dualcast","Conserve Battery","Streamline","Darkness+1","Ball Lightning","Coolheaded+1","Multi-Cast","Cold Snap","Buffer","Leap","Good Instincts","Turbo","Redo+1"],"special_seed":0,"relics":["Cracked Core","Gambling Chip","Centennial Puzzle","Bronze Scales","Inserter","Pear"],"potions_floor_usage":[22,24],"damage_taken":[{"damage":10.0,"enemies":"Small Slimes","floor":1.0,"turns":4.0},{"damage":0.0,"enemies":"2 Louse","floor":2.0,"turns":2.0},{"damage":2.0,"enemies":"Jaw Worm","floor":4.0,"turns":3.0},{"damage":12.0,"enemies":"Exordium Thugs","floor":7.0,"turns":3.0},{"damage":23.0,"enemies":"Lagavulin","floor":12.0,"turns":5.0},{"damage":2.0,"enemies":"2 Fungi Beasts","floor":13.0,"turns":3.0},{"damage":15.0,"enemies":"Hexaghost","floor":16.0,"turns":7.0},{"damage":11.0,"enemies":"Spheric Guardian","floor":18.0,"turns":4.0},{"damage":0.0,"enemies":"3 Byrds","floor":21.0,"turns":2.0},{"damage":29,"enemies":"Sentry and Sphere","floor":22,"turns":6},{"damage":13,"enemies":"Cultist and Chosen","floor":24,"turns":5},{"damage":33,"enemies":"Snake Plant","floor":25,"turns":5},{"damage":33,"enemies":"3 Cultists","floor":29,"turns":3}],"seed_played":"-7066258122362069093","potions_obtained":[{"floor":2.0,"key":"FocusPotion"},{"floor":4.0,"key":"Fire Potion"},{"floor":7.0,"key":"LiquidBronze"},{"floor":18.0,"key":"Regen Potion"},{"floor":22,"key":"PowerPotion"},{"floor":25,"key":"Poison Potion"}],"is_trial":false,"path_per_floor":["M","M","?","M","?","R","M","R","T","R","$","E","M","?","R","B",null,"M","$","?","M","M","R","M","M","T","R","?","M"],"character_chosen":"DEFECT","items_purchased":["Coolheaded","Leap"],"campfire_rested":3,"item_purchase_floors":[11,19],"current_hp_per_floor":[58,58,58,56,56,56,44,44,44,66,66,43,41,46,46,31,68,57,57,41,41,27,51,38,5,15,42,24,0],"gold":186,"neow_bonus":"ONE_RARE_RELIC","is_prod":false,"is_daily":false,"chose_seed":false,"campfire_upgraded":3,"win_rate":0,"timestamp":1549710787,"path_taken":["M","M","?","M","?","R","M","R","T","R","$","E","M","?","R","BOSS","M","$","?","M","?","R","M","M","T","R","?","M"],"build_version":"2019-01-23","purchased_purges":1,"victory":false,"max_hp_per_floor":[75,75,75,75,75,75,75,75,75,75,75,75,75,80,80,80,80,80,80,80,80,80,80,80,80,90,90,95,95],"card_choices":[{"not_picked":["Hologram","Stack"],"picked":"Conserve Battery","floor":1.0},{"not_picked":["Auto Shields","Beam Cell"],"picked":"Streamline","floor":2.0},{"not_picked":["Ball Lightning","Redo"],"picked":"Darkness","floor":4.0},{"not_picked":["Blizzard","Leap"],"picked":"Ball Lightning","floor":7.0},{"not_picked":["Sunder","Genetic Algorithm"],"picked":"Multi-Cast","floor":12.0},{"not_picked":["Hologram","Loop"],"picked":"Cold Snap","floor":13.0},{"not_picked":["Meteor Strike","Machine Learning"],"picked":"Buffer","floor":16.0},{"not_picked":["Compile Driver","Barrage","Double Energy"],"picked":"SKIP","floor":18.0},{"not_picked":["Sweeping Beam","Cold Snap"],"picked":"Turbo","floor":21.0},{"not_picked":["Stack+1","Fission"],"picked":"Redo+1","floor":22},{"not_picked":["Beam Cell","Scrape","Recycle"],"picked":"SKIP","floor":24},{"not_picked":["Aggregate","Sweeping Beam","Recycle"],"picked":"SKIP","floor":25}],"player_experience":312250,"relics_obtained":[{"floor":9.0,"key":"Centennial Puzzle"},{"floor":12.0,"key":"Bronze Scales"},{"floor":26,"key":"Pear"}],"event_choices":[{"damage_healed":0.0,"max_hp_gain":0.0,"max_hp_loss":0.0,"gold_gain":0.0,"event_name":"The Cleric","player_choice":"Leave","floor":3.0,"gold_loss":0.0,"damage_taken":0.0},{"cards_removed":["Strike_B"],"damage_healed":0.0,"max_hp_gain":0.0,"max_hp_loss":0.0,"gold_gain":0.0,"event_name":"Living Wall","player_choice":"Forget","floor":5.0,"gold_loss":0.0,"damage_taken":0.0},{"damage_healed":0.0,"max_hp_gain":5.0,"max_hp_loss":0.0,"gold_gain":0.0,"event_name":"Big Fish","player_choice":"Donut","floor":14.0,"gold_loss":0.0,"damage_taken":0.0},{"damage_healed":0.0,"max_hp_gain":0.0,"max_hp_loss":0.0,"gold_gain":0.0,"event_name":"Knowing Skull","player_choice":"CARD ","floor":20.0,"potions_obtained":[],"gold_loss":0.0,"damage_taken":16.0,"cards_obtained":["Good Instincts"]},{"damage_healed":0,"gold_gain":0,"player_choice":"Shed Blood","damage_taken":23,"max_hp_gain":5,"max_hp_loss":0,"event_name":"Forgotten Altar","floor":28,"gold_loss":0}],"is_beta":false,"boss_relics":[{"not_picked":["Runic Dome","Snecko Eye"],"picked":"Inserter"}],"items_purged_floors":[19],"is_endless":false,"potions_floor_spawned":[2,4,7,18,22,25],"killed_by":"3 Cultists","ascension_level":12}