{"gold_per_floor":[116,41,41,41,54,54,89,89,89,108,108,140,70,101,101,197,197,207,218,143,242,99,99,99,111,111,111,32,42,42,58,58,162,212,225,242,257,72,72,72,85,112,139,14,14],"floor_reached":45,"playtime":1792,"items_purged":["Strike_G","Strike_G","Strike_G"],"score":614,"play_id":"9329c260-ef80-4ed5-805c-b9c256201152","local_time":"20190110192106","is_ascension_mode":true,"campfire_choices":[{"data":"Neutralize","floor":6.0,"key":"SMITH"},{"data":"Backstab","floor":8.0,"key":"SMITH"},{"data":"Survivor","floor":11.0,"key":"SMITH"},{"data":"Cloak And Dagger","floor":15.0,"key":"SMITH"},{"data":"A Thousand Cuts","floor":27.0,"key":"SMITH"},{"data":"Footwork","floor":30.0,"key":"SMITH"},{"floor":32.0,"key":"REST"},{"data":"Cloak And Dagger","floor":40,"key":"SMITH"}],"neow_cost":"NONE","seed_source_timestamp":30298969527061,"circlet_count":0,"master_deck":["Defend_G","Defend_G","Defend_G","Defend_G+1","Defend_G","Strike_G","Survivor+1","Neutralize+1","Quick Slash","Backstab+1","Cloak And Dagger+1","Infinite Blades","Tactician","A Thousand Cuts+1","Infinite Blades","Footwork+1","Blur","Acrobatics+1","Footwork","Dodge and Roll","Noxious Fumes","Malaise","Dodge and Roll+1","Outmaneuver+1","Outmaneuver+1","Well Laid Plans","Cloak And Dagger+1","Accuracy","Parasite","PiercingWail+1"],"special_seed":0,"relics":["Ring of the Snake","NeowsBlessing","Shuriken","Ornamental Fan","Pantograph","Ginger","Lantern","MutagenicStrength","StoneCalendar","Tiny House","Bottled Flame","Pen Nib"],"potions_floor_usage":[36,37,42],"damage_taken":[{"damage":0.0,"enemies":"Jaw Worm","floor":1.0,"turns":1.0},{"damage":0.0,"enemies":"Cultist","floor":5.0,"turns":1.0},{"damage":0.0,"enemies":"3 Sentries","floor":7.0,"turns":1.0},{"damage":0.0,"enemies":"Small Slimes","floor":10.0,"turns":2.0},{"damage":9.0,"enemies":"Gremlin Nob","floor":12.0,"turns":4.0},{"damage":22.0,"enemies":"Lagavulin","floor":14.0,"turns":5.0},{"damage":0.0,"enemies":"Slime Boss","floor":16.0,"turns":8.0},{"damage":0.0,"enemies":"Spheric Guardian","floor":18.0,"turns":3.0},{"damage":18.0,"enemies":"2 Thieves","floor":19.0,"turns":4.0},{"damage":2.0,"enemies":"Cultist and Chosen","floor":25.0,"turns":7.0},{"damage":12.0,"enemies":"Shelled Parasite and Fungi","floor":29.0,"turns":6.0},{"damage":14.0,"enemies":"Snake Plant","floor":31.0,"turns":5.0},{"damage":36.0,"enemies":"Collector","floor":33.0,"turns":7.0},{"damage":41,"enemies":"3 Darklings","floor":35,"turns":6},{"damage":0,"enemies":"3 Shapes","floor":36,"turns":5},{"damage":3,"enemies":"3 Darklings","floor":37,"turns":5},{"damage":35,"enemies":"Writhing Mass","floor":41,"turns":7},{"damage":10,"enemies":"Nemesis","floor":42,"turns":7},{"damage":21,"enemies":"Spire Growth","floor":45,"turns":4}],"seed_played":"-6181758861680971581","potions_obtained":[{"floor":7.0,"key":"EssenceOfSteel"},{"floor":10.0,"key":"EssenceOfSteel"},{"floor":12.0,"key":"Weak Potion"},{"floor":16.0,"key":"Explosive Potion"},{"floor":18.0,"key":"GhostInAJar"},{"floor":25.0,"key":"Explosive Potion"},{"floor":31.0,"key":"AttackPotion"},{"floor":33.0,"key":"SpeedPotion"},{"floor":34,"key":"Explosive Potion"},{"floor":35,"key":"Fire Potion"},{"floor":37,"key":"Poison Potion"},{"floor":41,"key":"Swift Potion"}],"is_trial":false,"path_per_floor":["M","$","?","$","M","R","E","R","T","M","R","E","$","E","R","B",null,"M","M","?","?","$","?","?","M","T","R","$","M","R","M","R","B",null,"M","M","M","$","?","R","M","E","T","$","M"],"character_chosen":"THE_SILENT","items_purchased":["Infinite Blades","Footwork","Blur","Footwork","Cloak And Dagger","Accuracy"],"campfire_rested":1,"item_purchase_floors":[13,22,22,28,38,38],"current_hp_per_floor":[70,70,70,70,70,70,70,70,70,70,70,61,61,39,39,64,70,70,52,52,52,52,52,52,50,50,50,50,38,38,24,45,34,75,34,34,31,31,66,66,31,21,21,21,0],"gold":14,"neow_bonus":"THREE_ENEMY_KILL","is_prod":false,"is_daily":false,"chose_seed":false,"campfire_upgraded":7,"win_rate":0,"timestamp":1547115666,"path_taken":["M","$","?","$","M","R","E","R","T","M","R","E","?","E","R","BOSS","M","M","?","?","?","?","?","M","T","R","?","M","R","?","R","BOSS","M","M","M","$","?","R","M","E","T","$","M"],"build_version":"2019-01-03v4","purchased_purges":3,"victory":false,"max_hp_per_floor":[70,70,70,70,70,70,70,70,70,70,70,70,70,70,70,70,70,70,70,70,70,70,70,70,70,70,70,70,70,70,70,70,70,75,75,75,75,75,66,66,66,66,66,66,66],"card_choices":[{"not_picked":["Poisoned Stab","Bane"],"picked":"Deadly Poison","floor":1.0},{"not_picked":["Dash","Deflect"],"picked":"Quick Slash","floor":5.0},{"not_picked":["Acrobatics","Deadly Poison"],"picked":"Backstab","floor":7.0},{"not_picked":["Bane","Concentrate","Underhanded Strike"],"picked":"SKIP","floor":10.0},{"not_picked":["Acrobatics","Malaise"],"picked":"Cloak And Dagger","floor":12.0},{"not_picked":["Backflip","Skewer"],"picked":"Tactician","floor":14.0},{"not_picked":["Corpse Explosion","Wraith Form v2"],"picked":"A Thousand Cuts","floor":16.0},{"not_picked":["Dagger Spray","Flechettes"],"picked":"Infinite Blades","floor":18.0},{"not_picked":["Dagger Throw+1","Blade Dance","Eviscerate+1"],"picked":"SKIP","floor":19.0},{"not_picked":["Prepared","Endless Agony"],"picked":"Acrobatics+1","floor":25.0},{"not_picked":["Backflip","Slice"],"picked":"Dodge and Roll","floor":29.0},{"not_picked":["PiercingWail","Outmaneuver"],"picked":"Noxious Fumes","floor":31.0},{"not_picked":["Die Die Die","Doppelganger"],"picked":"Malaise","floor":33.0},{"not_picked":["Slice+1","Predator"],"picked":"Dodge and Roll+1","floor":34},{"not_picked":["Dash+1","Prepared+1"],"picked":"Outmaneuver+1","floor":35},{"not_picked":["Flechettes+1","Setup"],"picked":"Outmaneuver+1","floor":36},{"not_picked":["Deflect+1","Sucker Punch"],"picked":"Well Laid Plans","floor":37},{"not_picked":["Endless Agony","Riddle With Holes"],"picked":"PiercingWail+1","floor":41},{"not_picked":["Accuracy+1","Tactician","Leg Sweep"],"picked":"SKIP","floor":42}],"player_experience":200206,"relics_obtained":[{"floor":7.0,"key":"Ornamental Fan"},{"floor":9.0,"key":"Pantograph"},{"floor":12.0,"key":"Ginger"},{"floor":14.0,"key":"Lantern"},{"floor":26.0,"key":"StoneCalendar"},{"floor":42,"key":"Bottled Flame"},{"floor":43,"key":"Pen Nib"}],"event_choices":[{"cards_removed":["Deadly Poison"],"damage_healed":0.0,"max_hp_gain":0.0,"max_hp_loss":0.0,"gold_gain":0.0,"event_name":"WeMeetAgain","player_choice":"Gave Card","floor":3.0,"gold_loss":0.0,"damage_taken":0.0,"relics_obtained":["Shuriken"]},{"cards_removed":["Strike_G"],"damage_healed":0.0,"max_hp_gain":0.0,"max_hp_loss":0.0,"gold_gain":0.0,"event_name":"Beggar","player_choice":"Gave Gold","floor":20.0,"gold_loss":75.0,"damage_taken":0.0},{"damage_healed":0.0,"max_hp_gain":0.0,"max_hp_loss":0.0,"gold_gain":99.0,"event_name":"Nest","player_choice":"Stole From Cult","floor":21.0,"gold_loss":0.0,"damage_taken":0.0},{"damage_healed":0.0,"max_hp_gain":0.0,"max_hp_loss":0.0,"gold_gain":0.0,"event_name":"Ghosts","player_choice":"Ignored","floor":23.0,"gold_loss":0.0,"damage_taken":0.0},{"damage_healed":0.0,"max_hp_gain":0.0,"max_hp_loss":0.0,"gold_gain":0.0,"event_name":"Drug Dealer","player_choice":"Inject Mutagens","floor":24.0,"gold_loss":0.0,"damage_taken":0.0,"relics_obtained":["MutagenicStrength"]},{"damage_healed":66,"gold_gain":0,"player_choice":"Heal","damage_taken":0,"max_hp_gain":0,"max_hp_loss":9,"event_name":"The Moai Head","floor":39,"gold_loss":0}],"is_beta":false,"boss_relics":[{"not_picked":["Velvet Choker","Runic Dome","Calling Bell"]},{"not_picked":["Snecko Eye","Pandora\u0027s Box"],"picked":"Tiny House"}],"items_purged_floors":[2,38,44],"is_endless":false,"potions_floor_spawned":[7,10,12,16,18,25,31,33,35,37,41],"killed_by":"Spire Growth","ascension_level":3}