{"gold_per_floor":[117,134,134,134,134,149,170,170,240,240],"floor_reached":10,"playtime":307,"items_purged":[],"score":110,"play_id":"18e9c1d2-681f-41e7-bca1-d5a6b9dfb273","local_time":"20190304230730","is_ascension_mode":true,"campfire_choices":[{"data":"Neutralize","floor":8,"key":"SMITH"}],"neow_cost":"NONE","seed_source_timestamp":246881384268338,"circlet_count":0,"master_deck":["AscendersBane","Defend_G","Defend_G","Defend_G","Defend_G","Defend_G","Strike_G","Strike_G","Strike_G","Strike_G","Strike_G","Survivor","Neutralize+1","Dagger Throw","Underhanded Strike","Regret","Injury","Neutralize","Caltrops","Backflip","Reflex"],"special_seed":0,"relics":["WristBlade","Dream Catcher","Golden Idol","Dodecahedron"],"potions_floor_usage":[],"damage_taken":[{"damage":3.0,"enemies":"Small Slimes","floor":1.0,"turns":4.0},{"damage":0.0,"enemies":"2 Louse","floor":2.0,"turns":4.0},{"damage":0,"enemies":"Cultist","floor":6,"turns":4},{"damage":25,"enemies":"Gremlin Gang","floor":7,"turns":6},{"damage":10,"enemies":"Large Slime","floor":10,"turns":4}],"seed_played":"-8028439499077864623","potions_obtained":[{"floor":7,"key":"SneckoOil"}],"is_trial":false,"path_per_floor":["M","M","?","?","?","M","M","R","T","M"],"character_chosen":"THE_SILENT","items_purchased":[],"campfire_rested":0,"item_purchase_floors":[],"current_hp_per_floor":[56,56,56,56,56,56,31,31,31,21],"gold":240,"neow_bonus":"BOSS_RELIC","is_prod":false,"is_daily":false,"chose_seed":false,"campfire_upgraded":1,"win_rate":0,"timestamp":1551769650,"path_taken":["M","M","?","?","?","M","M","R","T","M"],"build_version":"2019-01-23","purchased_purges":0,"victory":false,"max_hp_per_floor":[66,66,66,66,66,66,66,66,66,66],"card_choices":[{"not_picked":["Acrobatics","PiercingWail"],"picked":"Dagger Throw","floor":1.0},{"not_picked":["Slice","Flying Knee"],"picked":"Underhanded Strike","floor":2.0},{"not_picked":["Flying Knee","Venomology"],"picked":"Backflip","floor":6},{"not_picked":["Sucker Punch","Quick Slash"],"picked":"Reflex","floor":7}],"player_experience":609833,"relics_obtained":[{"floor":9,"key":"Dodecahedron"}],"event_choices":[{"damage_healed":0.0,"max_hp_gain":0.0,"max_hp_loss":0.0,"gold_gain":0.0,"event_name":"Big Fish","player_choice":"Box","floor":3.0,"gold_loss":0.0,"damage_taken":0.0,"relics_obtained":["Dream Catcher"],"cards_obtained":["Regret"]},{"damage_healed":0.0,"max_hp_gain":0.0,"max_hp_loss":0.0,"gold_gain":0.0,"event_name":"Golden Idol","player_choice":"Take Wound","floor":4.0,"gold_loss":0.0,"damage_taken":0.0,"relics_obtained":["Golden Idol"],"cards_obtained":["Injury"]},{"damage_healed":0,"gold_gain":0,"player_choice":"2 cards matched","damage_taken":0,"max_hp_gain":0,"max_hp_loss":0,"event_name":"Match and Keep!","floor":5,"gold_loss":0,"cards_obtained":["Neutralize","Caltrops"]}],"is_beta":false,"boss_relics":[],"items_purged_floors":[],"is_endless":false,"potions_floor_spawned":[7],"killed_by":"Large Slime","ascension_level":18}