{"gold_per_floor":[118,43,62,76,89,154,173,173],"floor_reached":8,"playtime":378,"items_purged":["Parasite"],"score":78,"play_id":"4182270b-6a41-454f-9934-510c87e5a3fd","local_time":"20190130065258","is_ascension_mode":true,"campfire_choices":[],"neow_cost":"CURSE","seed_source_timestamp":1060325603715886,"circlet_count":0,"master_deck":["Defend_G","Defend_G","Defend_G","Defend_G","Defend_G","Strike_G","Strike_G","Strike_G","Strike_G","Strike_G","Survivor","Neutralize","Burst","Noxious Fumes","Noxious Fumes","Noxious Fumes","Dodge and Roll","Deflect","Dodge and Roll"],"relics":["Ring of the Snake","Tiny Chest"],"potions_floor_usage":[6,8,8],"damage_taken":[{"damage":7,"enemies":"Jaw Worm","floor":1,"turns":7},{"damage":0,"enemies":"2 Louse","floor":3,"turns":4},{"damage":1,"enemies":"Small Slimes","floor":4,"turns":4},{"damage":3,"enemies":"2 Fungi Beasts","floor":5,"turns":4},{"damage":45,"enemies":"Gremlin Nob","floor":6,"turns":5},{"damage":4,"enemies":"Blue Slaver","floor":7,"turns":5},{"damage":7,"enemies":"Exordium Wildlife","floor":8,"turns":1}],"seed_played":"-252071925780032759","potions_obtained":[{"floor":4,"key":"PowerPotion"},{"floor":6,"key":"Strength Potion"},{"floor":7,"key":"Energy Potion"}],"is_trial":false,"path_per_floor":["M","$","M","M","M","E","M","M"],"character_chosen":"THE_SILENT","items_purchased":[],"campfire_rested":0,"item_purchase_floors":[],"current_hp_per_floor":[56,56,56,55,52,7,3,0],"gold":173,"neow_bonus":"THREE_RARE_CARDS","is_prod":false,"is_daily":false,"chose_seed":false,"campfire_upgraded":0,"win_rate":0,"timestamp":1548849178,"path_taken":["M","$","M","M","M","E","M","M"],"build_version":"2019-01-23","purchased_purges":1,"victory":false,"max_hp_per_floor":[70,67,67,67,67,67,67,67],"card_choices":[{"not_picked":["Tools of the Trade","Night Terror"],"picked":"Burst","floor":0},{"not_picked":["Deflect","Dagger Throw"],"picked":"Noxious Fumes","floor":1},{"not_picked":["Deadly Poison","Cloak And Dagger"],"picked":"Noxious Fumes","floor":3},{"not_picked":["Deadly Poison","Choke"],"picked":"Noxious Fumes","floor":4},{"not_picked":["Outmaneuver","Storm of Steel"],"picked":"Dodge and Roll","floor":5},{"not_picked":["Night Terror","Slice"],"picked":"Deflect","floor":6},{"not_picked":["Infinite Blades","PiercingWail"],"picked":"Dodge and Roll","floor":7}],"player_experience":553470,"relics_obtained":[{"floor":6,"key":"Tiny Chest"}],"event_choices":[],"is_beta":false,"boss_relics":[],"items_purged_floors":[2],"is_endless":false,"potions_floor_spawned":[4,6,7],"killed_by":"Exordium Wildlife","ascension_level":6}