{"gold_per_floor":[369,177,187,202,217,217,237,237,237,195,208,242,252,267,267,267],"floor_reached":16,"playtime":567,"items_purged":["Normality"],"score":117,"play_id":"481f2fd2-8e44-421d-9ab0-c54c424b6945","local_time":"20190107232837","is_ascension_mode":true,"campfire_choices":[{"data":"Searing Blow","floor":6,"key":"SMITH"},{"data":"Searing Blow+1","floor":8,"key":"SMITH"},{"floor":15,"key":"REST"}],"neow_cost":"CURSE","seed_source_timestamp":47535641853254,"circlet_count":0,"master_deck":["Strike_R","Strike_R","Strike_R","Strike_R","Strike_R","Defend_R","Defend_R","Defend_R","Defend_R","Bash","Rage","Inflame","Uppercut","Pommel Strike","Searing Blow+2","Cleave","Spot Weakness","Flame Barrier","Shrug It Off"],"relics":["Burning Blood","Bronze Scales"],"potions_floor_usage":[13,16,16,16],"damage_taken":[{"damage":6,"enemies":"Cultist","floor":1,"turns":3},{"damage":6,"enemies":"Jaw Worm","floor":3,"turns":4},{"damage":0,"enemies":"Small Slimes","floor":4,"turns":3},{"damage":19,"enemies":"Exordium Wildlife","floor":5,"turns":4},{"damage":15,"enemies":"2 Fungi Beasts","floor":7,"turns":3},{"damage":18,"enemies":"Exordium Thugs","floor":11,"turns":4},{"damage":35,"enemies":"3 Sentries","floor":12,"turns":7},{"damage":10,"enemies":"Lots of Slimes","floor":13,"turns":3},{"damage":2,"enemies":"Red Slaver","floor":14,"turns":4},{"damage":41,"enemies":"Slime Boss","floor":16,"turns":7}],"seed_played":"-7668040842063120722","potions_obtained":[{"floor":3,"key":"SkillPotion"},{"floor":4,"key":"Block Potion"},{"floor":7,"key":"Poison Potion"},{"floor":13,"key":"Swift Potion"}],"is_trial":false,"path_per_floor":["M","$","M","M","M","R","M","R","T","?","M","E","M","M","R","B"],"character_chosen":"IRONCLAD","items_purchased":["Inflame","Uppercut"],"campfire_rested":1,"item_purchase_floors":[2,2],"current_hp_per_floor":[80,80,80,80,67,67,58,58,58,58,46,17,13,17,41,0],"gold":267,"neow_bonus":"TWO_FIFTY_GOLD","is_prod":false,"is_daily":false,"chose_seed":false,"campfire_upgraded":2,"win_rate":0,"timestamp":1546871317,"path_taken":["M","$","M","M","M","R","M","R","T","?","M","E","M","M","R","BOSS"],"build_version":"2019-01-03v4","purchased_purges":1,"victory":false,"max_hp_per_floor":[80,80,80,80,80,80,80,80,80,80,80,80,80,80,80,80],"card_choices":[{"not_picked":["Perfected Strike","Havoc"],"picked":"Rage","floor":1},{"not_picked":["Iron Wave","Reckless Charge"],"picked":"Pommel Strike","floor":3},{"not_picked":["Havoc","Iron Wave"],"picked":"Searing Blow","floor":4},{"not_picked":["Thunderclap","Infernal Blade","Anger"],"picked":"SKIP","floor":5},{"not_picked":["Bloodletting","Ghostly Armor"],"picked":"Cleave","floor":7},{"not_picked":["Bloodletting","Ghostly Armor"],"picked":"Spot Weakness","floor":11},{"not_picked":["Brutality","Uppercut"],"picked":"Flame Barrier","floor":12},{"not_picked":["Clash","True Grit"],"picked":"Shrug It Off","floor":13},{"not_picked":["Iron Wave","Heavy Blade","Hemokinesis"],"picked":"SKIP","floor":14}],"player_experience":162954,"relics_obtained":[{"floor":12,"key":"Bronze Scales"}],"event_choices":[{"damage_healed":0,"gold_gain":0,"player_choice":"Left Gold","damage_taken":0,"max_hp_gain":0,"max_hp_loss":0,"event_name":"World of Goop","floor":10,"gold_loss":42}],"is_beta":false,"boss_relics":[],"items_purged_floors":[2],"is_endless":false,"potions_floor_spawned":[3,4,7,12,13],"killed_by":"Slime Boss","ascension_level":2}