{"gold_per_floor":[112,124,124,124,147,147,182,182,212,253,178,178,203,223,223,223],"floor_reached":16,"playtime":396,"items_purged":["Regret"],"score":189,"play_id":"06915427-ff4d-4660-81d0-1606f39c67c9","local_time":"20190107201558","is_ascension_mode":true,"campfire_choices":[{"data":"1","floor":6,"key":"LIFT"},{"floor":8,"key":"REST"},{"data":"2","floor":12,"key":"LIFT"},{"data":"Bash","floor":15,"key":"SMITH"}],"neow_cost":"CURSE","seed_source_timestamp":1533332442860801,"circlet_count":0,"master_deck":["Strike_R","Strike_R","Strike_R","Strike_R","Strike_R","Defend_R","Defend_R","Defend_R","Defend_R","Bash+1","Writhe","Cleave","Injury","Inflame","Cleave"],"relics":["Burning Blood","Girya","Golden Idol","Matryoshka","Oddly Smooth Stone","Tiny Chest","Gremlin Horn","Centennial Puzzle"],"potions_floor_usage":[10,10],"damage_taken":[{"damage":8,"enemies":"Small Slimes","floor":1,"turns":4},{"damage":10,"enemies":"Jaw Worm","floor":2,"turns":5},{"damage":6,"enemies":"2 Louse","floor":5,"turns":4},{"damage":49,"enemies":"3 Sentries","floor":7,"turns":8},{"damage":3,"enemies":"Gremlin Nob","floor":10,"turns":2},{"damage":11,"enemies":"Looter","floor":13,"turns":2},{"damage":26,"enemies":"Exordium Thugs","floor":14,"turns":3},{"damage":30,"enemies":"Hexaghost","floor":16,"turns":7}],"seed_played":"1178285440776358379","potions_obtained":[{"floor":1,"key":"Poison Potion"},{"floor":7,"key":"AttackPotion"},{"floor":10,"key":"Fire Potion"}],"is_trial":false,"path_per_floor":["M","M","?","?","M","R","E","R","T","E","$","R","M","M","R","B"],"character_chosen":"IRONCLAD","items_purchased":[],"campfire_rested":1,"item_purchase_floors":[],"current_hp_per_floor":[70,66,66,66,66,66,23,47,47,50,50,50,45,25,25,0],"gold":223,"neow_bonus":"ONE_RARE_RELIC","is_prod":false,"is_daily":false,"chose_seed":false,"campfire_upgraded":1,"win_rate":0,"timestamp":1546910158,"path_taken":["M","M","?","?","M","R","E","R","T","E","$","R","M","M","R","BOSS"],"build_version":"2019-01-03v4","purchased_purges":1,"victory":false,"max_hp_per_floor":[80,80,80,80,80,80,80,80,80,80,80,80,80,80,80,80],"card_choices":[{"not_picked":["Power Through","Blood for Blood"],"picked":"Cleave","floor":1},{"not_picked":["Twin Strike","Thunderclap","Sentinel"],"picked":"SKIP","floor":2},{"not_picked":["Thunderclap","Flex","Wild Strike"],"picked":"SKIP","floor":5},{"not_picked":["Twin Strike","Infernal Blade","Havoc"],"picked":"SKIP","floor":7},{"not_picked":["Power Through","Havoc","Shrug It Off"],"picked":"SKIP","floor":10},{"not_picked":["Warcry","Wild Strike"],"picked":"Inflame","floor":13},{"not_picked":["Shrug It Off","Blood for Blood"],"picked":"Cleave","floor":14}],"player_experience":341256,"relics_obtained":[{"floor":7,"key":"Oddly Smooth Stone"},{"floor":9,"key":"Tiny Chest"},{"floor":9,"key":"Gremlin Horn"},{"floor":10,"key":"Centennial Puzzle"}],"event_choices":[{"damage_healed":0,"gold_gain":0,"player_choice":"Take Wound","damage_taken":0,"relics_obtained":["Golden Idol"],"max_hp_gain":0,"max_hp_loss":0,"event_name":"Golden Idol","floor":3,"gold_loss":0,"cards_obtained":["Injury"]},{"damage_healed":0,"gold_gain":0,"player_choice":"Box","damage_taken":0,"relics_obtained":["Matryoshka"],"max_hp_gain":0,"max_hp_loss":0,"event_name":"Big Fish","floor":4,"gold_loss":0,"cards_obtained":["Regret"]}],"is_beta":false,"boss_relics":[],"items_purged_floors":[11],"is_endless":false,"potions_floor_spawned":[1,7,10],"killed_by":"Hexaghost","ascension_level":8}