{"gold_per_floor":[369,381,20,34,51,51,76,87,87,37,68,68,86,86,86,158,158,171,86,23,73,24,24,51,16,16,28,28,86,86],"floor_reached":30,"playtime":879,"items_purged":["Doubt","Strike_B","Strike_B"],"score":508,"play_id":"69dc6d6d-a2b6-4936-89d6-9a05350790bc","local_time":"20190213011519","is_ascension_mode":true,"campfire_choices":[{"data":"Defragment","floor":6,"key":"SMITH"},{"floor":12,"key":"REST"},{"data":"Defragment","floor":15,"key":"SMITH"},{"data":"Loop","floor":23,"key":"SMITH"},{"data":"Loop","floor":28,"key":"SMITH"}],"neow_cost":"CURSE","seed_source_timestamp":2249229813383377,"circlet_count":0,"master_deck":["AscendersBane","Strike_B","Defend_B","Defend_B","Defend_B","Defend_B","Zap","Dualcast","Tempest","Ball Lightning","Defragment+1","Cold Snap","Steam","Storm","Barrage","Redo","Defragment+1","Cold Snap+1","Creative AI","Loop+1","Finesse","Barrage+1","Loop+1","Parasite","Conserve Battery+1","Reboot"],"relics":["Cracked Core","Membership Card","Bronze Scales","Boot","Molten Egg 2","Darkstone Periapt","Cursed Key","Meat on the Bone","Pear","Gremlin Horn","Tiny Chest"],"potions_floor_usage":[7,8,24],"damage_taken":[{"damage":1,"enemies":"Cultist","floor":1,"turns":4},{"damage":7,"enemies":"Jaw Worm","floor":2,"turns":3},{"damage":5,"enemies":"2 Louse","floor":4,"turns":2},{"damage":13,"enemies":"2 Fungi Beasts","floor":5,"turns":3},{"damage":16,"enemies":"Gremlin Nob","floor":7,"turns":3},{"damage":6,"enemies":"Blue Slaver","floor":8,"turns":3},{"damage":16,"enemies":"Lagavulin","floor":11,"turns":6},{"damage":6,"enemies":"Looter","floor":13,"turns":2},{"damage":1,"enemies":"Hexaghost","floor":16,"turns":8},{"damage":8,"enemies":"Shell Parasite","floor":18,"turns":5},{"damage":27,"enemies":"Gremlin Leader","floor":24,"turns":6},{"damage":0,"enemies":"Spheric Guardian","floor":27,"turns":3},{"damage":42,"enemies":"Book of Stabbing","floor":29,"turns":4},{"damage":24,"enemies":"Cultist and Chosen","floor":30,"turns":3}],"seed_played":"55718458335117410","potions_obtained":[{"floor":2,"key":"PowerPotion"},{"floor":7,"key":"Fruit Juice"},{"floor":13,"key":"Energy Potion"},{"floor":16,"key":"AttackPotion"},{"floor":24,"key":"Dexterity Potion"}],"is_trial":false,"path_per_floor":["M","M","$","M","M","R","E","M","T","$","E","R","M","?","R","B",null,"M","?","$","?","$","R","E","$","T","M","R","E","M"],"character_chosen":"DEFECT","items_purchased":["Membership Card","Defragment","Cold Snap","Bronze Scales","Finesse","Loop"],"campfire_rested":1,"item_purchase_floors":[3,3,3,3,22,25],"current_hp_per_floor":[63,56,56,51,38,38,22,21,21,21,5,27,21,14,14,13,60,52,52,52,52,52,52,47,47,53,53,53,23,0],"gold":86,"neow_bonus":"TWO_FIFTY_GOLD","is_prod":false,"is_daily":false,"chose_seed":false,"campfire_upgraded":4,"win_rate":0,"timestamp":1550038519,"path_taken":["M","M","$","M","M","R","E","M","T","$","E","R","M","?","R","BOSS","M","?","$","?","$","R","E","?","T","?","R","E","M"],"build_version":"2019-01-23","purchased_purges":3,"victory":false,"max_hp_per_floor":[71,71,71,71,71,71,71,76,76,76,76,76,76,76,76,76,76,76,76,76,76,76,76,86,86,92,92,92,92,92],"card_choices":[{"not_picked":["Beam Cell","Conserve Battery"],"picked":"Tempest","floor":1},{"not_picked":["Leap","Chill"],"picked":"Ball Lightning","floor":2},{"not_picked":["Reprogram","Turbo"],"picked":"Steam","floor":4},{"not_picked":["Hologram","Rebound"],"picked":"Storm","floor":5},{"not_picked":["Stack","Streamline"],"picked":"Barrage","floor":7},{"not_picked":["Double Energy","Stack"],"picked":"Redo","floor":8},{"not_picked":["Coolheaded","Storm"],"picked":"Defragment","floor":11},{"not_picked":["Go for the Eyes+1","Sweeping Beam+1"],"picked":"Cold Snap+1","floor":13},{"not_picked":["Hyperbeam+1","Thunder Strike+1"],"picked":"Creative AI","floor":16},{"not_picked":["Sunder+1","Chaos+1"],"picked":"Loop","floor":18},{"not_picked":["Genetic Algorithm","Stack"],"picked":"Barrage+1","floor":24},{"not_picked":["Steam+1","Stack"],"picked":"Conserve Battery+1","floor":27},{"not_picked":["Ball Lightning+1","Gash+1"],"picked":"Reboot","floor":29}],"player_experience":753173,"relics_obtained":[{"floor":7,"key":"Boot"},{"floor":9,"key":"Molten Egg 2"},{"floor":11,"key":"Darkstone Periapt"},{"floor":24,"key":"Pear"},{"floor":26,"key":"Gremlin Horn"},{"floor":29,"key":"Tiny Chest"}],"event_choices":[{"cards_removed":["Strike_B"],"damage_healed":0,"gold_gain":0,"player_choice":"Card Removal","damage_taken":7,"max_hp_gain":0,"max_hp_loss":0,"event_name":"Golden Wing","floor":14,"gold_loss":0},{"damage_healed":0,"gold_gain":0,"player_choice":"Obtained Relic","damage_taken":0,"relics_obtained":["Meat on the Bone"],"max_hp_gain":0,"max_hp_loss":0,"event_name":"Addict","floor":19,"gold_loss":85},{"damage_healed":0,"gold_gain":50,"player_choice":"Stole From Cult","damage_taken":0,"max_hp_gain":0,"max_hp_loss":0,"event_name":"Nest","floor":21,"gold_loss":0}],"is_beta":false,"boss_relics":[{"not_picked":["Eternal Feather","Calling Bell"],"picked":"Cursed Key"}],"items_purged_floors":[3,10,20],"is_endless":false,"potions_floor_spawned":[2,7,13,16,24],"killed_by":"Cultist and Chosen","ascension_level":15}