{"gold_per_floor":[116,116,116,130,149,149,168,58,83,97,126,126,301,14,14,134,134,151,66,66,66,18,18,18],"floor_reached":24,"playtime":637,"items_purged":["Strike_B","Strike_B"],"score":221,"play_id":"f9c131ba-0f78-4fd1-b1e9-5183e67f48b0","local_time":"20190105104747","is_ascension_mode":true,"campfire_choices":[{"data":"Coolheaded","floor":6,"key":"SMITH"},{"floor":15,"key":"REST"},{"floor":23,"key":"REST"}],"neow_cost":"NONE","seed_source_timestamp":1326208595690899,"circlet_count":0,"master_deck":["Strike_B+1","Strike_B","Defend_B+1","Defend_B","Defend_B","Defend_B","Zap","Dualcast","Redo","Blizzard","Coolheaded+1","Loop","Consume","Chaos","Electrodynamics","Doubt","HandOfGreed","Fission","Necronomicurse"],"relics":["Cracked Core","NeowsBlessing","Potion Belt","Lantern","Singing Bowl","Philosopher\u0027s Stone","DataDisk","Necronomicon"],"potions_floor_usage":[11,11,11,21],"damage_taken":[{"damage":0,"enemies":"Cultist","floor":1,"turns":1},{"damage":0,"enemies":"2 Louse","floor":4,"turns":1},{"damage":0,"enemies":"Jaw Worm","floor":5,"turns":1},{"damage":11,"enemies":"Blue Slaver","floor":7,"turns":4},{"damage":7,"enemies":"Looter","floor":10,"turns":3},{"damage":20,"enemies":"Gremlin Nob","floor":11,"turns":3},{"damage":22,"enemies":"The Guardian","floor":16,"turns":10},{"damage":29,"enemies":"Chosen","floor":18,"turns":6},{"damage":29,"enemies":"Colosseum Slavers","floor":21,"turns":3},{"damage":26,"enemies":"3 Byrds","floor":24,"turns":2}],"seed_played":"-7277113240628827255","potions_obtained":[{"floor":3,"key":"SteroidPotion"},{"floor":3,"key":"SkillPotion"},{"floor":3,"key":"PowerPotion"},{"floor":4,"key":"Poison Potion"},{"floor":16,"key":"SkillPotion"}],"is_trial":false,"path_per_floor":["M","?","?","M","M","R","M","$","T","M","E","?","?","$","R","B",null,"M","?","?","?","$","R","M"],"character_chosen":"DEFECT","items_purchased":["Consume","HandOfGreed","Block Potion"],"campfire_rested":2,"item_purchase_floors":[8,14,22],"current_hp_per_floor":[75,60,60,60,60,60,49,49,49,42,22,22,22,22,44,22,75,48,48,32,3,3,26,0],"gold":18,"neow_bonus":"THREE_ENEMY_KILL","is_prod":false,"is_daily":false,"chose_seed":false,"campfire_upgraded":1,"win_rate":0,"timestamp":1546703267,"path_taken":["M","?","?","M","?","R","M","?","T","M","E","?","?","$","R","BOSS","M","?","?","?","?","R","M"],"build_version":"2019-01-03v4","purchased_purges":2,"victory":false,"max_hp_per_floor":[75,75,75,75,75,75,75,75,75,75,75,75,75,75,75,75,75,77,77,77,77,77,77,77],"card_choices":[{"not_picked":["Streamline","Gash"],"picked":"Redo","floor":1},{"not_picked":["Go for the Eyes","Leap"],"picked":"Blizzard","floor":4},{"not_picked":["Conserve Battery","Redo"],"picked":"Coolheaded","floor":5},{"not_picked":["Streamline","Turbo"],"picked":"Loop","floor":7},{"not_picked":["Heatsinks","Undo"],"picked":"Chaos","floor":10},{"not_picked":["Leap","Coolheaded"],"picked":"Electrodynamics","floor":11},{"not_picked":["Core Surge","Buffer"],"picked":"Fission","floor":16},{"not_picked":["Ball Lightning+1","Leap","Barrage"],"picked":"Singing Bowl","floor":18}],"player_experience":322059,"relics_obtained":[{"floor":9,"key":"Potion Belt"},{"floor":11,"key":"Lantern"},{"floor":20,"key":"Necronomicon"}],"event_choices":[{"damage_healed":0,"gold_gain":0,"player_choice":"Entered Light","damage_taken":15,"max_hp_gain":0,"max_hp_loss":0,"event_name":"Shining Light","floor":2,"gold_loss":0,"cards_upgraded":["Defend_B","Strike_B"]},{"damage_healed":0,"gold_gain":0,"player_choice":"Got Potions","damage_taken":0,"max_hp_gain":0,"max_hp_loss":0,"event_name":"Lab","floor":3,"gold_loss":0},{"damage_healed":0,"gold_gain":0,"player_choice":"Searched \u00271\u0027 times","damage_taken":0,"relics_obtained":["Singing Bowl"],"max_hp_gain":0,"max_hp_loss":0,"event_name":"Dead Adventurer","floor":12,"gold_loss":0},{"damage_healed":0,"gold_gain":175,"player_choice":"AGREE","damage_taken":0,"max_hp_gain":0,"max_hp_loss":0,"event_name":"Liars Game","floor":13,"gold_loss":0,"cards_obtained":["Doubt"]},{"damage_healed":0,"gold_gain":0,"player_choice":"Obtained Relic","damage_taken":0,"relics_obtained":["DataDisk"],"max_hp_gain":0,"max_hp_loss":0,"event_name":"Addict","floor":19,"gold_loss":85},{"damage_healed":0,"gold_gain":0,"player_choice":"Obtained Book","damage_taken":16,"max_hp_gain":0,"max_hp_loss":0,"event_name":"Cursed Tome","floor":20,"gold_loss":0},{"damage_healed":0,"gold_gain":0,"player_choice":"Fight","damage_taken":0,"max_hp_gain":0,"max_hp_loss":0,"event_name":"Colosseum","floor":21,"gold_loss":0},{"damage_healed":0,"gold_gain":0,"player_choice":"Fled From Nobs","damage_taken":0,"max_hp_gain":0,"max_hp_loss":0,"event_name":"Colosseum","floor":21,"gold_loss":0}],"is_beta":false,"boss_relics":[{"not_picked":["Sozu","Black Star"],"picked":"Philosopher\u0027s Stone"}],"items_purged_floors":[8,14],"is_endless":false,"potions_floor_spawned":[4,7,16,21],"killed_by":"3 Byrds","ascension_level":3}