{"gold_per_floor":[113,127,127,127,142,142,170,170,170,180,180,195,195,165,165,165],"floor_reached":16,"playtime":304,"items_purged":[],"score":102,"play_id":"1d3ae903-daf3-4525-ab5c-063d0864758d","local_time":"20190203195424","is_ascension_mode":false,"campfire_choices":[{"data":"Sever Soul","floor":6,"key":"SMITH"},{"data":"Bash","floor":8,"key":"SMITH"},{"floor":15,"key":"REST"}],"neow_cost":"NONE","seed_source_timestamp":1452919180571580,"circlet_count":0,"master_deck":["Strike_R","Strike_R","Strike_R","Strike_R","Defend_R","Defend_R","Defend_R","Defend_R","Bash+1","Corruption","Sever Soul+1"],"relics":["Busted Crown","Centennial Puzzle","Pantograph"],"potions_floor_usage":[],"damage_taken":[{"damage":0,"enemies":"2 Louse","floor":1,"turns":2},{"damage":0,"enemies":"Cultist","floor":2,"turns":2},{"damage":0,"enemies":"Small Slimes","floor":5,"turns":2},{"damage":16,"enemies":"3 Sentries","floor":7,"turns":8},{"damage":13,"enemies":"Red Slaver","floor":10,"turns":2},{"damage":13,"enemies":"Exordium Wildlife","floor":12,"turns":3},{"damage":15,"enemies":"Looter","floor":14,"turns":3},{"damage":0,"enemies":"Slime Boss","floor":16,"turns":1}],"seed_played":"3217888708106456004","potions_obtained":[{"floor":1,"key":"Block Potion"},{"floor":2,"key":"SpeedPotion"},{"floor":7,"key":"Weak Potion"}],"is_trial":false,"path_per_floor":["M","M","?","?","M","R","E","R","T","M","$","M","$","M","R","B"],"character_chosen":"IRONCLAD","items_purchased":[],"campfire_rested":1,"item_purchase_floors":[],"current_hp_per_floor":[80,80,73,73,73,73,57,57,57,44,44,31,31,16,40,65],"gold":165,"neow_bonus":"BOSS_RELIC","is_prod":false,"is_daily":false,"chose_seed":false,"campfire_upgraded":2,"win_rate":0,"timestamp":1549241664,"path_taken":["M","M","?","?","?","R","E","R","T","?","?","?","?","M","R","BOSS"],"build_version":"2019-01-23","purchased_purges":0,"victory":false,"max_hp_per_floor":[80,80,80,80,80,80,80,80,80,80,80,80,80,80,80,80],"card_choices":[{"not_picked":[],"picked":"Corruption","floor":1},{"not_picked":[],"picked":"Sever Soul","floor":2},{"not_picked":["Clash"],"picked":"SKIP","floor":5},{"not_picked":["Rupture"],"picked":"SKIP","floor":7},{"not_picked":["Heavy Blade"],"picked":"SKIP","floor":10},{"not_picked":["Sentinel"],"picked":"SKIP","floor":12},{"not_picked":["Iron Wave"],"picked":"SKIP","floor":14}],"player_experience":658187,"relics_obtained":[{"floor":7,"key":"Centennial Puzzle"},{"floor":9,"key":"Pantograph"}],"event_choices":[{"cards_removed":["Strike_R"],"damage_healed":0,"gold_gain":0,"player_choice":"Card Removal","damage_taken":7,"max_hp_gain":0,"max_hp_loss":0,"event_name":"Golden Wing","floor":3,"gold_loss":0},{"damage_healed":0,"gold_gain":0,"player_choice":"0 cards matched","damage_taken":0,"max_hp_gain":0,"max_hp_loss":0,"event_name":"Match and Keep!","floor":4,"gold_loss":0,"cards_obtained":[]}],"is_beta":false,"boss_relics":[],"items_purged_floors":[],"is_endless":false,"potions_floor_spawned":[1,2,7],"killed_by":"Slime Boss","ascension_level":0}