{"gold_per_floor":[116,116,291,311,311,344,344,344,344,344,371,384,400,434,434,538,538,558,558,568,47,65,65,75,95,118,158,170,213,225,255,267,381,393,419,451,473,51,51,51,80,80,80,80,80,92,127,137,137,137],"floor_reached":51,"playtime":2246,"items_purged":["Defend_R","Parasite"],"score":1121,"play_id":"7c938ebc-e8ac-42e0-8bc8-9f2befe33447","local_time":"20190213195818","is_ascension_mode":true,"campfire_choices":[{"data":"Flame Barrier","floor":7.0,"key":"SMITH"},{"data":"Rage","floor":10.0,"key":"SMITH"},{"data":"Uppercut","floor":15.0,"key":"SMITH"},{"data":"Bash","floor":23.0,"key":"SMITH"},{"data":"True Grit","floor":28.0,"key":"SMITH"},{"data":"Inflame","floor":30.0,"key":"SMITH"},{"data":"Body Slam","floor":32.0,"key":"SMITH"},{"floor":40.0,"key":"REST"},{"data":"Barricade","floor":42.0,"key":"SMITH"},{"data":"Body Slam","floor":44.0,"key":"SMITH"},{"floor":49,"key":"REST"}],"neow_cost":"NONE","seed_source_timestamp":0,"circlet_count":0,"master_deck":["Strike_R+1","Strike_R+1","Strike_R","Defend_R","Defend_R","Defend_R","Bash+1","Flame Barrier+1","Rage+1","Uppercut+1","Pommel Strike+1","Spot Weakness+1","True Grit+1","Inflame+1","Body Slam+1","Barricade+1","Body Slam+1","Ghostly Armor+1"],"special_seed":0,"relics":["Burning Blood","NeowsBlessing","Mercury Hourglass","Happy Flower","Blue Candle","Letter Opener","Incense Burner","Velvet Choker","Medical Kit","Gremlin Horn","MawBank","PreservedInsect","Lantern","Lizard Tail","Bottled Lightning","Toxic Egg 2","Nunchaku","Ornamental Fan"],"potions_floor_usage":[47,50,50],"damage_taken":[{"damage":0.0,"enemies":"2 Louse","floor":1.0,"turns":1.0},{"damage":0.0,"enemies":"Small Slimes","floor":4.0,"turns":1.0},{"damage":0.0,"enemies":"Gremlin Nob","floor":6.0,"turns":1.0},{"damage":5.0,"enemies":"3 Sentries","floor":11.0,"turns":7.0},{"damage":0.0,"enemies":"Jaw Worm","floor":12.0,"turns":3.0},{"damage":0.0,"enemies":"Exordium Wildlife","floor":13.0,"turns":3.0},{"damage":18.0,"enemies":"Gremlin Nob","floor":14.0,"turns":4.0},{"damage":18.0,"enemies":"The Guardian","floor":16.0,"turns":11.0},{"damage":4.0,"enemies":"Shell Parasite","floor":18.0,"turns":4.0},{"damage":0.0,"enemies":"Spheric Guardian","floor":20.0,"turns":5.0},{"damage":19.0,"enemies":"Snake Plant","floor":22.0,"turns":3.0},{"damage":0.0,"enemies":"Centurion and Healer","floor":24.0,"turns":5.0},{"damage":0.0,"enemies":"Cultist and Chosen","floor":25.0,"turns":4.0},{"damage":25.0,"enemies":"Slavers","floor":27.0,"turns":5.0},{"damage":5.0,"enemies":"Gremlin Leader","floor":29.0,"turns":3.0},{"damage":0.0,"enemies":"Chosen and Byrds","floor":31.0,"turns":3.0},{"damage":43.0,"enemies":"Champ","floor":33.0,"turns":8.0},{"damage":42.0,"enemies":"3 Darklings","floor":35.0,"turns":6.0},{"damage":15.0,"enemies":"3 Shapes","floor":36.0,"turns":3.0},{"damage":18.0,"enemies":"Writhing Mass","floor":37.0,"turns":5.0},{"damage":0.0,"enemies":"Nemesis","floor":41.0,"turns":3.0},{"damage":0.0,"enemies":"Maw","floor":46.0,"turns":6.0},{"damage":21,"enemies":"Giant Head","floor":47,"turns":7},{"damage":0,"enemies":"4 Shapes","floor":48,"turns":7},{"damage":16,"enemies":"Time Eater","floor":50,"turns":7}],"seed_played":"-9121617244292617149","potions_obtained":[{"floor":6.0,"key":"PowerPotion"},{"floor":11.0,"key":"SpeedPotion"},{"floor":12.0,"key":"Swift Potion"},{"floor":20.0,"key":"Poison Potion"},{"floor":27.0,"key":"BloodPotion"},{"floor":29.0,"key":"GamblersBrew"},{"floor":31.0,"key":"Strength Potion"},{"floor":33.0,"key":"LiquidBronze"},{"floor":37.0,"key":"Ancient Potion"},{"floor":41.0,"key":"LiquidBronze"},{"floor":47,"key":"Swift Potion"}],"is_trial":false,"path_per_floor":["M","?","?","M","?","E","R","?","T","R","E","M","M","E","R","B",null,"M","?","M","$","M","R","M","M","T","E","R","E","R","M","R","B",null,"M","M","M","$","?","R","E","R","T","R","?","M","E","M","R","B",null],"character_chosen":"IRONCLAD","items_purchased":["Medical Kit","Gremlin Horn","Bottled Lightning","BloodPotion"],"campfire_rested":2,"item_purchase_floors":[21,21,38,38],"current_hp_per_floor":[78,62,62,68,61,67,67,55,55,55,56,62,68,56,56,44,71,73,73,79,79,66,66,72,78,78,59,59,68,68,74,74,37,69,33,24,12,12,12,35,48,48,48,48,48,54,39,45,68,58],"gold":137,"neow_bonus":"THREE_ENEMY_KILL","is_prod":false,"is_daily":false,"chose_seed":false,"campfire_upgraded":9,"win_rate":0,"timestamp":1550116698,"path_taken":["M","?","?","M","?","E","R","?","T","R","E","?","M","E","R","BOSS","M","?","M","?","M","R","M","M","T","E","R","E","R","M","R","BOSS","M","M","M","$","?","R","E","R","T","R","?","M","E","M","R","BOSS"],"build_version":"2019-01-23","purchased_purges":2,"victory":true,"max_hp_per_floor":[80,80,80,80,80,80,80,80,80,80,80,80,80,80,80,80,80,80,80,80,80,80,80,80,80,80,80,80,80,80,80,80,80,80,80,80,80,77,77,77,77,77,77,77,77,77,77,77,77,77],"card_choices":[{"not_picked":["Clash","Reckless Charge","Twin Strike"],"picked":"SKIP","floor":1.0},{"not_picked":["Feel No Pain","Clothesline"],"picked":"Flame Barrier","floor":4.0},{"not_picked":["Cleave","Pommel Strike"],"picked":"Rage","floor":6.0},{"not_picked":["Thunderclap","Warcry","Seeing Red"],"picked":"SKIP","floor":11.0},{"not_picked":["Anger","Twin Strike"],"picked":"Uppercut","floor":12.0},{"not_picked":["Pommel Strike","Intimidate","Burning Pact"],"picked":"SKIP","floor":13.0},{"not_picked":["Havoc","Perfected Strike","Flex"],"picked":"SKIP","floor":14.0},{"not_picked":["Warcry","Pummel","Sword Boomerang"],"picked":"SKIP","floor":18.0},{"not_picked":["Corruption","Thunderclap"],"picked":"Pommel Strike+1","floor":20.0},{"not_picked":["Blood for Blood+1","Power Through"],"picked":"Spot Weakness+1","floor":22.0},{"not_picked":["Infernal Blade","Thunderclap","Reckless Charge"],"picked":"SKIP","floor":24.0},{"not_picked":["Bloodletting+1","Thunderclap"],"picked":"True Grit","floor":25.0},{"not_picked":["Perfected Strike","Warcry+1","Ghostly Armor"],"picked":"SKIP","floor":27.0},{"not_picked":["Infernal Blade","Exhume"],"picked":"Inflame","floor":29.0},{"not_picked":["Havoc","Flex+1"],"picked":"Body Slam","floor":31.0},{"not_picked":["Double Tap","Impervious"],"picked":"Barricade","floor":33.0},{"not_picked":["Rampage+1","Twin Strike","Thunderclap"],"picked":"SKIP","floor":35.0},{"not_picked":["Thunderclap+1","Dropkick"],"picked":"Body Slam","floor":36.0},{"not_picked":["Infernal Blade","Inflame+1","Bloodletting"],"picked":"SKIP","floor":37.0},{"not_picked":["Double Tap","Sword Boomerang+1"],"picked":"Ghostly Armor","floor":41.0},{"not_picked":["Flex+1","Cleave+1","Sword Boomerang"],"picked":"SKIP","floor":46.0},{"not_picked":["Inflame","Rupture","Bloodletting+1"],"picked":"SKIP","floor":47},{"not_picked":["Bloodletting+1","Warcry+1","Searing Blow"],"picked":"SKIP","floor":48}],"player_experience":358946,"relics_obtained":[{"floor":6.0,"key":"Mercury Hourglass"},{"floor":9.0,"key":"Blue Candle"},{"floor":11.0,"key":"Letter Opener"},{"floor":14.0,"key":"Incense Burner"},{"floor":26.0,"key":"MawBank"},{"floor":27.0,"key":"PreservedInsect"},{"floor":29.0,"key":"Lantern"},{"floor":41.0,"key":"Toxic Egg 2"},{"floor":43.0,"key":"Nunchaku"},{"floor":47,"key":"Ornamental Fan"}],"event_choices":[{"damage_healed":0.0,"max_hp_gain":0.0,"max_hp_loss":0.0,"gold_gain":0.0,"event_name":"Shining Light","player_choice":"Entered Light","floor":2.0,"gold_loss":0.0,"damage_taken":16.0,"cards_upgraded":["Strike_R","Strike_R"]},{"damage_healed":0.0,"max_hp_gain":0.0,"max_hp_loss":0.0,"gold_gain":175.0,"event_name":"Liars Game","player_choice":"AGREE","floor":3.0,"gold_loss":0.0,"damage_taken":0.0,"cards_obtained":["Doubt"]},{"cards_removed":["Doubt"],"damage_healed":0.0,"max_hp_gain":0.0,"max_hp_loss":0.0,"gold_gain":0.0,"event_name":"Golden Wing","player_choice":"Card Removal","floor":5.0,"gold_loss":0.0,"damage_taken":7.0},{"damage_healed":0.0,"max_hp_gain":0.0,"max_hp_loss":0.0,"gold_gain":0.0,"event_name":"Scrap Ooze","player_choice":"Success","floor":8.0,"gold_loss":0.0,"damage_taken":12.0,"relics_obtained":["Happy Flower"]},{"cards_removed":["Strike_R"],"damage_healed":0.0,"max_hp_gain":0.0,"max_hp_loss":0.0,"gold_gain":0.0,"event_name":"Bonfire Elementals","player_choice":"Offered Basic","floor":19.0,"gold_loss":0.0,"damage_taken":0.0},{"damage_healed":0.0,"max_hp_gain":0.0,"max_hp_loss":0.0,"gold_gain":0.0,"event_name":"Mysterious Sphere","player_choice":"Ignored","floor":39.0,"gold_loss":0.0,"damage_taken":0.0},{"cards_removed":["Strike_R"],"damage_healed":0.0,"max_hp_gain":0.0,"max_hp_loss":0.0,"gold_gain":0.0,"event_name":"Falling","player_choice":"Removed Attack","floor":45.0,"gold_loss":0.0,"damage_taken":0.0}],"is_beta":false,"boss_relics":[{"not_picked":["Calling Bell","Ectoplasm"],"picked":"Velvet Choker"},{"not_picked":["Black Star","Orrery"],"picked":"Lizard Tail"}],"items_purged_floors":[21,38],"is_endless":false,"potions_floor_spawned":[6,11,12,14,20,27,29,31,33,37,41,47],"ascension_level":8}