{"gold_per_floor":[115,115,130,147,147,174,174,205,205,221,291,291],"floor_reached":12,"playtime":476,"items_purged":[],"score":158,"play_id":"3063d8ca-4cc2-4671-9cc6-385ccf41bc67","local_time":"20180701104359","is_ascension_mode":true,"campfire_choices":[{"floor":7,"key":"REST"}],"neow_cost":"NONE","seed_source_timestamp":226493506326700,"circlet_count":0,"master_deck":["Strike_B","Strike_B","Strike_B","Strike_B","Defend_B","Defend_B","Defend_B","Defend_B","Zap","Dualcast","AscendersBane","Skim","Core Surge","Hello World","Conserve Battery","Defragment","BootSequence"],"relics":["Lizard Tail","Bird Faced Urn","Dodecahedron","Question Card","Smiling Mask","Meat on the Bone"],"potions_floor_usage":[5],"damage_taken":[{"damage":4,"enemies":"Small Slimes","floor":1,"turns":4},{"damage":7,"enemies":"Jaw Worm","floor":3,"turns":3},{"damage":11,"enemies":"Cultist","floor":4,"turns":4},{"damage":5,"enemies":"Gremlin Gang","floor":5,"turns":3},{"damage":29,"enemies":"3 Sentries","floor":6,"turns":8},{"damage":39,"enemies":"Gremlin Nob","floor":8,"turns":5},{"damage":24,"enemies":"Exordium Wildlife","floor":10,"turns":6},{"damage":15,"enemies":"Lagavulin","floor":12,"turns":4}],"seed_played":"-1404933419155690624","potions_obtained":[{"floor":3,"key":"Ancient Potion"},{"floor":4,"key":"SmokeBomb"},{"floor":6,"key":"Ancient Potion"},{"floor":8,"key":"Energy Potion"}],"is_trial":false,"path_per_floor":["M","?","M","M","M","E","R","E","T","M","T"],"character_chosen":"DEFECT","items_purchased":[],"campfire_rested":1,"item_purchase_floors":[],"current_hp_per_floor":[60,49,42,31,28,1,22,30,30,10,10,0],"gold":291,"neow_bonus":"BOSS_RELIC","is_prod":false,"is_daily":false,"chose_seed":false,"campfire_upgraded":0,"win_rate":0,"timestamp":1530434639,"path_taken":["M","?","?","M","?","E","R","E","T","M","?","E"],"build_version":"2018-06-28","purchased_purges":0,"victory":false,"max_hp_per_floor":[71,71,71,71,71,71,71,71,71,71,71,71],"card_choices":[{"not_picked":["Go for the Eyes","Rebound"],"picked":"Skim","floor":1},{"not_picked":["Turbo","Rebound"],"picked":"Core Surge","floor":3},{"not_picked":["Gash","Rebound"],"picked":"Hello World","floor":4},{"not_picked":["Stack","Force Field"],"picked":"Conserve Battery","floor":6},{"not_picked":["Coolheaded","Lockon"],"picked":"Defragment","floor":8},{"not_picked":["Hologram","Streamline","Stack"],"picked":"BootSequence","floor":10}],"player_experience":540273,"relics_obtained":[{"floor":6,"key":"Dodecahedron"},{"floor":8,"key":"Question Card"},{"floor":9,"key":"Smiling Mask"},{"floor":11,"key":"Meat on the Bone"}],"event_choices":[{"event_name":"Scrap Ooze","player_choice":"success","floor":2,"damage_taken":11}],"boss_relics":[],"items_purged_floors":[],"is_endless":false,"potions_floor_spawned":[3,4,6,8],"killed_by":"Lagavulin","ascension_level":15}