{"gold_per_floor":[113,129,15,29,44,119,119,147,147,160,180,355,355,355],"floor_reached":14,"playtime":449,"items_purged":["Strike_B"],"score":147,"play_id":"ae705a60-2469-46d4-a2f4-d3fd1fbcf88d","local_time":"20190129215450","is_ascension_mode":true,"campfire_choices":[],"neow_cost":"NONE","seed_source_timestamp":1027951259998784,"circlet_count":0,"master_deck":["AscendersBane","Strike_B","Strike_B","Defend_B","Defend_B","Defend_B","Defend_B","Zap","Dualcast","Cold Snap","Cold Snap","Storm","Consume","Fission","Beam Cell","Defragment","Capacitor","Cold Snap","Doubt"],"relics":["Cracked Core","NeowsBlessing","Darkstone Periapt"],"potions_floor_usage":[8,8,8,8,8],"damage_taken":[{"damage":0,"enemies":"Cultist","floor":1,"turns":1},{"damage":0,"enemies":"Jaw Worm","floor":2,"turns":1},{"damage":0,"enemies":"Small Slimes","floor":4,"turns":1},{"damage":11,"enemies":"2 Fungi Beasts","floor":5,"turns":4},{"damage":42,"enemies":"3 Sentries","floor":8,"turns":14},{"damage":3,"enemies":"Looter","floor":10,"turns":3},{"damage":15,"enemies":"Exordium Wildlife","floor":11,"turns":7},{"damage":7,"enemies":"3 Louse","floor":14,"turns":1}],"seed_played":"6285539042757380265","potions_obtained":[{"floor":2,"key":"EntropicBrew"},{"floor":8,"key":"FearPotion"},{"floor":11,"key":"FearPotion"}],"is_trial":false,"path_per_floor":["M","M","$","M","M","?","?","E","T","M","M","?","?","M"],"character_chosen":"DEFECT","items_purchased":["Storm"],"campfire_rested":0,"item_purchase_floors":[3],"current_hp_per_floor":[68,68,68,68,57,46,46,19,19,16,1,7,7,0],"gold":355,"neow_bonus":"THREE_ENEMY_KILL","is_prod":false,"is_daily":false,"chose_seed":false,"campfire_upgraded":0,"win_rate":0,"timestamp":1548816890,"path_taken":["M","?","$","M","M","?","?","E","T","?","M","?","?","M"],"build_version":"2019-01-23","purchased_purges":1,"victory":false,"max_hp_per_floor":[75,75,75,75,75,75,75,75,75,75,75,81,81,81],"card_choices":[{"not_picked":["Compile Driver","Steam"],"picked":"Cold Snap","floor":1},{"not_picked":["Beam Cell","Steam"],"picked":"Cold Snap","floor":2},{"not_picked":["Capacitor","Aggregate"],"picked":"Consume","floor":4},{"not_picked":["Beam Cell","Undo"],"picked":"Fission","floor":5},{"not_picked":["Go for the Eyes","Darkness"],"picked":"Defragment","floor":8},{"not_picked":["Loop","Glacier"],"picked":"Capacitor","floor":10},{"not_picked":["Turbo","Sweeping Beam"],"picked":"Cold Snap","floor":11}],"player_experience":546527,"relics_obtained":[{"floor":8,"key":"Darkstone Periapt"}],"event_choices":[{"damage_healed":0,"gold_gain":75,"player_choice":"Gather Gold","damage_taken":11,"max_hp_gain":0,"max_hp_loss":0,"event_name":"World of Goop","floor":6,"gold_loss":0},{"damage_healed":0,"gold_gain":0,"cards_transformed":["Strike_B"],"player_choice":"Transformed","damage_taken":0,"max_hp_gain":0,"max_hp_loss":0,"event_name":"Transmorgrifier","floor":7,"gold_loss":0,"cards_obtained":["Beam Cell"]},{"damage_healed":0,"gold_gain":175,"player_choice":"AGREE","damage_taken":0,"max_hp_gain":0,"max_hp_loss":0,"event_name":"Liars Game","floor":12,"gold_loss":0,"cards_obtained":["Doubt"]},{"damage_healed":0,"gold_gain":0,"player_choice":"Searched \u00270\u0027 times","damage_taken":0,"max_hp_gain":0,"max_hp_loss":0,"event_name":"Dead Adventurer","floor":13,"gold_loss":0}],"is_beta":false,"boss_relics":[],"items_purged_floors":[3],"is_endless":false,"potions_floor_spawned":[2,8,11],"killed_by":"3 Louse","ascension_level":12}