{"gold_per_floor":[114,114,39,39,58,86,86,99,152,171,171,246,246,196,196,296,296,282,295,295,295,120,120,120,137,164,179,199,1,1,21,21,126,126,141,16,0,13,13,13],"floor_reached":40,"playtime":1761,"items_purged":["Strike_B","Strike_G","Strike_R"],"score":384,"play_id":"02ba4caa-185d-4d3e-a0f2-111333ad7974","local_time":"20190123221840","daily_mods":["Chimera","Green Cards","Elite Swarm"],"is_ascension_mode":false,"campfire_choices":[{"data":"A Thousand Cuts","floor":7,"key":"SMITH"},{"data":"Glacier","floor":11,"key":"SMITH"},{"data":"Survivor","floor":13,"key":"SMITH"},{"data":"Steam","floor":15,"key":"SMITH"},{"data":"Doppelganger","floor":23,"key":"SMITH"},{"data":"Infinite Blades","floor":24,"key":"SMITH"},{"data":"Loop","floor":32,"key":"SMITH"}],"neow_cost":"","seed_source_timestamp":508982636378451,"circlet_count":0,"master_deck":["Survivor+1","Defend_R","Defend_G","Steam+1","A Thousand Cuts+1","Glacier+1","Capacitor","Doppelganger+1","Infinite Blades+1","Loop+1","Doom and Gloom","Defragment"],"relics":["FrozenCore","Shuriken","WingedGreaves","Blood Vial","Busted Crown","Nilry\u0027s Codex","Pen Nib","Lee\u0027s Waffle","Red Mask"],"potions_floor_usage":[16,16,25,33],"damage_taken":[{"damage":10,"enemies":"Small Slimes","floor":1,"turns":3},{"damage":2,"enemies":"2 Louse","floor":5,"turns":3},{"damage":22,"enemies":"Lagavulin","floor":6,"turns":10},{"damage":0,"enemies":"Jaw Worm","floor":8,"turns":4},{"damage":0,"enemies":"3 Louse","floor":10,"turns":3},{"damage":18,"enemies":"The Guardian","floor":16,"turns":12},{"damage":8,"enemies":"2 Thieves","floor":18,"turns":5},{"damage":5,"enemies":"Spheric Guardian","floor":19,"turns":5},{"damage":7,"enemies":"Snake Plant","floor":25,"turns":4},{"damage":24,"enemies":"3 Cultists","floor":27,"turns":5},{"damage":0,"enemies":"Cultist and Chosen","floor":28,"turns":6},{"damage":4,"enemies":"Shelled Parasite and Fungi","floor":31,"turns":6},{"damage":32,"enemies":"Automaton","floor":33,"turns":9},{"damage":31,"enemies":"3 Shapes","floor":35,"turns":5},{"damage":4,"enemies":"3 Darklings","floor":38,"turns":5},{"damage":42,"enemies":"Nemesis","floor":40,"turns":8}],"seed_played":"-2085060276854057543","potions_obtained":[{"floor":8,"key":"FocusPotion"},{"floor":10,"key":"Regen Potion"},{"floor":16,"key":"FearPotion"},{"floor":19,"key":"Explosive Potion"},{"floor":31,"key":"Regen Potion"},{"floor":33,"key":"SteroidPotion"}],"is_trial":true,"path_per_floor":["M","?","$","T","M","E","R","M","T","M","R","?","R","?","R","B",null,"M","M","?","?","$","R","R","M","T","M","M","$","?","M","R","B",null,"M","$","?","M","?","E"],"character_chosen":"DEFECT","items_purchased":["Infinite Blades","Lee\u0027s Waffle"],"campfire_rested":0,"item_purchase_floors":[22,29],"current_hp_per_floor":[65,65,65,65,63,41,41,41,41,43,43,32,32,32,32,31,75,67,64,48,48,48,48,48,43,43,21,23,82,82,78,78,56,82,51,51,51,49,49,9],"gold":13,"neow_bonus":"","is_prod":false,"is_daily":false,"chose_seed":false,"campfire_upgraded":7,"win_rate":0,"timestamp":1548299920,"path_taken":["M","?","$","?","M","E","R","M","T","?","R","?","R","?","R","BOSS","M","M","?","?","$","R","R","?","T","M","?","$","?","M","R","BOSS","M","$","?","M","?","E"],"build_version":"2019-01-23","purchased_purges":3,"victory":false,"max_hp_per_floor":[75,75,75,75,75,75,75,75,75,75,75,75,75,75,75,75,75,75,75,75,75,75,75,75,75,75,75,75,82,82,82,82,82,82,82,82,82,82,82,82],"card_choices":[{"not_picked":["Ball Lightning","Melter"],"picked":"Steam","floor":1},{"not_picked":["Barrage","Masterful Stab","Stack"],"picked":"SKIP","floor":5},{"not_picked":["Electrodynamics","Storm of Steel"],"picked":"A Thousand Cuts","floor":6},{"not_picked":["Acrobatics","Finisher"],"picked":"Glacier","floor":8},{"not_picked":["Tactician","Heatsinks"],"picked":"Capacitor","floor":10},{"not_picked":["Core Surge","Storm of Steel"],"picked":"Doppelganger","floor":16},{"not_picked":["Riddle With Holes"],"picked":"SKIP","floor":18},{"not_picked":["Compile Driver"],"picked":"SKIP","floor":19},{"not_picked":["Coolheaded"],"picked":"SKIP","floor":25},{"not_picked":[],"picked":"Loop","floor":27},{"not_picked":["Finisher"],"picked":"SKIP","floor":28},{"not_picked":[],"picked":"Doom and Gloom","floor":31},{"not_picked":["Sucker Punch"],"picked":"SKIP","floor":35},{"not_picked":[],"picked":"Defragment","floor":38}],"player_experience":397927,"relics_obtained":[{"floor":4,"key":"Shuriken"},{"floor":6,"key":"WingedGreaves"},{"floor":9,"key":"Blood Vial"},{"floor":20,"key":"Nilry\u0027s Codex"},{"floor":26,"key":"Pen Nib"}],"event_choices":[{"cards_removed":["Bash"],"damage_healed":0,"gold_gain":0,"player_choice":"Purged","damage_taken":0,"max_hp_gain":0,"max_hp_loss":0,"event_name":"Purifier","floor":2,"gold_loss":0},{"damage_healed":0,"gold_gain":75,"player_choice":"Gather Gold","damage_taken":11,"max_hp_gain":0,"max_hp_loss":0,"event_name":"World of Goop","floor":12,"gold_loss":0},{"cards_removed":["Defend_B"],"damage_healed":0,"gold_gain":0,"player_choice":"Card Removal","damage_taken":0,"max_hp_gain":0,"max_hp_loss":0,"event_name":"The Cleric","floor":14,"gold_loss":50},{"damage_healed":0,"gold_gain":0,"player_choice":"Obtained Book","damage_taken":16,"max_hp_gain":0,"max_hp_loss":0,"event_name":"Cursed Tome","floor":20,"gold_loss":0},{"damage_healed":0,"gold_gain":0,"player_choice":"Leave","damage_taken":0,"max_hp_gain":0,"max_hp_loss":0,"event_name":"FaceTrader","floor":21,"gold_loss":0},{"damage_healed":0,"gold_gain":0,"player_choice":"Paid","damage_taken":0,"relics_obtained":["Red Mask"],"max_hp_gain":0,"max_hp_loss":0,"event_name":"Tomb of Lord Red Mask","floor":37,"gold_loss":16},{"cards_removed":["Zap"],"damage_healed":0,"gold_gain":0,"player_choice":"Removed Skill","damage_taken":0,"max_hp_gain":0,"max_hp_loss":0,"event_name":"Falling","floor":39,"gold_loss":0}],"is_beta":false,"boss_relics":[{"not_picked":["Black Star","Runic Dome"],"picked":"Busted Crown"},{"not_picked":["Pandora\u0027s Box","Coffee Dripper"],"picked":"FrozenCore"}],"items_purged_floors":[3,22,36],"is_endless":false,"potions_floor_spawned":[8,10,16,19,31,33],"killed_by":"Nemesis","ascension_level":0}