{"gold_per_floor":[116,133,7,22,22,56,74,149,176,176,42,56,26,43,43,138,138,153,167,167],"floor_reached":20,"playtime":883,"items_purged":["Defend_G","Strike_G"],"score":274,"play_id":"75919e14-1e77-46a7-8fde-20a8775143e5","local_time":"20181220185338","is_ascension_mode":true,"campfire_choices":[{"floor":10,"key":"REST"},{"floor":15,"key":"REST"}],"neow_cost":"TEN_PERCENT_HP_LOSS","seed_source_timestamp":190944104374053,"circlet_count":0,"master_deck":["Defend_G","Defend_G","Defend_G","Defend_G","Survivor","Neutralize","Dodge and Roll","Dagger Spray","Noxious Fumes","Footwork","Poisoned Stab","Dodge and Roll","Footwork","Noxious Fumes","Footwork","Backflip","Corpse Explosion","Dodge and Roll"],"relics":["Ring of the Snake","Question Card","Empty Cage"],"potions_floor_usage":[6,6,16,19],"damage_taken":[{"damage":1,"enemies":"2 Louse","floor":1,"turns":3},{"damage":1,"enemies":"Cultist","floor":2,"turns":5},{"damage":0,"enemies":"Small Slimes","floor":4,"turns":4},{"damage":11,"enemies":"3 Louse","floor":5,"turns":3},{"damage":14,"enemies":"Gremlin Nob","floor":6,"turns":5},{"damage":14,"enemies":"Exordium Thugs","floor":7,"turns":5},{"damage":1,"enemies":"2 Fungi Beasts","floor":12,"turns":4},{"damage":2,"enemies":"Blue Slaver","floor":14,"turns":5},{"damage":0,"enemies":"The Guardian","floor":16,"turns":11},{"damage":17,"enemies":"Chosen","floor":18,"turns":9},{"damage":30,"enemies":"2 Thieves","floor":19,"turns":3},{"damage":17,"enemies":"Snecko","floor":20,"turns":6}],"seed_played":"-7201718632648020034","potions_obtained":[{"floor":1,"key":"Fire Potion"},{"floor":4,"key":"SpeedPotion"},{"floor":7,"key":"Energy Potion"},{"floor":13,"key":"Weak Potion"},{"floor":16,"key":"Ancient Potion"},{"floor":19,"key":"EssenceOfSteel"}],"is_trial":false,"path_per_floor":["M","M","$","M","M","E","M","?","T","R","$","M","?","M","R","B",null,"M","M","M"],"character_chosen":"THE_SILENT","items_purchased":["Weak Potion","Noxious Fumes"],"campfire_rested":2,"item_purchase_floors":[3,11],"current_hp_per_floor":[62,61,61,61,50,36,22,11,11,29,29,28,28,26,44,44,63,46,16,0],"gold":167,"neow_bonus":"TRANSFORM_TWO_CARDS","is_prod":false,"is_daily":false,"chose_seed":false,"campfire_upgraded":0,"win_rate":0,"timestamp":1545350018,"path_taken":["M","M","$","M","M","E","M","?","T","R","$","M","?","M","R","BOSS","M","?","M"],"build_version":"2018-12-13","purchased_purges":2,"victory":false,"max_hp_per_floor":[63,63,63,63,63,63,63,63,63,63,63,63,63,63,63,63,63,63,63,63],"card_choices":[{"not_picked":["PiercingWail","Deadly Poison"],"picked":"Noxious Fumes","floor":1},{"not_picked":["Dagger Throw","Blade Dance"],"picked":"Footwork","floor":2},{"not_picked":["Deadly Poison","Masterful Stab"],"picked":"Poisoned Stab","floor":4},{"not_picked":["Concentrate","Prepared"],"picked":"Dodge and Roll","floor":5},{"not_picked":["Riddle With Holes","Glass Knife","Prepared"],"picked":"SKIP","floor":6},{"not_picked":["Deflect","Acrobatics","Quick Slash"],"picked":"Footwork","floor":7},{"not_picked":["Outmaneuver","Leg Sweep","Blade Dance"],"picked":"Footwork","floor":12},{"not_picked":["Flying Knee","Dagger Spray","Cloak And Dagger"],"picked":"Backflip","floor":14},{"not_picked":["Unload","Envenom","Night Terror"],"picked":"Corpse Explosion","floor":16},{"not_picked":["Riddle With Holes","Concentrate","Infinite Blades","Eviscerate+1"],"picked":"SKIP","floor":18},{"not_picked":["Footwork","Predator","Deadly Poison"],"picked":"Dodge and Roll","floor":19}],"player_experience":301598,"relics_obtained":[{"floor":6,"key":"Question Card"}],"event_choices":[{"damage_healed":0,"gold_gain":75,"player_choice":"Gather Gold","damage_taken":11,"max_hp_gain":0,"max_hp_loss":0,"event_name":"World of Goop","floor":8,"gold_loss":0},{"damage_healed":0,"gold_gain":0,"player_choice":"Bought 2 Potions","damage_taken":0,"max_hp_gain":0,"max_hp_loss":0,"event_name":"The Woman in Blue","floor":13,"gold_loss":0}],"is_beta":false,"boss_relics":[{"not_picked":["Black Star","Runic Pyramid"],"picked":"Empty Cage"}],"items_purged_floors":[3,11],"is_endless":false,"potions_floor_spawned":[1,4,7,16,19],"killed_by":"Snecko","ascension_level":4}