{"gold_per_floor":[114,129,404,423,157,157,86,86,158,171,171,183,200,256,256,256],"floor_reached":16,"playtime":617,"items_purged":["Regret"],"score":153,"play_id":"1c9da298-3d35-4bb6-877d-c60a7e609f23","local_time":"20190216155619","is_ascension_mode":true,"campfire_choices":[{"data":"Zap","floor":6,"key":"SMITH"},{"data":"Dualcast","floor":8,"key":"SMITH"},{"data":"Defragment","floor":11,"key":"SMITH"},{"data":"Go for the Eyes","floor":15,"key":"SMITH"}],"neow_cost":"NONE","seed_source_timestamp":202118762237840,"circlet_count":0,"master_deck":["AscendersBane","Strike_B","Strike_B","Strike_B","Strike_B","Defend_B","Defend_B","Defend_B","Defend_B","Zap+1","Dualcast+1","Conserve Battery","Loop","FTL","Cold Snap","Defragment+1","Go for the Eyes+1","Coolheaded","Cold Snap"],"relics":["Black Star","Gremlin Horn","Tiny Chest","Bottled Tornado"],"potions_floor_usage":[13,14],"damage_taken":[{"damage":2,"enemies":"Jaw Worm","floor":1,"turns":5},{"damage":9,"enemies":"Cultist","floor":2,"turns":5},{"damage":7,"enemies":"2 Louse","floor":4,"turns":4},{"damage":2,"enemies":"Looter","floor":10,"turns":4},{"damage":9,"enemies":"Blue Slaver","floor":12,"turns":4},{"damage":7,"enemies":"2 Fungi Beasts","floor":13,"turns":3},{"damage":6,"enemies":"3 Sentries","floor":14,"turns":10},{"damage":26,"enemies":"The Guardian","floor":16,"turns":2}],"seed_played":"8232032260560782420","potions_obtained":[{"floor":2,"key":"Block Potion"},{"floor":4,"key":"Explosive Potion"},{"floor":13,"key":"PowerPotion"}],"is_trial":false,"path_per_floor":["M","M","?","M","$","R","$","R","T","M","R","M","M","E","R","B"],"character_chosen":"DEFECT","items_purchased":["Loop","FTL","Cold Snap","Defragment"],"campfire_rested":0,"item_purchase_floors":[5,5,5,7],"current_hp_per_floor":[66,57,57,50,50,50,50,50,50,48,48,39,32,26,26,0],"gold":256,"neow_bonus":"BOSS_RELIC","is_prod":false,"is_daily":false,"chose_seed":false,"campfire_upgraded":4,"win_rate":0,"timestamp":1550361379,"path_taken":["M","M","?","?","$","R","$","R","T","M","R","M","M","E","R","BOSS"],"build_version":"2019-01-23","purchased_purges":1,"victory":false,"max_hp_per_floor":[75,75,75,75,75,75,75,75,75,75,75,75,75,75,75,75],"card_choices":[{"not_picked":["Rebound","Sweeping Beam","Static Discharge"],"picked":"SKIP","floor":1},{"not_picked":["Redo","Chaos"],"picked":"Conserve Battery","floor":2},{"not_picked":["Hologram","Double Energy","Static Discharge"],"picked":"SKIP","floor":4},{"not_picked":["Stack","Rebound"],"picked":"Go for the Eyes","floor":10},{"not_picked":["Auto Shields","Rip and Tear","Doom and Gloom"],"picked":"SKIP","floor":12},{"not_picked":["Genetic Algorithm","Fusion"],"picked":"Coolheaded","floor":13},{"not_picked":["Tempest","Static Discharge"],"picked":"Cold Snap","floor":14}],"player_experience":396606,"relics_obtained":[{"floor":9,"key":"Gremlin Horn"},{"floor":14,"key":"Tiny Chest"},{"floor":14,"key":"Bottled Tornado"}],"event_choices":[{"damage_healed":0,"gold_gain":275,"player_choice":"Desecrate","damage_taken":0,"max_hp_gain":0,"max_hp_loss":0,"event_name":"Golden Shrine","floor":3,"gold_loss":0,"cards_obtained":["Regret"]}],"is_beta":false,"boss_relics":[],"items_purged_floors":[5],"is_endless":false,"potions_floor_spawned":[2,4,13],"killed_by":"The Guardian","ascension_level":10}