{"gold_per_floor":[119,119,119,137,137,137,167,92,92,122,122,22,22,32,32,128,128,139,153,63,11,28,53,72,72,72,147,147,147,203,3,3,101,101,111,111,123,3,20,20,20,20,20,20,55,67,67,67,67,67],"floor_reached":51,"playtime":1781,"items_purged":["Strike_B","Strike_B","Defend_B","Defend_B"],"score":949,"play_id":"c1a143ff-ab13-4702-80d8-2e0fba39e1f8","local_time":"20190124230630","is_ascension_mode":true,"campfire_choices":[{"data":"Zap","floor":6,"key":"SMITH"},{"data":"Sweeping Beam","floor":13,"key":"SMITH"},{"floor":15,"key":"REST"},{"data":"Buffer","floor":25,"key":"SMITH"},{"floor":28,"key":"REST"},{"floor":32,"key":"REST"},{"data":"Dark Shackles","floor":40,"key":"SMITH"},{"data":"Auto Shields","floor":42,"key":"SMITH"},{"data":"Streamline","floor":44,"key":"SMITH"},{"floor":49,"key":"REST"}],"neow_cost":"NONE","seed_source_timestamp":598836647456426,"circlet_count":0,"master_deck":["Defend_B+1","Defend_B+1","Zap+1","Dualcast+1","Streamline+1","Streamline+1","Sweeping Beam+1","Gash+1","Undo+1","Buffer+1","Leap+1","Sweeping Beam+1","Steam+1","Core Surge+1","Gash+1","Flash of Steel+1","Dark Shackles+1","Magnetism+1","BootSequence+1","Auto Shields+1","Hologram+1","Conserve Battery+1","Writhe"],"relics":["Cracked Core","NeowsBlessing","Centennial Puzzle","Juzu Bracelet","Philosopher\u0027s Stone","Bronze Scales","The Courier","Tiny Chest","Runic Pyramid","Darkstone Periapt","Pear","Blood Vial","Mark of the Bloom"],"potions_floor_usage":[10,16,16,23,33,33,39,50],"damage_taken":[{"damage":0,"enemies":"Small Slimes","floor":1,"turns":1},{"damage":0,"enemies":"Jaw Worm","floor":4,"turns":1},{"damage":0,"enemies":"3 Sentries","floor":7,"turns":1},{"damage":20,"enemies":"Lagavulin","floor":10,"turns":3},{"damage":0,"enemies":"2 Louse","floor":14,"turns":1},{"damage":5,"enemies":"Slime Boss","floor":16,"turns":5},{"damage":0,"enemies":"Spheric Guardian","floor":18,"turns":3},{"damage":2,"enemies":"Chosen","floor":19,"turns":4},{"damage":4,"enemies":"Centurion and Healer","floor":22,"turns":4},{"damage":37,"enemies":"Slavers","floor":23,"turns":5},{"damage":0,"enemies":"Chosen and Byrds","floor":24,"turns":4},{"damage":51,"enemies":"Collector","floor":33,"turns":10},{"damage":0,"enemies":"3 Shapes","floor":35,"turns":6},{"damage":0,"enemies":"Orb Walker","floor":37,"turns":4},{"damage":21,"enemies":"Spire Growth","floor":39,"turns":5},{"damage":17,"enemies":"Reptomancer","floor":45,"turns":6},{"damage":16,"enemies":"3 Darklings","floor":46,"turns":5},{"damage":42,"enemies":"Time Eater","floor":50,"turns":11}],"seed_played":"6499479657483679776","potions_obtained":[{"floor":4,"key":"FearPotion"},{"floor":7,"key":"Dexterity Potion"},{"floor":10,"key":"Strength Potion"},{"floor":22,"key":"EssenceOfSteel"},{"floor":37,"key":"Regen Potion"},{"floor":39,"key":"LiquidBronze"}],"is_trial":false,"path_per_floor":["M","?","?","M","?","R","E","$","T","E","?","$","R","M","R","B",null,"M","M","?","$","M","E","M","R","T","?","R","?","T","$","R","B",null,"M","?","M","$","M","R","T","R","T","R","E","M","?","?","R","B",null],"character_chosen":"DEFECT","items_purchased":["Sweeping Beam","Dexterity Potion","FocusPotion"],"campfire_rested":4,"item_purchase_floors":[21,31,31],"current_hp_per_floor":[68,53,58,58,51,51,51,51,51,31,28,28,28,28,52,47,72,72,70,70,70,66,29,29,29,29,21,45,45,45,45,69,18,65,65,55,55,55,48,48,48,48,58,58,41,27,56,56,56,14],"gold":67,"neow_bonus":"THREE_ENEMY_KILL","is_prod":false,"is_daily":false,"chose_seed":false,"campfire_upgraded":6,"win_rate":0,"timestamp":1548389190,"path_taken":["M","?","?","M","?","R","E","$","T","E","?","$","R","M","R","BOSS","M","M","?","?","M","E","M","R","T","?","R","?","?","$","R","BOSS","M","?","M","$","M","R","?","R","T","R","E","M","?","?","R","BOSS"],"build_version":"2019-01-23","purchased_purges":4,"victory":true,"max_hp_per_floor":[75,75,80,80,80,80,80,80,80,80,80,80,80,80,80,80,80,80,80,80,80,80,80,80,80,80,80,80,80,80,80,80,80,80,80,80,80,80,80,80,80,80,90,90,90,90,96,96,96,96],"card_choices":[{"not_picked":["Cold Snap","Hologram"],"picked":"Streamline","floor":1},{"not_picked":["Steam","Capacitor"],"picked":"Streamline","floor":4},{"not_picked":["Compile Driver","Chill"],"picked":"Sweeping Beam","floor":7},{"not_picked":["White Noise","Creative AI"],"picked":"Gash","floor":10},{"not_picked":["Compile Driver","Reprogram"],"picked":"Undo","floor":14},{"not_picked":["Rainbow","Electrodynamics"],"picked":"Buffer","floor":16},{"not_picked":["Lockon","Undo"],"picked":"Leap+1","floor":18},{"not_picked":["Compile Driver","Cold Snap+1","Consume"],"picked":"SKIP","floor":19},{"not_picked":["Cold Snap","Consume"],"picked":"Steam","floor":22},{"not_picked":["Steam Power+1","Stack","Hologram"],"picked":"SKIP","floor":23},{"not_picked":["Stack+1","Sweeping Beam","Skim+1"],"picked":"SKIP","floor":24},{"not_picked":["Fission","Amplify"],"picked":"Core Surge","floor":33},{"not_picked":["Streamline+1","Fusion"],"picked":"Gash+1","floor":35},{"not_picked":["Mind Blast","Swift Strike"],"picked":"Flash of Steel","floor":36},{"not_picked":["Impatience","Enlightenment"],"picked":"Dark Shackles","floor":36},{"not_picked":["Dramatic Entrance","Mind Blast"],"picked":"Magnetism","floor":36},{"not_picked":["Stack","Beam Cell"],"picked":"BootSequence","floor":37},{"not_picked":["Rebound","Barrage+1"],"picked":"Auto Shields","floor":39},{"not_picked":["Steam","Conserve Battery"],"picked":"Hologram+1","floor":45},{"not_picked":["Go for the Eyes+1","White Noise"],"picked":"Conserve Battery","floor":46}],"player_experience":426440,"relics_obtained":[{"floor":7,"key":"Centennial Puzzle"},{"floor":10,"key":"Juzu Bracelet"},{"floor":23,"key":"Bronze Scales"},{"floor":26,"key":"The Courier"},{"floor":30,"key":"Tiny Chest"},{"floor":41,"key":"Darkstone Periapt"},{"floor":43,"key":"Pear"},{"floor":45,"key":"Blood Vial"}],"event_choices":[{"damage_healed":0,"gold_gain":0,"player_choice":"Entered Light","damage_taken":15,"max_hp_gain":0,"max_hp_loss":0,"event_name":"Shining Light","floor":2,"gold_loss":0,"cards_upgraded":["Dualcast","Streamline"]},{"damage_healed":0,"gold_gain":0,"player_choice":"Donut","damage_taken":0,"max_hp_gain":5,"max_hp_loss":0,"event_name":"Big Fish","floor":3,"gold_loss":0},{"cards_removed":["Strike_B"],"damage_healed":0,"gold_gain":0,"player_choice":"Card Removal","damage_taken":7,"max_hp_gain":0,"max_hp_loss":0,"event_name":"Golden Wing","floor":5,"gold_loss":0},{"damage_healed":0,"gold_gain":0,"player_choice":"Fled","damage_taken":3,"max_hp_gain":0,"max_hp_loss":0,"event_name":"Scrap Ooze","floor":11,"gold_loss":0},{"cards_removed":["Strike_B"],"damage_healed":0,"gold_gain":0,"player_choice":"Upgrade and Remove","damage_taken":0,"max_hp_gain":0,"max_hp_loss":0,"event_name":"Designer","floor":20,"gold_loss":90,"cards_upgraded":["Undo"]},{"damage_healed":0,"gold_gain":75,"player_choice":"Touch","damage_taken":8,"max_hp_gain":0,"max_hp_loss":0,"event_name":"FaceTrader","floor":27,"gold_loss":0},{"damage_healed":0,"gold_gain":0,"player_choice":"Ignored","damage_taken":0,"max_hp_gain":0,"max_hp_loss":0,"event_name":"Vampires","floor":29,"gold_loss":0},{"damage_healed":0,"gold_gain":0,"player_choice":"Memory 3","damage_taken":10,"max_hp_gain":0,"max_hp_loss":0,"event_name":"SensoryStone","floor":36,"gold_loss":0},{"damage_healed":23,"gold_gain":0,"player_choice":"Writhe","damage_taken":0,"max_hp_gain":0,"max_hp_loss":0,"event_name":"Winding Halls","floor":47,"gold_loss":0,"cards_obtained":["Writhe"]},{"damage_healed":0,"gold_gain":0,"player_choice":"Upgrade","damage_taken":0,"relics_obtained":["Mark of the Bloom"],"max_hp_gain":0,"max_hp_loss":0,"event_name":"MindBloom","floor":48,"gold_loss":0,"cards_upgraded":["Defend_B","Defend_B","Gash","Sweeping Beam","Steam","Core Surge","Flash of Steel","Magnetism","BootSequence","Conserve Battery"]}],"is_beta":false,"boss_relics":[{"not_picked":["Black Star","Ectoplasm"],"picked":"Philosopher\u0027s Stone"},{"not_picked":["Calling Bell","Sozu"],"picked":"Runic Pyramid"}],"items_purged_floors":[8,12,31,38],"is_endless":false,"potions_floor_spawned":[4,7,10,22,37,39],"ascension_level":6}