{"gold_per_floor":[110,110,125,137,62,62,79,79,154,95,152,166,166,179,179,257,257,274,274,299,299,299,299,316,316,342,358,8,8,20,40,40,117,117,134,184,184,184],"floor_reached":38,"playtime":2141,"items_purged":["Pain","Defend_R"],"score":673,"play_id":"90b8714a-ec1a-4ed9-81d8-2839246d8c8b","local_time":"20190304083037","is_ascension_mode":true,"campfire_choices":[{"data":"Armaments","floor":6.0,"key":"SMITH"},{"data":"Metallicize","floor":8.0,"key":"SMITH"},{"data":"Flame Barrier","floor":13.0,"key":"SMITH"},{"data":"True Grit","floor":15.0,"key":"SMITH"},{"floor":23.0,"key":"REST"},{"floor":25.0,"key":"REST"},{"floor":29.0,"key":"REST"},{"floor":32.0,"key":"REST"}],"neow_cost":"NONE","seed_source_timestamp":0,"circlet_count":0,"master_deck":["AscendersBane","Strike_R","Strike_R","Strike_R","Strike_R","Defend_R","Defend_R","Defend_R","Bash","Armaments+1","Metallicize+1","Flame Barrier+1","Shrug It Off","Shrug It Off","Inflame","True Grit+1","True Grit","Body Slam","Flame Barrier","Metallicize","Battle Trance","Impervious","Whirlwind"],"special_seed":0,"relics":["Burning Blood","NeowsBlessing","WarpedTongs","Ornamental Fan","Omamori","Fusion Hammer","Red Mask","Bronze Scales","Vajra","Busted Crown","Thread and Needle"],"potions_floor_usage":[36,36],"damage_taken":[{"damage":0.0,"enemies":"Jaw Worm","floor":1.0,"turns":1.0},{"damage":1.0,"enemies":"Cultist","floor":3.0,"turns":2.0},{"damage":2.0,"enemies":"2 Louse","floor":4.0,"turns":1.0},{"damage":8.0,"enemies":"Exordium Wildlife","floor":7.0,"turns":6.0},{"damage":36.0,"enemies":"Gremlin Nob","floor":11.0,"turns":7.0},{"damage":8.0,"enemies":"Large Slime","floor":12.0,"turns":8.0},{"damage":0.0,"enemies":"3 Louse","floor":14.0,"turns":7.0},{"damage":41.0,"enemies":"Hexaghost","floor":16.0,"turns":16.0},{"damage":1.0,"enemies":"Chosen","floor":18.0,"turns":9.0},{"damage":34.0,"enemies":"Masked Bandits","floor":20.0,"turns":9.0},{"damage":7.0,"enemies":"Colosseum Slavers","floor":21.0,"turns":8.0},{"damage":33.0,"enemies":"3 Byrds","floor":24.0,"turns":4.0},{"damage":16.0,"enemies":"Shelled Parasite and Fungi","floor":27.0,"turns":8.0},{"damage":15.0,"enemies":"Chosen and Byrds","floor":30.0,"turns":5.0},{"damage":2.0,"enemies":"Snecko","floor":31.0,"turns":6.0},{"damage":52.0,"enemies":"Automaton","floor":33.0,"turns":16.0},{"damage":0,"enemies":"3 Shapes","floor":35,"turns":6},{"damage":55,"enemies":"2 Orb Walkers","floor":36,"turns":8},{"damage":29,"enemies":"3 Darklings","floor":38,"turns":3}],"seed_played":"-6999360681064848278","potions_obtained":[{"floor":4.0,"key":"Weak Potion"},{"floor":7.0,"key":"SkillPotion"},{"floor":12.0,"key":"Ancient Potion"},{"floor":16.0,"key":"SpeedPotion"},{"floor":24.0,"key":"Swift Potion"},{"floor":30.0,"key":"Poison Potion"},{"floor":33.0,"key":"SkillPotion"},{"floor":35,"key":"EssenceOfSteel"}],"is_trial":false,"path_per_floor":["M","?","M","M","$","R","M","R","T","$","?","M","R","M","R","B",null,"M","?","?","?","?","R","M","R","T","M","$","R","M","M","R","B",null,"M","?","?","M"],"character_chosen":"IRONCLAD","items_purchased":["Shrug It Off","Vajra","Battle Trance"],"campfire_rested":4,"item_purchase_floors":[10,28,28],"current_hp_per_floor":[74,74,75,75,75,75,73,73,73,73,43,41,41,47,47,12,59,64,64,36,35,14,38,11,35,35,25,25,49,40,44,68,22,66,72,23,23,0],"gold":184,"neow_bonus":"THREE_ENEMY_KILL","is_prod":false,"is_daily":false,"chose_seed":false,"campfire_upgraded":4,"win_rate":0,"timestamp":1551717037,"path_taken":["M","?","M","M","$","R","M","R","T","?","?","?","R","M","R","BOSS","M","?","?","?","?","R","M","R","T","M","$","R","M","?","R","BOSS","M","?","?","M"],"build_version":"2019-01-23","purchased_purges":2,"victory":false,"max_hp_per_floor":[75,75,75,75,75,75,75,75,75,75,75,75,75,75,75,75,75,75,75,75,75,80,80,80,80,80,80,80,80,80,80,80,80,80,80,80,80,80],"card_choices":[{"not_picked":["Flex","Iron Wave"],"picked":"Armaments","floor":1.0},{"not_picked":["Clash","Cleave"],"picked":"Metallicize","floor":3.0},{"not_picked":["Blood for Blood","Warcry"],"picked":"Flame Barrier","floor":4.0},{"not_picked":["Thunderclap","Second Wind"],"picked":"Shrug It Off","floor":7.0},{"not_picked":["Bludgeon","Disarm"],"picked":"Inflame","floor":12.0},{"not_picked":["Clothesline","Perfected Strike"],"picked":"True Grit","floor":14.0},{"not_picked":["Feel No Pain","Perfected Strike"],"picked":"True Grit","floor":18.0},{"not_picked":["True Grit","Warcry+1"],"picked":"Body Slam","floor":20.0},{"not_picked":["Warcry","Dropkick+1"],"picked":"Flame Barrier","floor":24.0},{"not_picked":["Body Slam+1","Twin Strike+1"],"picked":"Metallicize","floor":27.0},{"not_picked":["Spot Weakness","Clash","Pummel"],"picked":"SKIP","floor":30.0},{"not_picked":["Clothesline","Fire Breathing","Pommel Strike"],"picked":"SKIP","floor":31.0},{"not_picked":["Feed","Fiend Fire"],"picked":"Impervious","floor":33.0},{"not_picked":[],"picked":"Whirlwind","floor":35}],"player_experience":600125,"relics_obtained":[{"floor":9.0,"key":"Ornamental Fan"},{"floor":11.0,"key":"Omamori"},{"floor":20.0,"key":"Red Mask"},{"floor":26.0,"key":"Bronze Scales"},{"floor":36,"key":"Thread and Needle"}],"event_choices":[{"damage_healed":0.0,"max_hp_gain":0.0,"max_hp_loss":0.0,"gold_gain":0.0,"event_name":"Accursed Blacksmith","player_choice":"Rummage","floor":2.0,"gold_loss":0.0,"damage_taken":0.0,"relics_obtained":["WarpedTongs"],"cards_obtained":["Pain"]},{"damage_healed":0.0,"max_hp_gain":0.0,"max_hp_loss":0.0,"gold_gain":0.0,"event_name":"Dead Adventurer","player_choice":"Searched \u00271\u0027 times","floor":11.0,"gold_loss":0.0,"damage_taken":0.0},{"damage_healed":0.0,"max_hp_gain":0.0,"max_hp_loss":0.0,"gold_gain":0.0,"event_name":"Ghosts","player_choice":"Ignored","floor":19.0,"gold_loss":0.0,"damage_taken":0.0},{"damage_healed":0.0,"max_hp_gain":0.0,"max_hp_loss":0.0,"gold_gain":0.0,"event_name":"Masked Bandits","player_choice":"Fought Bandits","floor":20.0,"gold_loss":0.0,"damage_taken":0.0},{"damage_healed":0.0,"max_hp_gain":0.0,"max_hp_loss":0.0,"gold_gain":0.0,"event_name":"Colosseum","player_choice":"Fight","floor":21.0,"gold_loss":0.0,"damage_taken":0.0},{"damage_healed":0.0,"max_hp_gain":0.0,"max_hp_loss":0.0,"gold_gain":0.0,"event_name":"Colosseum","player_choice":"Fled From Nobs","floor":21.0,"gold_loss":0.0,"damage_taken":0.0},{"damage_healed":0.0,"max_hp_gain":5.0,"max_hp_loss":0.0,"gold_gain":0.0,"event_name":"Forgotten Altar","player_choice":"Shed Blood","floor":22.0,"gold_loss":0.0,"damage_taken":26.0},{"damage_healed":0,"gold_gain":0,"player_choice":"Fight","damage_taken":0,"max_hp_gain":0,"max_hp_loss":0,"event_name":"Mysterious Sphere","floor":36,"gold_loss":0},{"cards_removed":["Strike_R"],"damage_healed":0,"gold_gain":0,"player_choice":"Offered Basic","damage_taken":0,"max_hp_gain":0,"max_hp_loss":0,"event_name":"Bonfire Elementals","floor":37,"gold_loss":0}],"is_beta":false,"boss_relics":[{"not_picked":["Mark of Pain","Runic Pyramid"],"picked":"Fusion Hammer"},{"not_picked":["Eternal Feather","Pandora\u0027s Box"],"picked":"Busted Crown"}],"items_purged_floors":[5,28],"is_endless":false,"potions_floor_spawned":[4,7,12,16,18,24,30,33,35],"killed_by":"3 Darklings","ascension_level":17}