{"gold_per_floor":[112,37,37,37,37,37,67,67,67,11,24,39,58,58,58,135,135,146,71,121,11,11,11,30,30],"floor_reached":25,"playtime":788,"items_purged":["Strike_R"],"score":374,"play_id":"7d622e06-962b-45aa-bb36-4d25d984b35f","local_time":"20190130093319","is_ascension_mode":true,"campfire_choices":[{"data":"Body Slam","floor":6,"key":"SMITH"},{"floor":8,"key":"REST"},{"data":"Body Slam","floor":15,"key":"SMITH"},{"floor":23,"key":"REST"}],"neow_cost":"NONE","seed_source_timestamp":1069534434045901,"circlet_count":0,"master_deck":["AscendersBane","Strike_R+1","Strike_R","Defend_R","Defend_R","Defend_R+1","Defend_R","Bash+1","Body Slam+1","Feel No Pain","Body Slam+1","Iron Wave","Power Through","Cleave"],"relics":["Busted Crown","Bird Faced Urn","Gambling Chip","Incense Burner","Mark of Pain"],"potions_floor_usage":[16,16],"damage_taken":[{"damage":8,"enemies":"2 Louse","floor":1,"turns":3},{"damage":31,"enemies":"Gremlin Nob","floor":7,"turns":4},{"damage":7,"enemies":"Small Slimes","floor":11,"turns":3},{"damage":0,"enemies":"Jaw Worm","floor":12,"turns":2},{"damage":6,"enemies":"2 Fungi Beasts","floor":13,"turns":4},{"damage":23,"enemies":"The Guardian","floor":16,"turns":11},{"damage":47,"enemies":"3 Byrds","floor":18,"turns":9},{"damage":22,"enemies":"Chosen","floor":24,"turns":5},{"damage":29,"enemies":"3 Cultists","floor":25,"turns":4}],"seed_played":"8980677070508233902","potions_obtained":[{"floor":1,"key":"SpeedPotion"},{"floor":11,"key":"Ancient Potion"}],"is_trial":false,"path_per_floor":["M","$","?","?","T","R","E","R","T","$","M","M","M","$","R","B",null,"M","?","?","?","$","R","M","M"],"character_chosen":"IRONCLAD","items_purchased":["Body Slam"],"campfire_rested":2,"item_purchase_floors":[10],"current_hp_per_floor":[60,60,37,62,62,62,31,53,53,53,46,48,42,42,42,21,62,17,17,17,17,17,39,19,0],"gold":30,"neow_bonus":"BOSS_RELIC","is_prod":false,"is_daily":false,"chose_seed":false,"campfire_upgraded":2,"win_rate":0,"timestamp":1548858799,"path_taken":["M","$","?","?","?","R","E","R","T","$","M","M","M","$","R","BOSS","M","?","?","?","$","R","?","M"],"build_version":"2019-01-23","purchased_purges":1,"victory":false,"max_hp_per_floor":[75,75,75,75,75,75,75,75,75,75,75,75,75,75,75,75,75,75,75,75,75,75,75,75,75],"card_choices":[{"not_picked":[],"picked":"Body Slam","floor":1},{"not_picked":[],"picked":"Feel No Pain","floor":7},{"not_picked":["Rampage"],"picked":"SKIP","floor":11},{"not_picked":[],"picked":"Iron Wave","floor":12},{"not_picked":[],"picked":"Power Through","floor":13},{"not_picked":["Heavy Blade"],"picked":"SKIP","floor":18},{"not_picked":[],"picked":"Cleave","floor":24}],"player_experience":561825,"relics_obtained":[{"floor":5,"key":"Bird Faced Urn"},{"floor":7,"key":"Gambling Chip"},{"floor":9,"key":"Incense Burner"}],"event_choices":[{"damage_healed":0,"gold_gain":0,"player_choice":"Entered Light","damage_taken":23,"max_hp_gain":0,"max_hp_loss":0,"event_name":"Shining Light","floor":3,"gold_loss":0,"cards_upgraded":["Defend_R","Bash"]},{"damage_healed":25,"gold_gain":0,"player_choice":"Banana","damage_taken":0,"max_hp_gain":0,"max_hp_loss":0,"event_name":"Big Fish","floor":4,"gold_loss":0},{"cards_removed":["Strike_R"],"damage_healed":0,"gold_gain":0,"player_choice":"Gave Gold","damage_taken":0,"max_hp_gain":0,"max_hp_loss":0,"event_name":"Beggar","floor":19,"gold_loss":75},{"damage_healed":0,"gold_gain":50,"player_choice":"Stole From Cult","damage_taken":0,"max_hp_gain":0,"max_hp_loss":0,"event_name":"Nest","floor":20,"gold_loss":0},{"cards_removed":["Strike_R"],"damage_healed":0,"gold_gain":0,"player_choice":"Upgrade and Remove","damage_taken":0,"max_hp_gain":0,"max_hp_loss":0,"event_name":"Designer","floor":21,"gold_loss":110,"cards_upgraded":["Strike_R"]}],"is_beta":false,"boss_relics":[{"not_picked":["Runic Pyramid","Fusion Hammer"],"picked":"Mark of Pain"}],"items_purged_floors":[2],"is_endless":false,"potions_floor_spawned":[1,11],"killed_by":"3 Cultists","ascension_level":18}