{"gold_per_floor":[110,123,49,64,29,59,59,84,84,84,84,84,84,84,84,84],"floor_reached":16,"playtime":677,"items_purged":[],"score":212,"play_id":"92aead73-f2a3-4046-ab94-a8a64ff1b6a7","local_time":"20190225134854","is_ascension_mode":true,"campfire_choices":[{"floor":7,"key":"REST"},{"data":"Hemokinesis","floor":10,"key":"SMITH"},{"data":"Disarm","floor":13,"key":"SMITH"},{"data":"Disarm","floor":15,"key":"SMITH"}],"neow_cost":"NONE","seed_source_timestamp":529448810172094,"circlet_count":0,"master_deck":["AscendersBane","Strike_R","Strike_R","Strike_R","Strike_R","Strike_R","Defend_R","Defend_R","Defend_R","Defend_R","Bash","Disarm+1","Cleave","Hemokinesis+1","Disarm+1","Metallicize","Metallicize"],"relics":["Burning Blood","Centennial Puzzle","Smiling Mask","Singing Bowl","Golden Idol","Bottled Tornado"],"potions_floor_usage":[6,8],"damage_taken":[{"damage":1,"enemies":"Cultist","floor":1,"turns":3},{"damage":7,"enemies":"2 Louse","floor":2,"turns":4},{"damage":17,"enemies":"Small Slimes","floor":4,"turns":6},{"damage":56,"enemies":"3 Sentries","floor":6,"turns":10},{"damage":32,"enemies":"Gremlin Nob","floor":8,"turns":4},{"damage":44,"enemies":"The Guardian","floor":16,"turns":15}],"seed_played":"-8121902861453572515","potions_obtained":[{"floor":1,"key":"Strength Potion"},{"floor":2,"key":"PowerPotion"}],"is_trial":false,"path_per_floor":["M","M","$","M","?","E","R","E","T","R","?","?","R","T","R","B"],"character_chosen":"IRONCLAD","items_purchased":["Hemokinesis"],"campfire_rested":1,"item_purchase_floors":[3],"current_hp_per_floor":[73,72,72,61,75,25,47,21,21,21,21,21,21,21,21,0],"gold":84,"neow_bonus":"RANDOM_COMMON_RELIC","is_prod":false,"is_daily":false,"chose_seed":false,"campfire_upgraded":3,"win_rate":0,"timestamp":1551120534,"path_taken":["M","M","$","?","?","E","R","E","T","R","?","?","R","?","R","BOSS"],"build_version":"2019-01-23","purchased_purges":0,"victory":false,"max_hp_per_floor":[75,75,75,75,75,75,75,75,75,75,68,68,68,68,68,68],"card_choices":[{"not_picked":["Cleave","Twin Strike"],"picked":"Disarm","floor":1},{"not_picked":["Carnage","Armaments"],"picked":"Cleave","floor":2},{"not_picked":["Dual Wield","Whirlwind"],"picked":"Disarm","floor":4},{"not_picked":["Headbutt","Body Slam"],"picked":"Metallicize","floor":6},{"not_picked":["Cleave","Warcry"],"picked":"Metallicize","floor":8}],"player_experience":842031,"relics_obtained":[{"floor":6,"key":"Smiling Mask"},{"floor":8,"key":"Singing Bowl"},{"floor":14,"key":"Bottled Tornado"}],"event_choices":[{"damage_healed":18,"gold_gain":0,"player_choice":"Healed","damage_taken":0,"max_hp_gain":0,"max_hp_loss":0,"event_name":"The Cleric","floor":5,"gold_loss":35},{"damage_healed":0,"gold_gain":0,"player_choice":"Lose Max HP","damage_taken":0,"relics_obtained":["Golden Idol"],"max_hp_gain":0,"max_hp_loss":7,"event_name":"Golden Idol","floor":11,"gold_loss":0},{"damage_healed":0,"gold_gain":0,"player_choice":"Searched \u00270\u0027 times","damage_taken":0,"max_hp_gain":0,"max_hp_loss":0,"event_name":"Dead Adventurer","floor":12,"gold_loss":0}],"is_beta":false,"boss_relics":[],"items_purged_floors":[],"is_endless":false,"potions_floor_spawned":[1,2],"killed_by":"The Guardian","ascension_level":20}