{"gold_per_floor":[119,132,132,144,64,64,94,94,94,110,110,133,208,238,238,238],"floor_reached":16,"playtime":560,"items_purged":[],"score":205,"play_id":"f05ec087-da77-43fb-80b8-3f1a28c7416b","local_time":"20190129231400","is_ascension_mode":true,"campfire_choices":[{"data":"Immolate","floor":6,"key":"SMITH"},{"data":"True Grit","floor":11,"key":"SMITH"},{"data":"Clothesline","floor":15,"key":"SMITH"}],"neow_cost":"NONE","seed_source_timestamp":1032588291906114,"circlet_count":0,"master_deck":["AscendersBane","Strike_R","Strike_R","Strike_R","Strike_R","Defend_R","Defend_R","Defend_R","Defend_R","Bash","Headbutt","Clothesline+1","Immolate+1","Rupture","True Grit+1","Havoc"],"relics":["Burning Blood","Incense Burner","Shovel","Pen Nib","Centennial Puzzle"],"potions_floor_usage":[14,16],"damage_taken":[{"damage":13,"enemies":"Small Slimes","floor":1,"turns":6},{"damage":4,"enemies":"Jaw Worm","floor":2,"turns":5},{"damage":3,"enemies":"2 Louse","floor":4,"turns":4},{"damage":20,"enemies":"3 Sentries","floor":7,"turns":4},{"damage":5,"enemies":"Large Slime","floor":10,"turns":5},{"damage":35,"enemies":"Lagavulin","floor":14,"turns":6},{"damage":35,"enemies":"Hexaghost","floor":16,"turns":9}],"seed_played":"-1002585871091506213","potions_obtained":[{"floor":1,"key":"Poison Potion"},{"floor":7,"key":"AttackPotion"}],"is_trial":false,"path_per_floor":["M","M","?","M","$","R","E","?","T","M","R","T","?","E","R","B"],"character_chosen":"IRONCLAD","items_purchased":["Immolate"],"campfire_rested":0,"item_purchase_floors":[5],"current_hp_per_floor":[61,63,63,66,66,66,52,75,75,75,75,75,64,35,35,0],"gold":238,"neow_bonus":"REMOVE_CARD","is_prod":false,"is_daily":false,"chose_seed":false,"campfire_upgraded":3,"win_rate":0,"timestamp":1548821640,"path_taken":["M","M","?","M","$","R","E","?","T","M","R","?","?","E","R","BOSS"],"build_version":"2019-01-23","purchased_purges":0,"victory":false,"max_hp_per_floor":[75,75,75,75,75,75,75,75,75,75,75,75,75,75,75,75],"card_choices":[{"not_picked":["Warcry","Anger"],"picked":"Headbutt","floor":1},{"not_picked":["Bloodletting","Blood for Blood"],"picked":"Clothesline","floor":2},{"not_picked":["Anger","Flex","Infernal Blade"],"picked":"SKIP","floor":4},{"not_picked":["Hemokinesis","Barricade"],"picked":"Rupture","floor":7},{"not_picked":["Warcry","Iron Wave"],"picked":"True Grit","floor":10},{"not_picked":["Whirlwind","Searing Blow"],"picked":"Havoc","floor":14}],"player_experience":550954,"relics_obtained":[{"floor":7,"key":"Incense Burner"},{"floor":9,"key":"Shovel"},{"floor":12,"key":"Pen Nib"},{"floor":14,"key":"Centennial Puzzle"}],"event_choices":[{"damage_healed":0,"gold_gain":0,"player_choice":"Ignored","damage_taken":0,"max_hp_gain":0,"max_hp_loss":0,"event_name":"Shining Light","floor":3,"gold_loss":0},{"damage_healed":25,"gold_gain":0,"player_choice":"Banana","damage_taken":0,"max_hp_gain":0,"max_hp_loss":0,"event_name":"Big Fish","floor":8,"gold_loss":0},{"damage_healed":0,"gold_gain":75,"player_choice":"Gather Gold","damage_taken":11,"max_hp_gain":0,"max_hp_loss":0,"event_name":"World of Goop","floor":13,"gold_loss":0}],"is_beta":false,"boss_relics":[],"items_purged_floors":[],"is_endless":false,"potions_floor_spawned":[1,7],"killed_by":"Hexaghost","ascension_level":18}