{"gold_per_floor":[113,113,2,2,17,50,80,99,151,151,35,35,47,64,64,135,135,154,164,61,61,73,73,84,84,138,318,43,43,60,74,74,74],"floor_reached":33,"playtime":1156,"items_purged":["Strike_R"],"score":503,"play_id":"f41afaa2-b00b-425a-a176-96eba57ecf84","local_time":"20190303160439","is_ascension_mode":true,"campfire_choices":[{"data":"Armaments","floor":10.0,"key":"SMITH"},{"data":"True Grit","floor":15.0,"key":"SMITH"},{"data":"Body Slam","floor":23.0,"key":"SMITH"},{"data":"Body Slam","floor":25.0,"key":"SMITH"},{"data":"Inflame","floor":29,"key":"SMITH"},{"data":"Impervious","floor":32,"key":"SMITH"}],"neow_cost":"NONE","seed_source_timestamp":238038573665089,"circlet_count":0,"master_deck":["AscendersBane","Strike_R","Strike_R","Strike_R+1","Defend_R","Defend_R","Defend_R","Defend_R","Bash+1","Armaments+1","Body Slam+1","True Grit+1","Body Slam+1","Inflame+1","Immolate","Impervious+1","Uppercut+1","Flash of Steel","Battle Trance","Shrug It Off"],"special_seed":0,"relics":["Burning Blood","NeowsBlessing","Whetstone","WingedGreaves","Oddly Smooth Stone","Pear","Coffee Dripper","Omamori","Membership Card"],"potions_floor_usage":[30,33],"damage_taken":[{"damage":0.0,"enemies":"Small Slimes","floor":1.0,"turns":1.0},{"damage":0.0,"enemies":"Cultist","floor":5.0,"turns":1.0},{"damage":0.0,"enemies":"Lagavulin","floor":6.0,"turns":1.0},{"damage":7.0,"enemies":"Jaw Worm","floor":8.0,"turns":3.0},{"damage":5.0,"enemies":"Exordium Wildlife","floor":13.0,"turns":5.0},{"damage":5.0,"enemies":"Large Slime","floor":14.0,"turns":7.0},{"damage":33.0,"enemies":"The Guardian","floor":16.0,"turns":13.0},{"damage":0.0,"enemies":"Chosen","floor":18.0,"turns":3.0},{"damage":9.0,"enemies":"2 Thieves","floor":19.0,"turns":4.0},{"damage":18.0,"enemies":"Centurion and Healer","floor":22.0,"turns":5.0},{"damage":27.0,"enemies":"Snecko","floor":24.0,"turns":5.0},{"damage":1,"enemies":"Cultist and Chosen","floor":30,"turns":5},{"damage":5,"enemies":"Snake Plant","floor":31,"turns":4},{"damage":37,"enemies":"Collector","floor":33,"turns":6}],"seed_played":"-1204749873544625851","potions_obtained":[{"floor":4.0,"key":"EssenceOfSteel"},{"floor":4.0,"key":"SmokeBomb"},{"floor":6.0,"key":"PowerPotion"},{"floor":19.0,"key":"SkillPotion"},{"floor":22.0,"key":"SpeedPotion"},{"floor":30,"key":"EssenceOfSteel"},{"floor":31,"key":"AttackPotion"}],"is_trial":false,"path_per_floor":["M","?","$","?","M","E","?","M","T","R","$","T","M","M","R","B",null,"M","M","$","?","M","R","M","R","T","?","$","R","M","M","R","B"],"character_chosen":"IRONCLAD","items_purchased":["Armaments","Body Slam","Inflame","Flash of Steel","Membership Card","Fruit Juice"],"campfire_rested":0,"item_purchase_floors":[3,3,11,20,28,28],"current_hp_per_floor":[74,67,67,67,73,75,75,74,74,74,74,84,85,85,85,58,78,84,81,81,81,69,69,48,48,48,24,24,24,34,35,35,0],"gold":74,"neow_bonus":"THREE_ENEMY_KILL","is_prod":false,"is_daily":false,"chose_seed":false,"campfire_upgraded":6,"win_rate":0,"timestamp":1551657879,"path_taken":["M","?","$","?","?","E","?","M","T","R","?","?","M","M","R","BOSS","M","M","$","?","M","R","?","R","T","?","$","R","?","M","R","BOSS"],"build_version":"2019-01-23","purchased_purges":1,"victory":false,"max_hp_per_floor":[75,75,75,75,75,75,75,75,75,75,75,85,85,85,85,85,85,85,85,85,85,85,85,85,85,85,85,85,85,90,90,90,90],"card_choices":[{"not_picked":["Flex","Clothesline","Havoc"],"picked":"SKIP","floor":1.0},{"not_picked":["Iron Wave","Ghostly Armor"],"picked":"True Grit","floor":5.0},{"not_picked":["Clothesline","Armaments"],"picked":"Body Slam","floor":6.0},{"not_picked":["Dual Wield","Wild Strike","Clash"],"picked":"SKIP","floor":8.0},{"not_picked":["Heavy Blade","Havoc","Thunderclap"],"picked":"SKIP","floor":13.0},{"not_picked":["Bloodletting","Wild Strike"],"picked":"Immolate","floor":14.0},{"not_picked":["Demon Form","Juggernaut"],"picked":"Impervious","floor":16.0},{"not_picked":["Cleave","Intimidate"],"picked":"Uppercut","floor":18.0},{"not_picked":["Combust","Cleave","Iron Wave"],"picked":"SKIP","floor":19.0},{"not_picked":["Spot Weakness","Infernal Blade","Iron Wave"],"picked":"SKIP","floor":22.0},{"not_picked":["Clash","Body Slam"],"picked":"Battle Trance","floor":24.0},{"not_picked":["Sword Boomerang","Headbutt","Intimidate"],"picked":"SKIP","floor":30},{"not_picked":["Clash","Warcry"],"picked":"Shrug It Off","floor":31}],"player_experience":598946,"relics_obtained":[{"floor":6.0,"key":"Whetstone"},{"floor":9.0,"key":"Oddly Smooth Stone"},{"floor":12.0,"key":"Pear"},{"floor":26.0,"key":"Omamori"}],"event_choices":[{"cards_removed":["Strike_R"],"damage_healed":0.0,"max_hp_gain":0.0,"max_hp_loss":0.0,"gold_gain":0.0,"event_name":"Golden Wing","player_choice":"Card Removal","floor":2.0,"gold_loss":0.0,"damage_taken":7.0},{"damage_healed":0.0,"max_hp_gain":0.0,"max_hp_loss":0.0,"gold_gain":0.0,"event_name":"Lab","player_choice":"Got Potions","floor":4.0,"gold_loss":0.0,"damage_taken":0.0},{"damage_healed":0.0,"max_hp_gain":0.0,"max_hp_loss":0.0,"gold_gain":30.0,"event_name":"Dead Adventurer","player_choice":"Searched \u00272\u0027 times","floor":7.0,"gold_loss":0.0,"damage_taken":0.0,"relics_obtained":["WingedGreaves"]},{"damage_healed":0.0,"max_hp_gain":0.0,"max_hp_loss":0.0,"gold_gain":0.0,"event_name":"Upgrade Shrine","player_choice":"Upgraded","floor":21.0,"gold_loss":0.0,"damage_taken":0.0,"cards_upgraded":["Uppercut"]},{"damage_healed":0,"gold_gain":180,"player_choice":"GOLD GOLD ","damage_taken":24,"max_hp_gain":0,"max_hp_loss":0,"event_name":"Knowing Skull","floor":27,"potions_obtained":[],"gold_loss":0,"cards_obtained":[]}],"is_beta":false,"boss_relics":[{"not_picked":["Snecko Eye","Lizard Tail"],"picked":"Coffee Dripper"}],"items_purged_floors":[11],"is_endless":false,"potions_floor_spawned":[6,13,19,22,30,31],"killed_by":"Collector","ascension_level":17}