{"gold_per_floor":[111,111,131,144,319,319,319,319,343,7,40,56,56,79,79,200,200,213,213,213,231,245,245,245,260,260,260,11,35,35],"floor_reached":30,"playtime":744,"items_purged":["Doubt"],"score":308,"play_id":"9fd65b5f-08fa-483d-839b-bfe400f854e9","local_time":"20181220192633","is_ascension_mode":true,"campfire_choices":[{"data":"Bash","floor":6,"key":"SMITH"},{"data":"Rupture","floor":8,"key":"SMITH"},{"data":"Apotheosis","floor":15,"key":"SMITH"},{"floor":24,"key":"REST"},{"floor":27,"key":"REST"}],"neow_cost":"NONE","seed_source_timestamp":193087934736030,"circlet_count":0,"master_deck":["Strike_R+1","Strike_R+1","Strike_R+1","Strike_R+1","Strike_R+1","Defend_R+1","Defend_R+1","Defend_R+1","Defend_R+1","Bash+1","Rupture+1","Apotheosis+1","Brutality","Brutality","RitualDagger","Injury","Metamorphosis","Inflame"],"relics":["Burning Blood","NeowsBlessing","Golden Idol","Red Skull","Blood Vial","Odd Mushroom","Cursed Key","Potion Belt"],"potions_floor_usage":[16,16,22],"damage_taken":[{"damage":0,"enemies":"Cultist","floor":1,"turns":1},{"damage":0,"enemies":"Jaw Worm","floor":3,"turns":1},{"damage":0,"enemies":"2 Louse","floor":4,"turns":1},{"damage":28,"enemies":"The Mushroom Lair","floor":11,"turns":5},{"damage":9,"enemies":"Blue Slaver","floor":12,"turns":5},{"damage":11,"enemies":"2 Fungi Beasts","floor":14,"turns":4},{"damage":32,"enemies":"Slime Boss","floor":16,"turns":11},{"damage":40,"enemies":"Chosen","floor":18,"turns":5},{"damage":25,"enemies":"2 Thieves","floor":21,"turns":4},{"damage":37,"enemies":"Snecko","floor":22,"turns":5},{"damage":27,"enemies":"Centurion and Healer","floor":25,"turns":7},{"damage":26,"enemies":"Cultist and Chosen","floor":29,"turns":5},{"damage":20,"enemies":"3 Cultists","floor":30,"turns":4}],"seed_played":"902526497901857006","potions_obtained":[{"floor":3,"key":"Poison Potion"},{"floor":4,"key":"SpeedPotion"},{"floor":12,"key":"Regen Potion"},{"floor":14,"key":"Weak Potion"},{"floor":16,"key":"Poison Potion"},{"floor":18,"key":"Dexterity Potion"},{"floor":21,"key":"EssenceOfSteel"},{"floor":25,"key":"Ancient Potion"}],"is_trial":false,"path_per_floor":["M","?","M","M","?","R","?","R","T","$","?","M","$","M","R","B",null,"M","?","?","M","M","?","R","M","T","R","$","M","M"],"character_chosen":"IRONCLAD","items_purchased":["Blood Vial","Apotheosis","Metamorphosis"],"campfire_rested":2,"item_purchase_floors":[10,10,28],"current_hp_per_floor":[78,58,64,70,70,70,54,54,54,54,34,33,33,30,30,21,65,33,27,53,36,7,7,31,12,12,36,36,18,0],"gold":35,"neow_bonus":"THREE_ENEMY_KILL","is_prod":false,"is_daily":false,"chose_seed":false,"campfire_upgraded":3,"win_rate":0,"timestamp":1545351993,"path_taken":["M","?","M","M","?","R","?","R","T","?","?","?","$","M","R","BOSS","M","?","?","M","M","?","R","M","T","R","$","M","M"],"build_version":"2018-12-13","purchased_purges":1,"victory":false,"max_hp_per_floor":[80,80,80,80,80,80,80,80,80,80,80,80,80,80,80,80,80,80,80,80,80,80,80,80,80,80,80,80,80,80],"card_choices":[{"not_picked":["Flex","Corruption"],"picked":"Rupture","floor":1},{"not_picked":["Pommel Strike","Power Through","Armaments"],"picked":"SKIP","floor":3},{"not_picked":["Body Slam","Perfected Strike","Shrug It Off"],"picked":"SKIP","floor":4},{"not_picked":["Second Wind","Armaments"],"picked":"Brutality","floor":11},{"not_picked":["Perfected Strike","Armaments","Clash"],"picked":"SKIP","floor":12},{"not_picked":["Clash","True Grit","Dual Wield"],"picked":"SKIP","floor":14},{"not_picked":["Immolate","Demon Form"],"picked":"Brutality","floor":16},{"not_picked":["Wild Strike","True Grit","Anger+1"],"picked":"SKIP","floor":18},{"not_picked":["Twin Strike","Shrug It Off","Havoc"],"picked":"SKIP","floor":21},{"not_picked":["Sword Boomerang+1","Warcry","Headbutt"],"picked":"SKIP","floor":22},{"not_picked":["Cleave","Double Tap","Twin Strike"],"picked":"SKIP","floor":25},{"not_picked":["Wild Strike","Shrug It Off"],"picked":"Inflame","floor":29}],"player_experience":303621,"relics_obtained":[{"floor":9,"key":"Red Skull"},{"floor":11,"key":"Odd Mushroom"},{"floor":26,"key":"Potion Belt"}],"event_choices":[{"damage_healed":0,"gold_gain":0,"player_choice":"Take Damage","damage_taken":20,"relics_obtained":["Golden Idol"],"max_hp_gain":0,"max_hp_loss":0,"event_name":"Golden Idol","floor":2,"gold_loss":0},{"damage_healed":0,"gold_gain":175,"player_choice":"AGREE","damage_taken":0,"max_hp_gain":0,"max_hp_loss":0,"event_name":"Liars Game","floor":5,"gold_loss":0,"cards_obtained":["Doubt"]},{"damage_healed":0,"gold_gain":0,"player_choice":"Entered Light","damage_taken":16,"max_hp_gain":0,"max_hp_loss":0,"event_name":"Shining Light","floor":7,"gold_loss":0,"cards_upgraded":["Defend_R","Strike_R"]},{"damage_healed":0,"gold_gain":0,"player_choice":"Fought Mushrooms","damage_taken":0,"max_hp_gain":0,"max_hp_loss":0,"event_name":"Mushrooms","floor":11,"gold_loss":0},{"damage_healed":0,"gold_gain":0,"player_choice":"Joined the Cult","damage_taken":6,"max_hp_gain":0,"max_hp_loss":0,"event_name":"Nest","floor":19,"gold_loss":0,"cards_obtained":["RitualDagger"]},{"damage_healed":26,"gold_gain":0,"player_choice":"Heal","damage_taken":0,"max_hp_gain":0,"max_hp_loss":0,"event_name":"The Library","floor":20,"gold_loss":0},{"damage_healed":0,"gold_gain":0,"player_choice":"Simplicity","damage_taken":0,"max_hp_gain":0,"max_hp_loss":0,"event_name":"Back to Basics","floor":23,"gold_loss":0,"cards_upgraded":["Strike_R","Strike_R","Strike_R","Strike_R","Defend_R","Defend_R","Defend_R"]}],"is_beta":false,"boss_relics":[{"not_picked":["Tiny House","Runic Cube"],"picked":"Cursed Key"}],"items_purged_floors":[28],"is_endless":false,"potions_floor_spawned":[3,4,12,14,16,18,21,25],"killed_by":"3 Cultists","ascension_level":8}