{"gold_per_floor":[111,286,286,306,316,316,326,342,365,365,400,400,411,428,428,428],"floor_reached":16,"playtime":558,"items_purged":[],"score":130,"play_id":"f68fa0de-a66b-4b5c-823e-9304edd671f5","local_time":"20190104225345","is_ascension_mode":true,"campfire_choices":[{"data":"Riddle With Holes","floor":6,"key":"SMITH"},{"data":"Neutralize","floor":10,"key":"SMITH"},{"floor":15,"key":"REST"}],"neow_cost":"NONE","seed_source_timestamp":1283445688763533,"circlet_count":0,"master_deck":["Defend_G","Defend_G","Defend_G","Defend_G","Defend_G","Strike_G","Strike_G","Strike_G","Strike_G","Strike_G","Survivor","Neutralize+1","Riddle With Holes+1","PiercingWail"],"relics":["Velvet Choker","Bag of Preparation","Centennial Puzzle","Regal Pillow"],"potions_floor_usage":[11,11,16],"damage_taken":[{"damage":0,"enemies":"2 Louse","floor":1,"turns":3},{"damage":3,"enemies":"Jaw Worm","floor":4,"turns":5},{"damage":5,"enemies":"Cultist","floor":5,"turns":5},{"damage":10,"enemies":"Large Slime","floor":7,"turns":5},{"damage":7,"enemies":"3 Louse","floor":8,"turns":3},{"damage":30,"enemies":"3 Sentries","floor":11,"turns":9},{"damage":8,"enemies":"Lots of Slimes","floor":13,"turns":4},{"damage":3,"enemies":"Exordium Thugs","floor":14,"turns":4},{"damage":41,"enemies":"Hexaghost","floor":16,"turns":15}],"seed_played":"-4595881740060918585","potions_obtained":[{"floor":5,"key":"Ancient Potion"},{"floor":7,"key":"Regen Potion"},{"floor":8,"key":"Dexterity Potion"},{"floor":14,"key":"GamblersBrew"}],"is_trial":false,"path_per_floor":["M","?","?","M","M","R","M","M","T","R","E","?","M","M","R","B"],"character_chosen":"THE_SILENT","items_purchased":[],"campfire_rested":1,"item_purchase_floors":[],"current_hp_per_floor":[70,70,63,60,55,55,45,38,38,38,23,16,8,5,41,0],"gold":428,"neow_bonus":"BOSS_RELIC","is_prod":false,"is_daily":false,"chose_seed":false,"campfire_upgraded":2,"win_rate":0,"timestamp":1546660425,"path_taken":["M","?","?","?","M","R","M","?","T","R","E","?","M","M","R","BOSS"],"build_version":"2019-01-03v3","purchased_purges":0,"victory":false,"max_hp_per_floor":[70,70,70,70,70,70,70,70,70,70,70,70,70,70,70,70],"card_choices":[{"not_picked":["Blade Dance","Dagger Spray","Dagger Throw"],"picked":"SKIP","floor":1},{"not_picked":["Masterful Stab","Choke","Poisoned Stab"],"picked":"SKIP","floor":4},{"not_picked":["Backstab","Sucker Punch"],"picked":"Riddle With Holes","floor":5},{"not_picked":["Deflect","Infinite Blades","Tactician"],"picked":"SKIP","floor":7},{"not_picked":["Acrobatics","Prepared","Tactician"],"picked":"SKIP","floor":8},{"not_picked":["Dodge and Roll","Well Laid Plans","Prepared"],"picked":"SKIP","floor":11},{"not_picked":["Expertise","Storm of Steel"],"picked":"PiercingWail","floor":13},{"not_picked":["Bane","Deflect","Concentrate"],"picked":"SKIP","floor":14}],"player_experience":315051,"relics_obtained":[{"floor":9,"key":"Bag of Preparation"},{"floor":11,"key":"Centennial Puzzle"}],"event_choices":[{"damage_healed":0,"gold_gain":175,"player_choice":"AGREE","damage_taken":0,"max_hp_gain":0,"max_hp_loss":0,"event_name":"Liars Game","floor":2,"gold_loss":0,"cards_obtained":["Doubt"]},{"cards_removed":["Doubt"],"damage_healed":0,"gold_gain":0,"player_choice":"Card Removal","damage_taken":7,"max_hp_gain":0,"max_hp_loss":0,"event_name":"Golden Wing","floor":3,"gold_loss":0},{"damage_healed":0,"gold_gain":0,"player_choice":"Success","damage_taken":7,"relics_obtained":["Regal Pillow"],"max_hp_gain":0,"max_hp_loss":0,"event_name":"Scrap Ooze","floor":12,"gold_loss":0}],"is_beta":false,"boss_relics":[],"items_purged_floors":[],"is_endless":false,"potions_floor_spawned":[5,7,8,14],"killed_by":"Hexaghost","ascension_level":5}