{"gold_per_floor":[115,290,290,315,315,355,85,125,125,125,125,3,64,89,89,217,217,230,130,151,17,37,37],"floor_reached":23,"playtime":1515,"items_purged":["Regret","Doubt","Strike_R"],"score":336,"play_id":"78f2b831-866a-4731-8188-16b4ae9f7a72","local_time":"20190108141028","is_ascension_mode":true,"campfire_choices":[{"data":"Rampage","floor":10,"key":"SMITH"},{"data":"Bash","floor":15,"key":"SMITH"}],"neow_cost":"NONE","seed_source_timestamp":1596681203989171,"circlet_count":0,"master_deck":["Strike_R","Strike_R","Strike_R","Strike_R","Defend_R","Defend_R","Defend_R","Defend_R","Bash+1","Iron Wave","Limit Break+1","Rampage+1","Iron Wave","Impervious+1","Transmutation+1","Infernal Blade+1"],"relics":["Burning Blood","NeowsBlessing","Golden Idol","Toxic Egg 2","Mercury Hourglass","Gremlin Horn","The Courier","Tiny Chest","Runic Dome"],"potions_floor_usage":[8,16,16,18,18,23],"damage_taken":[{"damage":0,"enemies":"2 Louse","floor":1,"turns":1},{"damage":0,"enemies":"Small Slimes","floor":4,"turns":1},{"damage":0,"enemies":"Lagavulin","floor":6,"turns":1},{"damage":16,"enemies":"3 Sentries","floor":8,"turns":8},{"damage":5,"enemies":"Gremlin Nob","floor":13,"turns":4},{"damage":6,"enemies":"Cultist","floor":14,"turns":3},{"damage":29,"enemies":"Slime Boss","floor":16,"turns":7},{"damage":17,"enemies":"2 Thieves","floor":18,"turns":4},{"damage":26,"enemies":"3 Byrds","floor":20,"turns":6},{"damage":24,"enemies":"Snake Plant","floor":22,"turns":5},{"damage":38,"enemies":"Book of Stabbing","floor":23,"turns":2}],"seed_played":"-3215499535547213394","potions_obtained":[{"floor":6,"key":"Dexterity Potion"},{"floor":8,"key":"Regen Potion"},{"floor":13,"key":"Strength Potion"},{"floor":16,"key":"Swift Potion"},{"floor":18,"key":"SteroidPotion"}],"is_trial":false,"path_per_floor":["M","?","?","M","?","E","$","E","T","R","?","$","E","M","R","B",null,"M","$","M","$","M","E"],"character_chosen":"IRONCLAD","items_purchased":["Limit Break+1","Rampage","Fire Potion","Transmutation+1"],"campfire_rested":0,"item_purchase_floors":[7,7,12,21],"current_hp_per_floor":[78,78,58,64,64,70,70,60,60,60,60,60,61,61,61,53,73,62,62,42,42,24,0],"gold":37,"neow_bonus":"THREE_ENEMY_KILL","is_prod":false,"is_daily":false,"chose_seed":false,"campfire_upgraded":2,"win_rate":0,"timestamp":1546974628,"path_taken":["M","?","?","M","?","E","$","E","T","R","?","$","E","M","R","BOSS","M","$","M","?","M","E"],"build_version":"2019-01-03v4","purchased_purges":3,"victory":false,"max_hp_per_floor":[80,80,80,80,80,80,80,80,80,80,80,80,80,80,80,80,80,80,80,80,80,80,80],"card_choices":[{"not_picked":["Rage","Armaments"],"picked":"Iron Wave","floor":1},{"not_picked":["Havoc","Clothesline","Thunderclap"],"picked":"SKIP","floor":4},{"not_picked":["Thunderclap","Sword Boomerang","Dual Wield+1"],"picked":"SKIP","floor":6},{"not_picked":["Battle Trance+1","Corruption"],"picked":"Iron Wave","floor":8},{"not_picked":["Reckless Charge","Sever Soul","Havoc+1"],"picked":"SKIP","floor":13},{"not_picked":["Bloodletting+1","Thunderclap","Evolve"],"picked":"SKIP","floor":14},{"not_picked":["Brutality","Juggernaut"],"picked":"Impervious+1","floor":16},{"not_picked":["Second Wind+1","Clothesline","Cleave"],"picked":"SKIP","floor":18},{"not_picked":["True Grit+1","Power Through+1","Pommel Strike"],"picked":"SKIP","floor":20},{"not_picked":["Second Wind+1","Anger+1"],"picked":"Infernal Blade+1","floor":22}],"player_experience":350107,"relics_obtained":[{"floor":6,"key":"Mercury Hourglass"},{"floor":8,"key":"Gremlin Horn"},{"floor":9,"key":"The Courier"},{"floor":13,"key":"Tiny Chest"}],"event_choices":[{"damage_healed":0,"gold_gain":175,"player_choice":"AGREE","damage_taken":0,"max_hp_gain":0,"max_hp_loss":0,"event_name":"Liars Game","floor":2,"gold_loss":0,"cards_obtained":["Doubt"]},{"damage_healed":0,"gold_gain":0,"player_choice":"Take Damage","damage_taken":20,"relics_obtained":["Golden Idol"],"max_hp_gain":0,"max_hp_loss":0,"event_name":"Golden Idol","floor":3,"gold_loss":0},{"damage_healed":0,"gold_gain":0,"player_choice":"Box","damage_taken":0,"relics_obtained":["Toxic Egg 2"],"max_hp_gain":0,"max_hp_loss":0,"event_name":"Big Fish","floor":5,"gold_loss":0,"cards_obtained":["Regret"]},{"damage_healed":0,"gold_gain":0,"player_choice":"0 cards matched","damage_taken":0,"max_hp_gain":0,"max_hp_loss":0,"event_name":"Match and Keep!","floor":11,"gold_loss":0,"cards_obtained":[]}],"is_beta":false,"boss_relics":[{"not_picked":["Runic Pyramid","Black Star"],"picked":"Runic Dome"}],"items_purged_floors":[7,12,19],"is_endless":false,"potions_floor_spawned":[6,8,13,16,18],"killed_by":"Book of Stabbing","ascension_level":9}