{"gold_per_floor":[360,45,61,75,88,88,115,115,115,130,155,155,174,190,190,268,268,287,301,132,147,147],"floor_reached":22,"playtime":1028,"items_purged":["Strike_B","Strike_B"],"score":330,"play_id":"7653e4a4-9579-4898-9829-1c15648f7383","local_time":"20190201193443","is_ascension_mode":true,"campfire_choices":[{"data":"Defragment","floor":6,"key":"SMITH"},{"data":"Zap","floor":8,"key":"SMITH"},{"floor":15,"key":"REST"}],"neow_cost":"TEN_PERCENT_HP_LOSS","seed_source_timestamp":1278161628395996,"circlet_count":0,"master_deck":["AscendersBane","Strike_B","Strike_B+1","Defend_B","Defend_B","Defend_B","Defend_B","Zap+1","Dualcast","Compile Driver","Cold Snap+1","Defragment+1","Self Repair","Reboot","Genetic Algorithm","Heatsinks","Darkness","Capacitor","Fission","Hologram","Darkness","Defragment","White Noise"],"relics":["Cracked Core","Matryoshka","Whetstone","Smiling Mask","Sundial","Centennial Puzzle","Cursed Key"],"potions_floor_usage":[7,16,21,22],"damage_taken":[{"damage":1,"enemies":"2 Louse","floor":1,"turns":2},{"damage":0,"enemies":"Cultist","floor":3,"turns":4},{"damage":0,"enemies":"Small Slimes","floor":4,"turns":2},{"damage":13,"enemies":"3 Louse","floor":5,"turns":4},{"damage":25,"enemies":"Gremlin Nob","floor":7,"turns":4},{"damage":6,"enemies":"2 Fungi Beasts","floor":10,"turns":3},{"damage":11,"enemies":"3 Sentries","floor":11,"turns":7},{"damage":14,"enemies":"Exordium Thugs","floor":13,"turns":4},{"damage":21,"enemies":"Gremlin Gang","floor":14,"turns":5},{"damage":28,"enemies":"Slime Boss","floor":16,"turns":6},{"damage":7,"enemies":"Chosen","floor":18,"turns":4},{"damage":18,"enemies":"Spheric Guardian","floor":19,"turns":4},{"damage":40,"enemies":"3 Cultists","floor":21,"turns":7},{"damage":12,"enemies":"Chosen and Byrds","floor":22,"turns":4}],"seed_played":"-3802146414479469044","potions_obtained":[{"floor":1,"key":"Strength Potion"},{"floor":11,"key":"EssenceOfSteel"},{"floor":13,"key":"Weak Potion"}],"is_trial":false,"path_per_floor":["M","$","M","M","M","R","E","R","T","M","E","?","M","M","R","B",null,"M","M","$","M","M"],"character_chosen":"DEFECT","items_purchased":["Matryoshka","Defragment","PowerPotion"],"campfire_rested":1,"item_purchase_floors":[2,20,20],"current_hp_per_floor":[67,67,67,67,54,54,36,36,36,37,33,33,26,12,32,11,54,54,43,43,10,0],"gold":147,"neow_bonus":"TWO_FIFTY_GOLD","is_prod":false,"is_daily":false,"chose_seed":false,"campfire_upgraded":2,"win_rate":0,"timestamp":1549067683,"path_taken":["M","$","M","M","M","R","E","R","T","M","E","?","?","M","R","BOSS","M","M","$","M","M"],"build_version":"2019-01-23","purchased_purges":2,"victory":false,"max_hp_per_floor":[68,68,68,68,68,68,68,68,68,68,68,68,68,68,68,68,68,68,68,68,68,68],"card_choices":[{"not_picked":["Lockon","Hello World"],"picked":"Compile Driver","floor":1},{"not_picked":["Turbo","Leap"],"picked":"Cold Snap","floor":3},{"not_picked":["Turbo","Static Discharge"],"picked":"Defragment","floor":4},{"not_picked":["Redo","Stack"],"picked":"Self Repair","floor":5},{"not_picked":["Ball Lightning","Stack"],"picked":"Reboot","floor":7},{"not_picked":["Lockon","Stack"],"picked":"Genetic Algorithm","floor":10},{"not_picked":["Sweeping Beam","Static Discharge"],"picked":"Heatsinks","floor":11},{"not_picked":["Steam Power","Genetic Algorithm"],"picked":"Darkness","floor":13},{"not_picked":["Doom and Gloom","Melter"],"picked":"Capacitor","floor":14},{"not_picked":["Meteor Strike","Creative AI"],"picked":"Fission","floor":16},{"not_picked":["Beam Cell","Undo"],"picked":"Hologram","floor":18},{"not_picked":["Hello World+1","Double Energy"],"picked":"Darkness","floor":19},{"not_picked":["Stack","Rebound"],"picked":"White Noise","floor":21}],"player_experience":629497,"relics_obtained":[{"floor":7,"key":"Whetstone"},{"floor":9,"key":"Smiling Mask"},{"floor":9,"key":"Sundial"},{"floor":11,"key":"Centennial Puzzle"}],"event_choices":[{"damage_healed":0,"gold_gain":0,"player_choice":"Leave","damage_taken":0,"max_hp_gain":0,"max_hp_loss":0,"event_name":"FaceTrader","floor":12,"gold_loss":0}],"is_beta":false,"boss_relics":[{"not_picked":["Fusion Hammer","Nuclear Battery"],"picked":"Cursed Key"}],"items_purged_floors":[2,20],"is_endless":false,"potions_floor_spawned":[1,11,13,14],"killed_by":"Chosen and Byrds","ascension_level":13}