{"gold_per_floor":[216,9,9,24,36,68,68,81,104,121,121,147,147,164,164,264,264,281,281,281,295,36,36,46,46],"floor_reached":25,"playtime":1368,"items_purged":["Strike_B"],"score":382,"play_id":"da3454e5-bee1-4340-9cd2-7aa7ee528091","local_time":"20190216152810","is_ascension_mode":true,"campfire_choices":[{"data":"Zap","floor":7.0,"key":"SMITH"},{"data":"Dualcast","floor":11.0,"key":"SMITH"},{"data":"Go for the Eyes","floor":13.0,"key":"SMITH"},{"data":"Consume","floor":15.0,"key":"SMITH"},{"data":"Seek","floor":23,"key":"SMITH"}],"neow_cost":"NONE","seed_source_timestamp":0,"circlet_count":0,"master_deck":["AscendersBane","Defend_B+1","Defend_B","Defend_B+1","Defend_B","Zap+1","Dualcast+1","Consume+1","Cold Snap","Go for the Eyes+1","Conserve Battery","Cold Snap","Coolheaded","Seek+1","Bite","Bite","Bite","Bite","Bite"],"special_seed":0,"relics":["Cracked Core","Oddly Smooth Stone","War Paint","Omamori","Busted Crown","PreservedInsect","Darkstone Periapt"],"potions_floor_usage":[24],"damage_taken":[{"damage":1.0,"enemies":"Cultist","floor":1.0,"turns":3.0},{"damage":0.0,"enemies":"2 Louse","floor":4.0,"turns":3.0},{"damage":7.0,"enemies":"Jaw Worm","floor":5.0,"turns":4.0},{"damage":16.0,"enemies":"Gremlin Nob","floor":6.0,"turns":5.0},{"damage":2.0,"enemies":"Large Slime","floor":8.0,"turns":7.0},{"damage":2.0,"enemies":"Exordium Wildlife","floor":10.0,"turns":6.0},{"damage":0.0,"enemies":"Lagavulin","floor":12.0,"turns":8.0},{"damage":2.0,"enemies":"2 Fungi Beasts","floor":14.0,"turns":4.0},{"damage":20.0,"enemies":"The Guardian","floor":16.0,"turns":16.0},{"damage":8,"enemies":"Chosen","floor":18,"turns":7},{"damage":0,"enemies":"3 Byrds","floor":21,"turns":6},{"damage":3,"enemies":"Snake Plant","floor":24,"turns":7},{"damage":63,"enemies":"Gremlin Leader","floor":25,"turns":5}],"seed_played":"8833389892341548850","potions_obtained":[{"floor":1.0,"key":"Dexterity Potion"},{"floor":4.0,"key":"Fire Potion"},{"floor":12.0,"key":"PowerPotion"},{"floor":14.0,"key":"LiquidBronze"},{"floor":18,"key":"AttackPotion"},{"floor":21,"key":"Ancient Potion"}],"is_trial":false,"path_per_floor":["M","$","?","M","M","E","R","M","T","M","R","E","R","M","R","B",null,"M","?","?","M","$","R","M","E"],"character_chosen":"DEFECT","items_purchased":["Consume","Cold Snap","Go for the Eyes","Darkstone Periapt"],"campfire_rested":0,"item_purchase_floors":[2,2,2,22],"current_hp_per_floor":[67,67,67,67,60,44,44,42,42,40,40,40,40,38,38,18,61,53,53,52,52,52,52,52,0],"gold":46,"neow_bonus":"HUNDRED_GOLD","is_prod":false,"is_daily":false,"chose_seed":false,"campfire_upgraded":5,"win_rate":0,"timestamp":1550359690,"path_taken":["M","?","?","M","M","E","R","M","T","?","R","E","R","M","R","BOSS","M","?","?","?","$","R","M","E"],"build_version":"2019-01-23","purchased_purges":1,"victory":false,"max_hp_per_floor":[75,75,75,75,75,75,75,75,75,75,75,75,75,75,75,75,75,75,75,52,52,52,52,52,52],"card_choices":[{"not_picked":["Doom and Gloom","Static Discharge","Ball Lightning"],"picked":"SKIP","floor":1.0},{"not_picked":["Streamline","Rebound"],"picked":"Conserve Battery","floor":4.0},{"not_picked":["Streamline","Barrage","Turbo"],"picked":"SKIP","floor":5.0},{"not_picked":["Barrage","Auto Shields","Aggregate"],"picked":"SKIP","floor":6.0},{"not_picked":["Ball Lightning","Sweeping Beam"],"picked":"Cold Snap","floor":8.0},{"not_picked":["Hello World","Gash"],"picked":"Coolheaded","floor":10.0},{"not_picked":["Fission","Chaos","Static Discharge"],"picked":"SKIP","floor":12.0},{"not_picked":["Blizzard","Heatsinks","Rebound"],"picked":"SKIP","floor":14.0},{"not_picked":["Biased Cognition","Multi-Cast"],"picked":"Seek","floor":16.0},{"not_picked":["Compile Driver"],"picked":"SKIP","floor":18},{"not_picked":["Sweeping Beam"],"picked":"SKIP","floor":21},{"not_picked":["Cold Snap"],"picked":"SKIP","floor":24}],"player_experience":394202,"relics_obtained":[{"floor":6.0,"key":"Oddly Smooth Stone"},{"floor":9.0,"key":"War Paint"},{"floor":12.0,"key":"Omamori"}],"event_choices":[{"cards_removed":["Strike_B"],"damage_healed":0.0,"max_hp_gain":0.0,"max_hp_loss":0.0,"gold_gain":0.0,"event_name":"Bonfire Elementals","player_choice":"Offered Basic","floor":3.0,"gold_loss":0.0,"damage_taken":0.0},{"damage_healed":0,"gold_gain":0,"player_choice":"Stole Relic","damage_taken":0,"relics_obtained":["PreservedInsect"],"max_hp_gain":0,"max_hp_loss":0,"event_name":"Addict","floor":19,"gold_loss":0,"cards_obtained":["Shame"]},{"damage_healed":0,"gold_gain":0,"player_choice":"Became a vampire","damage_taken":0,"max_hp_gain":0,"max_hp_loss":23,"event_name":"Vampires","floor":20,"gold_loss":0,"cards_obtained":["Bite","Bite","Bite","Bite","Bite"]}],"is_beta":false,"boss_relics":[{"not_picked":["Astrolabe","Orrery"],"picked":"Busted Crown"}],"items_purged_floors":[2],"is_endless":false,"potions_floor_spawned":[1,4,12,14,18,21],"killed_by":"Gremlin Leader","ascension_level":10}