{"gold_per_floor":[111,111,126,140,154,154,168,198,198,198,198,210,229,243,243,243],"floor_reached":16,"playtime":688,"items_purged":[],"score":212,"play_id":"db7ff0fa-b425-4bdb-aafd-0e9965979930","local_time":"20190224154954","is_ascension_mode":true,"campfire_choices":[{"data":"Dagger Spray","floor":6,"key":"SMITH"},{"floor":11,"key":"REST"},{"floor":15,"key":"REST"}],"neow_cost":"NONE","seed_source_timestamp":2806322486343430,"circlet_count":0,"master_deck":["AscendersBane","Defend_G","Defend_G","Defend_G","Defend_G","Defend_G","Strike_G","Strike_G","Strike_G","Strike_G","Strike_G","Survivor","Neutralize+1","Well Laid Plans+1","Noxious Fumes","Dagger Spray+1","Predator","Quick Slash","Dagger Spray","Backstab","Blade Dance"],"relics":["Sozu","Du-Vu Doll","Ancient Tea Set"],"potions_floor_usage":[],"damage_taken":[{"damage":4,"enemies":"Small Slimes","floor":1,"turns":4},{"damage":2,"enemies":"Cultist","floor":3,"turns":5},{"damage":2,"enemies":"Jaw Worm","floor":4,"turns":6},{"damage":6,"enemies":"Red Slaver","floor":5,"turns":6},{"damage":7,"enemies":"Looter","floor":7,"turns":3},{"damage":37,"enemies":"Gremlin Nob","floor":8,"turns":5},{"damage":0,"enemies":"Gremlin Gang","floor":12,"turns":3},{"damage":6,"enemies":"Blue Slaver","floor":13,"turns":3},{"damage":8,"enemies":"3 Louse","floor":14,"turns":3},{"damage":25,"enemies":"The Guardian","floor":16,"turns":9}],"seed_played":"4241142582327620258","potions_obtained":[],"is_trial":false,"path_per_floor":["M","?","M","M","M","R","M","E","T","?","R","M","M","M","R","B"],"character_chosen":"THE_SILENT","items_purchased":[],"campfire_rested":2,"item_purchase_floors":[],"current_hp_per_floor":[55,55,53,51,45,45,38,1,1,1,20,20,14,6,25,0],"gold":243,"neow_bonus":"BOSS_RELIC","is_prod":false,"is_daily":false,"chose_seed":false,"campfire_upgraded":1,"win_rate":0,"timestamp":1551044994,"path_taken":["M","?","M","M","M","R","?","E","T","?","R","M","?","M","R","BOSS"],"build_version":"2019-02-06","purchased_purges":0,"victory":false,"max_hp_per_floor":[66,66,66,66,66,66,66,66,66,66,66,66,66,66,66,66],"card_choices":[{"not_picked":["Masterful Stab","Terror"],"picked":"Well Laid Plans","floor":1},{"not_picked":["Flechettes","Acrobatics"],"picked":"Noxious Fumes","floor":3},{"not_picked":["Poisoned Stab","Blade Dance"],"picked":"Dagger Spray","floor":4},{"not_picked":["Deflect","Blade Dance"],"picked":"Predator","floor":5},{"not_picked":["Finisher","Flechettes","Prepared"],"picked":"SKIP","floor":7},{"not_picked":["Malaise","Dagger Throw"],"picked":"Quick Slash","floor":8},{"not_picked":["Bouncing Flask","Bane"],"picked":"Dagger Spray","floor":12},{"not_picked":["Finisher","Bane"],"picked":"Backstab","floor":13},{"not_picked":["Tools of the Trade","Prepared"],"picked":"Blade Dance","floor":14}],"player_experience":839260,"relics_obtained":[{"floor":8,"key":"Du-Vu Doll"},{"floor":9,"key":"Ancient Tea Set"}],"event_choices":[{"damage_healed":0,"gold_gain":0,"player_choice":"Forge","damage_taken":0,"max_hp_gain":0,"max_hp_loss":0,"event_name":"Accursed Blacksmith","floor":2,"gold_loss":0,"cards_upgraded":["Neutralize"]},{"damage_healed":0,"gold_gain":0,"player_choice":"Upgraded","damage_taken":0,"max_hp_gain":0,"max_hp_loss":0,"event_name":"Upgrade Shrine","floor":10,"gold_loss":0,"cards_upgraded":["Well Laid Plans"]}],"is_beta":true,"boss_relics":[],"items_purged_floors":[],"is_endless":false,"potions_floor_spawned":[1,4,5,12,13],"killed_by":"The Guardian","ascension_level":20}