{"gold_per_floor":[116,66,85,85,96,96,96,96,122,135,176,176,176,197,197,326,326,350,27,27,44,44,44,76,76,127,127,127,127,141,159,159,264,264,274,293,293,311,325,325,355,355,355,110,144,0,0,14,14,14],"floor_reached":51,"playtime":2150,"items_purged":["Writhe"],"score":748,"play_id":"5d5941a1-97ae-4777-bb35-c2c407bc8335","local_time":"20190228143934","is_ascension_mode":false,"campfire_choices":[{"data":"Zap","floor":6,"key":"SMITH"},{"data":"Defragment","floor":8,"key":"SMITH"},{"data":"Zap","floor":12,"key":"SMITH"},{"data":"Hologram","floor":15,"key":"SMITH"},{"data":"Defragment","floor":23,"key":"SMITH"},{"data":"Creative AI","floor":27,"key":"SMITH"},{"floor":29,"key":"REST"},{"data":"Dualcast","floor":32,"key":"SMITH"},{"data":"Skim","floor":40,"key":"SMITH"},{"data":"Coolheaded","floor":42,"key":"SMITH"},{"floor":49,"key":"REST"}],"neow_cost":"NONE","seed_source_timestamp":1557591919999,"circlet_count":0,"master_deck":["Strike_B+1","Strike_B+1","Strike_B+1","Defend_B+1","Defend_B+1","Defend_B+1","Defend_B+1","Zap+1","Dualcast+1","Defragment+1","Hologram+1","Zap+1","Conserve Battery","Conserve Battery","Skim+1","Creative AI+1","Conserve Battery+1","Defragment+1","Chaos+1","Coolheaded+1","Ball Lightning+1","Rebound","Thunder Strike+1","Conserve Battery","Beam Cell+1","Creative AI+1","Echo Form"],"relics":["Cracked Core","NeowsBlessing","Bloody Idol","Smiling Mask","Ornamental Fan","Nuclear Battery","Mummified Hand","Letter Opener","Strawberry","Gambling Chip","Busted Crown","Regal Pillow","Pear","DollysMirror","StoneCalendar","Red Mask"],"potions_floor_usage":[24,33,33,33,35,41,50],"damage_taken":[{"damage":0,"enemies":"Small Slimes","floor":1,"turns":1},{"damage":0,"enemies":"Jaw Worm","floor":3,"turns":1},{"damage":0,"enemies":"Cultist","floor":5,"turns":1},{"damage":5,"enemies":"2 Fungi Beasts","floor":10,"turns":3},{"damage":35,"enemies":"3 Sentries","floor":11,"turns":10},{"damage":3,"enemies":"Large Slime","floor":14,"turns":5},{"damage":18,"enemies":"The Guardian","floor":16,"turns":10},{"damage":27,"enemies":"Spheric Guardian","floor":18,"turns":5},{"damage":25,"enemies":"3 Byrds","floor":21,"turns":6},{"damage":14,"enemies":"Slavers","floor":24,"turns":7},{"damage":9,"enemies":"Snake Plant","floor":30,"turns":3},{"damage":0,"enemies":"Snecko","floor":31,"turns":3},{"damage":23,"enemies":"Collector","floor":33,"turns":8},{"damage":4,"enemies":"3 Shapes","floor":35,"turns":3},{"damage":0,"enemies":"Orb Walker","floor":36,"turns":3},{"damage":4,"enemies":"Spire Growth","floor":38,"turns":4},{"damage":14,"enemies":"4 Shapes","floor":39,"turns":4},{"damage":23,"enemies":"Reptomancer","floor":41,"turns":5},{"damage":18,"enemies":"Nemesis","floor":45,"turns":7},{"damage":16,"enemies":"Maw","floor":48,"turns":6},{"damage":20,"enemies":"Time Eater","floor":50,"turns":6}],"seed_played":"5271561739883382806","potions_obtained":[{"floor":3,"key":"Dexterity Potion"},{"floor":14,"key":"Ancient Potion"},{"floor":21,"key":"Ancient Potion"},{"floor":30,"key":"Swift Potion"},{"floor":31,"key":"Weak Potion"},{"floor":33,"key":"SkillPotion"},{"floor":36,"key":"Weak Potion"},{"floor":45,"key":"FocusPotion"}],"is_trial":false,"path_per_floor":["M","?","M","?","M","R","?","R","T","M","E","R","?","M","R","B",null,"M","$","?","M","$","R","E","?","T","R","?","R","M","M","R","B",null,"M","M","?","M","M","R","E","R","T","$","E","?","$","M","R","B",null],"character_chosen":"DEFECT","items_purchased":["Mummified Hand","Defragment","DollysMirror"],"campfire_rested":2,"item_purchase_floors":[19,19,44],"current_hp_per_floor":[75,75,75,75,75,75,69,69,69,64,29,29,52,49,49,31,69,42,42,42,22,22,22,13,13,25,25,25,47,43,48,48,30,76,76,76,76,76,67,67,49,49,59,59,46,46,46,35,75,55],"gold":14,"neow_bonus":"THREE_ENEMY_KILL","is_prod":false,"is_daily":false,"chose_seed":false,"campfire_upgraded":9,"win_rate":0,"timestamp":1551386374,"path_taken":["M","?","M","?","?","R","?","R","T","M","E","R","?","M","R","BOSS","M","$","?","M","$","R","E","?","T","R","?","R","M","M","R","BOSS","M","M","?","?","?","R","E","R","T","$","E","?","?","M","R","BOSS"],"build_version":"2019-01-23","purchased_purges":1,"victory":true,"max_hp_per_floor":[75,75,75,75,75,75,69,69,69,69,69,69,69,69,69,69,69,69,69,69,69,69,69,69,69,76,76,76,76,76,76,76,76,76,76,76,76,76,76,76,76,76,86,86,86,86,86,86,86,86],"card_choices":[{"not_picked":["Ball Lightning","Cold Snap"],"picked":"Defragment","floor":1},{"not_picked":["Leap","Undo"],"picked":"Hologram","floor":3},{"not_picked":["Stack","Gash","Static Discharge"],"picked":"SKIP","floor":5},{"not_picked":["Genetic Algorithm","Scrape"],"picked":"Conserve Battery","floor":10},{"not_picked":["Streamline","Beam Cell"],"picked":"Conserve Battery","floor":11},{"not_picked":["Double Energy","Barrage"],"picked":"Skim","floor":14},{"not_picked":["Meteor Strike","Hyperbeam"],"picked":"Creative AI","floor":16},{"not_picked":["Coolheaded","Redo"],"picked":"Conserve Battery+1","floor":18},{"not_picked":["Steam Power","Loop"],"picked":"Chaos+1","floor":21},{"not_picked":["Gash","Undo"],"picked":"Coolheaded","floor":24},{"not_picked":["Conserve Battery","Compile Driver"],"picked":"Ball Lightning+1","floor":30},{"not_picked":["Steam","Sweeping Beam"],"picked":"Rebound","floor":31},{"not_picked":["Rainbow","Hyperbeam"],"picked":"Thunder Strike","floor":33},{"not_picked":[],"picked":"Conserve Battery","floor":35},{"not_picked":[],"picked":"Beam Cell+1","floor":36},{"not_picked":["Rebound+1"],"picked":"SKIP","floor":38},{"not_picked":["Barrage"],"picked":"SKIP","floor":39},{"not_picked":["Go for the Eyes"],"picked":"SKIP","floor":41},{"not_picked":[],"picked":"Echo Form","floor":45},{"not_picked":["Steam+1"],"picked":"SKIP","floor":48}],"player_experience":947159,"relics_obtained":[{"floor":9,"key":"Smiling Mask"},{"floor":11,"key":"Ornamental Fan"},{"floor":24,"key":"Letter Opener"},{"floor":26,"key":"Strawberry"},{"floor":41,"key":"Regal Pillow"},{"floor":43,"key":"Pear"},{"floor":45,"key":"StoneCalendar"}],"event_choices":[{"cards_removed":["Strike_B"],"damage_healed":0,"gold_gain":0,"player_choice":"Card Removal","damage_taken":0,"max_hp_gain":0,"max_hp_loss":0,"event_name":"The Cleric","floor":2,"gold_loss":50},{"damage_healed":0,"gold_gain":0,"player_choice":"1 cards matched","damage_taken":0,"max_hp_gain":0,"max_hp_loss":0,"event_name":"Match and Keep!","floor":4,"gold_loss":0,"cards_obtained":["Zap"]},{"damage_healed":0,"gold_gain":0,"player_choice":"Lose Max HP","damage_taken":0,"relics_obtained":["Golden Idol"],"max_hp_gain":0,"max_hp_loss":6,"event_name":"Golden Idol","floor":7,"gold_loss":0},{"damage_healed":23,"gold_gain":0,"player_choice":"Banana","damage_taken":0,"max_hp_gain":0,"max_hp_loss":0,"event_name":"Big Fish","floor":13,"gold_loss":0},{"damage_healed":0,"gold_gain":0,"player_choice":"Gave Idol","damage_taken":0,"relics_obtained":["Bloody Idol"],"max_hp_gain":0,"max_hp_loss":0,"event_name":"Forgotten Altar","floor":20,"relics_lost":["Golden Idol"],"gold_loss":0},{"damage_healed":0,"gold_gain":0,"player_choice":"Simplicity","damage_taken":0,"max_hp_gain":0,"max_hp_loss":0,"event_name":"Back to Basics","floor":25,"gold_loss":0,"cards_upgraded":["Strike_B","Strike_B","Strike_B","Defend_B","Defend_B","Defend_B","Defend_B"]},{"damage_healed":0,"gold_gain":0,"player_choice":"Opened","damage_taken":0,"relics_obtained":["Gambling Chip"],"max_hp_gain":0,"max_hp_loss":0,"event_name":"The Mausoleum","floor":28,"gold_loss":0,"cards_obtained":["Writhe"]},{"damage_healed":0,"gold_gain":0,"player_choice":"Upgraded","damage_taken":0,"max_hp_gain":0,"max_hp_loss":0,"event_name":"Upgrade Shrine","floor":37,"gold_loss":0,"cards_upgraded":["Thunder Strike"]},{"damage_healed":0,"gold_gain":0,"player_choice":"Paid","damage_taken":0,"relics_obtained":["Red Mask"],"max_hp_gain":0,"max_hp_loss":0,"event_name":"Tomb of Lord Red Mask","floor":46,"gold_loss":144}],"is_beta":false,"boss_relics":[{"not_picked":["Astrolabe","FrozenCore"],"picked":"Nuclear Battery"},{"not_picked":["Calling Bell","Tiny House"],"picked":"Busted Crown"}],"items_purged_floors":[44],"is_endless":false,"potions_floor_spawned":[3,14,21,30,31,33,36,45],"ascension_level":0}