{"gold_per_floor":[114,126,51,70,80,108,108,125,198,198,213,232,12,12,12,12],"floor_reached":16,"playtime":633,"items_purged":["Strike_B"],"score":104,"play_id":"cdf695d5-8284-4d82-947a-8b65f5cd9bef","local_time":"20190106173744","is_ascension_mode":false,"campfire_choices":[{"floor":7,"key":"REST"},{"data":"Genetic Algorithm","floor":10,"key":"SMITH"},{"floor":15,"key":"RECALL"}],"neow_cost":"TEN_PERCENT_HP_LOSS","seed_source_timestamp":15365890510376,"circlet_count":0,"master_deck":["Strike_B","Strike_B","Strike_B","Defend_B","Defend_B","Defend_B","Defend_B","Zap","Dualcast","All For One","Streamline","Gash","Genetic Algorithm+1","Auto Shields","Streamline","Amplify","Beam Cell","Defragment","Fission"],"relics":["Cracked Core","Incense Burner","Bottled Lightning"],"potions_floor_usage":[11,16,16],"damage_taken":[{"damage":1,"enemies":"Cultist","floor":1,"turns":3},{"damage":0,"enemies":"2 Louse","floor":2,"turns":2},{"damage":0,"enemies":"Small Slimes","floor":4,"turns":2},{"damage":9,"enemies":"Blue Slaver","floor":5,"turns":3},{"damage":46,"enemies":"3 Sentries","floor":6,"turns":7},{"damage":8,"enemies":"Exordium Thugs","floor":8,"turns":5},{"damage":2,"enemies":"3 Louse","floor":11,"turns":3},{"damage":1,"enemies":"2 Fungi Beasts","floor":12,"turns":3},{"damage":37,"enemies":"Slime Boss","floor":16,"turns":8}],"seed_played":"3945661898668713675","potions_obtained":[{"floor":1,"key":"Strength Potion"},{"floor":8,"key":"Regen Potion"},{"floor":11,"key":"Block Potion"},{"floor":12,"key":"Fire Potion"}],"is_trial":false,"path_per_floor":["M","M","$","M","M","E","R","M","T","R","M","M","$","T","R","B"],"character_chosen":"DEFECT","items_purchased":["Defragment","Fission"],"campfire_rested":1,"item_purchase_floors":[13,13],"current_hp_per_floor":[67,67,67,67,58,12,32,24,24,24,31,30,30,30,30,0],"gold":12,"neow_bonus":"THREE_RARE_CARDS","is_prod":false,"is_daily":false,"chose_seed":false,"campfire_upgraded":1,"win_rate":0,"timestamp":1546763864,"path_taken":["M","M","$","M","M","E","R","M","T","R","M","M","$","?","R","BOSS"],"build_version":"2019-01-03v4","purchased_purges":1,"victory":false,"max_hp_per_floor":[68,68,68,68,68,68,68,68,68,68,68,68,68,68,68,68],"card_choices":[{"not_picked":["Seek","Reboot"],"picked":"All For One","floor":0},{"not_picked":["Doom and Gloom","Conserve Battery"],"picked":"Streamline","floor":1},{"not_picked":["Compile Driver","Redo","Streamline"],"picked":"SKIP","floor":2},{"not_picked":["Compile Driver","Redo"],"picked":"Gash","floor":4},{"not_picked":["Sweeping Beam","Leap"],"picked":"Genetic Algorithm","floor":5},{"not_picked":["Steam","Sunder"],"picked":"Auto Shields","floor":6},{"not_picked":["Ball Lightning","Aggregate"],"picked":"Streamline","floor":8},{"not_picked":["Sweeping Beam","Compile Driver"],"picked":"Amplify","floor":11},{"not_picked":["Go for the Eyes","Barrage"],"picked":"Beam Cell","floor":12}],"player_experience":138696,"relics_obtained":[{"floor":6,"key":"Incense Burner"},{"floor":14,"key":"Bottled Lightning"}],"event_choices":[],"is_beta":false,"boss_relics":[],"items_purged_floors":[3],"is_endless":false,"potions_floor_spawned":[1,8,11,12],"killed_by":"Slime Boss","ascension_level":0}