{"gold_per_floor":[118,135,145,161,179,192,208,208,208,236,161,161,161,161,161,259,259,269,289,308,325,337,337,351,351,351,351,351,102,117,134,134,234,234,245,245,264,264,364,364,388,405,405,204,215,17,27,42,42,42,42,42,42,77,77],"floor_reached":55,"playtime":4110,"items_purged":["Strike_B","Zap","Defend_B"],"score":627,"play_id":"e6fafb4b-6b20-44ff-b2ee-751265c0ee3a","local_time":"20190106011652","is_ascension_mode":false,"campfire_choices":[{"data":"Genetic Algorithm","floor":8.0,"key":"SMITH"},{"floor":12.0,"key":"REST"},{"data":"Seek","floor":15.0,"key":"SMITH"},{"floor":23.0,"key":"REST"},{"data":"Beam Cell","floor":25.0,"key":"SMITH"},{"floor":27.0,"key":"RECALL"},{"data":"Gash","floor":32.0,"key":"SMITH"},{"data":"Seek","floor":40,"key":"SMITH"},{"data":"Streamline","floor":49,"key":"SMITH"},{"data":"Reinforced Body","floor":52,"key":"SMITH"}],"neow_cost":"NONE","seed_source_timestamp":48914211365712,"circlet_count":0,"master_deck":["Strike_B","Strike_B","Defend_B+1","Defend_B+1","Dualcast","Machine Learning","Streamline+1","Genetic Algorithm+1","Gash+1","Cold Snap","Hologram","Seek+1","Fission","Steam","Skim","BootSequence","Self Repair","Beam Cell+1","Seek+1","Beam Cell+1","Scrape+1","Master of Strategy","Reinforced Body+1","Glacier+1","FTL","Steam+1","Leap+1","Go for the Eyes+1","Reboot"],"special_seed":0,"relics":["FrozenCore","War Paint","Vajra","Potion Belt","Centennial Puzzle","Empty Cage","Ice Cream","Boot","Darkstone Periapt","Lee\u0027s Waffle","Dead Branch"],"potions_floor_usage":[33,33,33,42,50,55,55],"damage_taken":[{"damage":1.0,"enemies":"Cultist","floor":1.0,"turns":4.0},{"damage":2.0,"enemies":"Small Slimes","floor":2.0,"turns":3.0},{"damage":10.0,"enemies":"Jaw Worm","floor":3.0,"turns":3.0},{"damage":8.0,"enemies":"Red Slaver","floor":4.0,"turns":4.0},{"damage":16.0,"enemies":"3 Louse","floor":5.0,"turns":3.0},{"damage":5.0,"enemies":"Looter","floor":6.0,"turns":4.0},{"damage":1.0,"enemies":"Large Slime","floor":7.0,"turns":5.0},{"damage":18.0,"enemies":"3 Sentries","floor":10.0,"turns":9.0},{"damage":28.0,"enemies":"The Guardian","floor":16.0,"turns":10.0},{"damage":5.0,"enemies":"Spheric Guardian","floor":18.0,"turns":8.0},{"damage":0.0,"enemies":"Shell Parasite","floor":19.0,"turns":10.0},{"damage":31.0,"enemies":"Cultist and Chosen","floor":20.0,"turns":10.0},{"damage":11.0,"enemies":"Chosen and Byrds","floor":21.0,"turns":11.0},{"damage":10.0,"enemies":"Snake Plant","floor":22.0,"turns":7.0},{"damage":1.0,"enemies":"Snecko","floor":24.0,"turns":10.0},{"damage":15.0,"enemies":"Cultist and Chosen","floor":30.0,"turns":12.0},{"damage":1.0,"enemies":"Snake Plant","floor":31.0,"turns":5.0},{"damage":40,"enemies":"Collector","floor":33,"turns":12},{"damage":44,"enemies":"3 Darklings","floor":35,"turns":11},{"damage":12,"enemies":"Orb Walker","floor":37,"turns":4},{"damage":1,"enemies":"Mind Bloom Boss Battle","floor":39,"turns":9},{"damage":8,"enemies":"Maw","floor":42,"turns":8},{"damage":19,"enemies":"Sphere and 2 Shapes","floor":45,"turns":8},{"damage":33,"enemies":"4 Shapes","floor":47,"turns":6},{"damage":4,"enemies":"Jaw Worm Horde","floor":48,"turns":5},{"damage":52,"enemies":"Awakened One","floor":50,"turns":25},{"damage":77,"enemies":"Shield and Spear","floor":54,"turns":12},{"damage":12,"enemies":"The Heart","floor":55,"turns":2}],"seed_played":"-8663132653001607876","potions_obtained":[{"floor":5.0,"key":"Strength Potion"},{"floor":7.0,"key":"SkillPotion"},{"floor":10.0,"key":"Swift Potion"},{"floor":16.0,"key":"Weak Potion"},{"floor":22.0,"key":"SkillPotion"},{"floor":24.0,"key":"EntropicBrew"},{"floor":31.0,"key":"Explosive Potion"},{"floor":33,"key":"SteroidPotion"},{"floor":35,"key":"Swift Potion"},{"floor":39,"key":"Explosive Potion"},{"floor":45,"key":"LiquidBronze"},{"floor":48,"key":"SneckoOil"},{"floor":54,"key":"Strength Potion"}],"is_trial":false,"path_per_floor":["M","M","M","M","M","M","M","R","T","E","$","R","?","?","R","B",null,"M","M","M","M","M","R","M","R","T","R","?","$","M","M","R","B",null,"M","?","M","?","?","R","T","M","T","$","M","$","M","M","R","B",null,"R","$","E","B"],"character_chosen":"DEFECT","items_purchased":["Centennial Puzzle","FTL","Lee\u0027s Waffle"],"campfire_rested":2,"item_purchase_floors":[29,44,46],"current_hp_per_floor":[74,72,62,54,38,33,32,32,32,14,14,36,61,61,61,33,75,70,70,39,28,25,47,53,53,53,53,53,53,45,51,51,18,75,38,38,33,33,39,39,39,38,38,38,26,82,56,59,59,7,82,82,82,12,0],"gold":77,"neow_bonus":"ONE_RANDOM_RARE_CARD","is_prod":false,"is_daily":false,"chose_seed":false,"campfire_upgraded":7,"win_rate":0,"timestamp":1546705012,"path_taken":["M","M","M","M","M","M","M","R","T","E","$","R","?","?","R","BOSS","M","M","M","M","M","R","M","R","T","R","?","$","?","M","R","BOSS","M","?","M","?","?","R","?","M","T","$","M","$","?","M","R","BOSS","R","$","E","BOSS"],"build_version":"2019-01-03v4","purchased_purges":3,"victory":false,"max_hp_per_floor":[75,75,75,75,75,75,75,75,75,75,75,75,75,75,75,75,75,75,75,75,75,75,75,75,75,75,75,75,75,75,75,75,75,75,75,75,75,75,75,75,75,75,75,75,75,82,82,82,82,82,82,82,82,82,82],"card_choices":[{"not_picked":["Leap","Barrage"],"picked":"Streamline","floor":1.0},{"not_picked":["Hologram","Chaos"],"picked":"Genetic Algorithm","floor":2.0},{"not_picked":["Beam Cell","Force Field"],"picked":"Gash","floor":3.0},{"not_picked":["Ball Lightning","Redo","Aggregate"],"picked":"SKIP","floor":4.0},{"not_picked":["Turbo","Barrage","Blizzard"],"picked":"SKIP","floor":5.0},{"not_picked":["Coolheaded","Conserve Battery"],"picked":"Cold Snap","floor":6.0},{"not_picked":["Streamline","Barrage"],"picked":"Hologram","floor":7.0},{"not_picked":["Heatsinks","White Noise"],"picked":"Seek","floor":10.0},{"not_picked":["Amplify","Rainbow"],"picked":"Fission","floor":16.0},{"not_picked":["Ball Lightning","Barrage+1"],"picked":"Steam","floor":18.0},{"not_picked":["Aggregate+1","Recycle"],"picked":"Skim","floor":19.0},{"not_picked":["Rebound","Consume+1"],"picked":"BootSequence","floor":20.0},{"not_picked":["Redo+1","Turbo+1"],"picked":"Self Repair","floor":21.0},{"not_picked":["Streamline+1","Redo","Conserve Battery"],"picked":"SKIP","floor":22.0},{"not_picked":["Sweeping Beam+1","Rebound"],"picked":"Beam Cell","floor":24.0},{"not_picked":["Barrage","Aggregate","Tempest"],"picked":"SKIP","floor":30.0},{"not_picked":["Storm","Genetic Algorithm","Coolheaded"],"picked":"SKIP","floor":31.0},{"not_picked":["Hyperbeam","Biased Cognition"],"picked":"Seek","floor":33},{"not_picked":["Turbo+1","Melter"],"picked":"Beam Cell+1","floor":35},{"not_picked":["Ball Lightning","Turbo"],"picked":"Scrape+1","floor":37},{"not_picked":["Madness","Impatience"],"picked":"Master of Strategy","floor":38},{"not_picked":["Sunder","Genetic Algorithm"],"picked":"Reinforced Body","floor":39},{"not_picked":["Chaos","Coolheaded+1"],"picked":"Glacier+1","floor":42},{"not_picked":["Turbo","Coolheaded"],"picked":"Steam+1","floor":45},{"not_picked":["Conserve Battery","Machine Learning"],"picked":"Leap+1","floor":47},{"not_picked":["Coolheaded+1","Hologram"],"picked":"Go for the Eyes+1","floor":48},{"not_picked":["Static Discharge","Hologram"],"picked":"Reboot","floor":54}],"player_experience":131197,"relics_obtained":[{"floor":10.0,"key":"War Paint"},{"floor":26.0,"key":"Vajra"},{"floor":39,"key":"Ice Cream"},{"floor":41,"key":"Boot"},{"floor":43,"key":"Darkstone Periapt"},{"floor":54,"key":"Dead Branch"}],"event_choices":[{"damage_healed":25.0,"max_hp_gain":0.0,"max_hp_loss":0.0,"gold_gain":0.0,"event_name":"Big Fish","player_choice":"Banana","floor":13.0,"gold_loss":0.0,"damage_taken":0.0},{"damage_healed":0.0,"max_hp_gain":0.0,"max_hp_loss":0.0,"gold_gain":0.0,"event_name":"Liars Game","player_choice":"Ignored","floor":14.0,"gold_loss":0.0,"damage_taken":0.0},{"damage_healed":0.0,"max_hp_gain":0.0,"max_hp_loss":0.0,"gold_gain":0.0,"event_name":"WeMeetAgain","player_choice":"Gave Potion","floor":28.0,"gold_loss":0.0,"damage_taken":0.0,"relics_obtained":["Potion Belt"]},{"damage_healed":0,"gold_gain":0,"player_choice":"Ignored","damage_taken":0,"max_hp_gain":0,"max_hp_loss":0,"event_name":"Tomb of Lord Red Mask","floor":36,"gold_loss":0},{"damage_healed":0,"gold_gain":0,"player_choice":"Memory 1","damage_taken":0,"max_hp_gain":0,"max_hp_loss":0,"event_name":"SensoryStone","floor":38,"gold_loss":0},{"damage_healed":0,"gold_gain":0,"player_choice":"Fight","damage_taken":0,"max_hp_gain":0,"max_hp_loss":0,"event_name":"MindBloom","floor":39,"gold_loss":0}],"is_beta":false,"boss_relics":[{"not_picked":["Runic Pyramid","Pandora\u0027s Box"],"picked":"FrozenCore"},{"not_picked":["White Beast Statue","Cursed Key"],"picked":"Empty Cage"}],"items_purged_floors":[11,29,44],"is_endless":false,"potions_floor_spawned":[5,7,10,16,22,24,31,33,35,39,45,48,54],"killed_by":"The Heart","ascension_level":0}