{"gold_per_floor":[118,118,150,190,203,251,251,2,2,21,21,51,95,127,127,228,228,241,280,315,35,97,97,123,123,123,123],"floor_reached":27,"playtime":1438,"items_purged":["Regret"],"score":438,"play_id":"f20c0a2a-cebd-46e2-8234-ce8f40577d3b","local_time":"20190304092521","is_ascension_mode":true,"campfire_choices":[{"floor":7.0,"key":"REST"},{"data":"Apotheosis","floor":11.0,"key":"SMITH"},{"data":"Thinking Ahead","floor":15.0,"key":"SMITH"},{"floor":23,"key":"REST"},{"floor":25,"key":"REST"}],"neow_cost":"CURSE","seed_source_timestamp":0,"circlet_count":0,"master_deck":["AscendersBane","Strike_B","Strike_B","Strike_B","Strike_B","Defend_B","Defend_B","Defend_B","Defend_B","Zap","Dualcast","Thinking Ahead+1","HandOfGreed","Go for the Eyes","Zap","Ball Lightning","Cold Snap","Apotheosis+1","Seek","Cold Snap","Capacitor","Conserve Battery"],"special_seed":0,"relics":["Cracked Core","Smiling Mask","Blood Vial","Runic Pyramid","TheAbacus","Bottled Tornado","Blue Candle"],"potions_floor_usage":[24],"damage_taken":[{"damage":0.0,"enemies":"Cultist","floor":1.0,"turns":3.0},{"damage":8.0,"enemies":"Small Slimes","floor":3.0,"turns":3.0},{"damage":9.0,"enemies":"2 Louse","floor":4.0,"turns":2.0},{"damage":0.0,"enemies":"Exordium Wildlife","floor":5.0,"turns":2.0},{"damage":25.0,"enemies":"3 Sentries","floor":6.0,"turns":7.0},{"damage":6.0,"enemies":"Looter","floor":10.0,"turns":2.0},{"damage":1.0,"enemies":"Large Slime","floor":13.0,"turns":4.0},{"damage":0.0,"enemies":"2 Fungi Beasts","floor":14.0,"turns":2.0},{"damage":14.0,"enemies":"The Guardian","floor":16.0,"turns":10.0},{"damage":0,"enemies":"Chosen","floor":18,"turns":5},{"damage":33,"enemies":"2 Thieves","floor":19,"turns":3},{"damage":12,"enemies":"Snake Plant","floor":20,"turns":4},{"damage":21,"enemies":"Sentry and Sphere","floor":22,"turns":6},{"damage":15,"enemies":"Gremlin Leader","floor":24,"turns":7},{"damage":35,"enemies":"Shelled Parasite and Fungi","floor":27,"turns":3}],"seed_played":"2069473774315896197","potions_obtained":[{"floor":1.0,"key":"Fire Potion"},{"floor":6.0,"key":"FocusPotion"},{"floor":13.0,"key":"Poison Potion"},{"floor":24,"key":"Fire Potion"}],"is_trial":false,"path_per_floor":["M","?","M","M","M","E","R","$","T","M","R","?","M","M","R","B",null,"M","M","M","$","M","R","E","R","T","M"],"character_chosen":"DEFECT","items_purchased":["Apotheosis","TheAbacus","Conserve Battery"],"campfire_rested":3,"item_purchase_floors":[8,21,21],"current_hp_per_floor":[64,64,56,47,47,22,43,43,43,39,39,39,40,42,42,30,61,63,32,22,22,3,24,11,32,32,0],"gold":123,"neow_bonus":"RANDOM_COLORLESS_2","is_prod":false,"is_daily":false,"chose_seed":false,"campfire_upgraded":2,"win_rate":0,"timestamp":1551720321,"path_taken":["M","?","M","M","?","E","R","$","T","?","R","?","M","M","R","BOSS","M","M","M","$","M","R","E","R","T","M"],"build_version":"2019-01-23","purchased_purges":1,"victory":false,"max_hp_per_floor":[71,71,71,71,71,71,71,71,71,71,71,71,71,71,71,71,71,71,71,71,71,71,71,71,71,71,71],"card_choices":[{"not_picked":["Barrage","Leap"],"picked":"Go for the Eyes","floor":1.0},{"not_picked":["Undo","Redo"],"picked":"Cold Snap","floor":3.0},{"not_picked":["Barrage","Heatsinks","Rip and Tear"],"picked":"SKIP","floor":4.0},{"not_picked":["Compile Driver","Doom and Gloom","Darkness"],"picked":"SKIP","floor":5.0},{"not_picked":["Multi-Cast","Auto Shields","Barrage"],"picked":"SKIP","floor":6.0},{"not_picked":["Sweeping Beam","Gash","Turbo"],"picked":"SKIP","floor":10.0},{"not_picked":["Barrage","Auto Shields","Turbo"],"picked":"SKIP","floor":13.0},{"not_picked":["Ball Lightning","Stack","Barrage"],"picked":"SKIP","floor":14.0},{"not_picked":["Thunder Strike","Hyperbeam"],"picked":"Seek","floor":16.0},{"not_picked":["Stack","Scrape"],"picked":"Cold Snap","floor":18},{"not_picked":["Streamline","Conserve Battery"],"picked":"Capacitor","floor":19},{"not_picked":["BootSequence","Stack","Heatsinks"],"picked":"SKIP","floor":20},{"not_picked":["Go for the Eyes","Hello World","Barrage"],"picked":"SKIP","floor":22},{"not_picked":["Coolheaded+1","Undo","Hologram"],"picked":"SKIP","floor":24}],"player_experience":603424,"relics_obtained":[{"floor":6.0,"key":"Smiling Mask"},{"floor":9.0,"key":"Blood Vial"},{"floor":24,"key":"Bottled Tornado"},{"floor":26,"key":"Blue Candle"}],"event_choices":[{"damage_healed":0.0,"max_hp_gain":0.0,"max_hp_loss":0.0,"gold_gain":0.0,"event_name":"Match and Keep!","player_choice":"2 cards matched","floor":2.0,"gold_loss":0.0,"damage_taken":0.0,"cards_obtained":["Zap","Ball Lightning"]},{"damage_healed":0.0,"max_hp_gain":0.0,"max_hp_loss":0.0,"gold_gain":30.0,"event_name":"Dead Adventurer","player_choice":"Searched \u00271\u0027 times","floor":12.0,"gold_loss":0.0,"damage_taken":0.0}],"is_beta":false,"boss_relics":[{"not_picked":["Sozu","Nuclear Battery"],"picked":"Runic Pyramid"}],"items_purged_floors":[8],"is_endless":false,"potions_floor_spawned":[1,6,13,24],"killed_by":"Shelled Parasite and Fungi","ascension_level":17}