{"gold_per_floor":[116,135,146,164,181,181,181,181,181,181,199,199,11,30,30,125,125,137,137,156,156,255,255,255,265,310,310],"floor_reached":27,"playtime":957,"items_purged":[],"score":281,"play_id":"eb13f738-4ee9-4674-84d6-0387a91e4786","local_time":"20190112173221","is_ascension_mode":true,"campfire_choices":[{"data":"Seeing Red","floor":6.0,"key":"SMITH"},{"data":"Intimidate","floor":8.0,"key":"SMITH"},{"data":"Cleave","floor":10.0,"key":"SMITH"},{"data":"Apotheosis","floor":15.0,"key":"SMITH"},{"data":"Feed","floor":23.0,"key":"SMITH"}],"neow_cost":"NONE","seed_source_timestamp":31413688477654,"circlet_count":0,"master_deck":["Strike_R","Defend_R","Defend_R","Defend_R","Defend_R","Bash","Battle Trance","Cleave+1","Inflame","Seeing Red+1","Intimidate+1","Shrug It Off","Apotheosis+1","Inflame","Feed+1","Ghostly Armor","Inflame","Shrug It Off+1"],"special_seed":0,"relics":["Burning Blood"],"potions_floor_usage":[27],"damage_taken":[{"damage":13.0,"enemies":"Jaw Worm","floor":1.0,"turns":4.0},{"damage":6.0,"enemies":"Cultist","floor":2.0,"turns":3.0},{"damage":0.0,"enemies":"Small Slimes","floor":3.0,"turns":3.0},{"damage":22.0,"enemies":"Looter","floor":4.0,"turns":3.0},{"damage":0.0,"enemies":"3 Louse","floor":5.0,"turns":3.0},{"damage":10.0,"enemies":"Large Slime","floor":11.0,"turns":6.0},{"damage":0.0,"enemies":"Gremlin Gang","floor":14.0,"turns":1.0},{"damage":9.0,"enemies":"The Guardian","floor":16.0,"turns":14.0},{"damage":5.0,"enemies":"3 Byrds","floor":18.0,"turns":5.0},{"damage":4.0,"enemies":"Shell Parasite","floor":20.0,"turns":6.0},{"damage":30.0,"enemies":"Colosseum Slavers","floor":21.0,"turns":7.0},{"damage":19.0,"enemies":"Sentry and Sphere","floor":25.0,"turns":6.0},{"damage":64,"enemies":"Book of Stabbing","floor":27,"turns":8}],"seed_played":"-7267011782455089921","potions_obtained":[{"floor":1.0,"key":"Fruit Juice"},{"floor":5.0,"key":"FearPotion"},{"floor":11.0,"key":"AttackPotion"},{"floor":16.0,"key":"Energy Potion"},{"floor":18.0,"key":"Fire Potion"}],"is_trial":false,"path_per_floor":["M","M","M","M","M","R","?","R","T","R","M","?","$","M","R","B",null,"M","?","M","?","?","R","?","M","T","E"],"character_chosen":"IRONCLAD","items_purchased":["Apotheosis"],"campfire_rested":0,"item_purchase_floors":[13],"current_hp_per_floor":[73,78,84,68,74,74,74,74,74,74,70,70,70,76,76,73,82,87,87,89,69,69,69,69,60,60,0],"gold":310,"neow_bonus":"TRANSFORM_CARD","is_prod":false,"is_daily":false,"chose_seed":false,"campfire_upgraded":5,"win_rate":0,"timestamp":1547281941,"path_taken":["M","M","M","M","M","R","?","R","T","R","?","?","$","M","R","BOSS","M","?","M","?","?","R","?","M","T","E"],"build_version":"2019-01-10","purchased_purges":0,"victory":false,"max_hp_per_floor":[80,85,85,85,85,85,85,85,85,85,85,85,85,85,85,85,85,89,89,89,93,93,93,93,97,97,97],"card_choices":[{"not_picked":["Sword Boomerang","Pommel Strike"],"picked":"Cleave","floor":1.0},{"not_picked":["Heavy Blade","Pommel Strike"],"picked":"Inflame","floor":2.0},{"not_picked":["Sword Boomerang","Berserk"],"picked":"Seeing Red","floor":3.0},{"not_picked":["Thunderclap","Anger"],"picked":"Intimidate","floor":4.0},{"not_picked":["Clothesline","Cleave"],"picked":"Shrug It Off","floor":5.0},{"not_picked":["Heavy Blade","Warcry","Dual Wield"],"picked":"SKIP","floor":11.0},{"not_picked":["True Grit","Cleave"],"picked":"Inflame","floor":14.0},{"not_picked":["Reaper","Berserk"],"picked":"Feed","floor":16.0},{"not_picked":["Twin Strike","Heavy Blade"],"picked":"Ghostly Armor","floor":18.0},{"not_picked":["Headbutt+1","Perfected Strike"],"picked":"Inflame","floor":20.0},{"not_picked":["Wild Strike","Anger+1"],"picked":"Shrug It Off+1","floor":25.0}],"player_experience":219555,"relics_obtained":[],"event_choices":[{"cards_removed":["Strike_R"],"damage_healed":0.0,"max_hp_gain":0.0,"max_hp_loss":0.0,"gold_gain":0.0,"event_name":"Purifier","player_choice":"Purged","floor":7.0,"gold_loss":0.0,"damage_taken":0.0},{"cards_removed":["Strike_R"],"damage_healed":0.0,"max_hp_gain":0.0,"max_hp_loss":0.0,"gold_gain":0.0,"event_name":"Living Wall","player_choice":"Forget","floor":12.0,"gold_loss":0.0,"damage_taken":0.0},{"damage_healed":0.0,"max_hp_gain":0.0,"max_hp_loss":0.0,"gold_gain":0.0,"event_name":"Ghosts","player_choice":"Ignored","floor":19.0,"gold_loss":0.0,"damage_taken":0.0},{"damage_healed":0.0,"max_hp_gain":0.0,"max_hp_loss":0.0,"gold_gain":0.0,"event_name":"Colosseum","player_choice":"Fight","floor":21.0,"gold_loss":0.0,"damage_taken":0.0},{"damage_healed":0.0,"max_hp_gain":0.0,"max_hp_loss":0.0,"gold_gain":0.0,"event_name":"Colosseum","player_choice":"Fled From Nobs","floor":21.0,"gold_loss":0.0,"damage_taken":0.0},{"damage_healed":0.0,"max_hp_gain":0.0,"max_hp_loss":0.0,"gold_gain":99.0,"event_name":"Nest","player_choice":"Stole From Cult","floor":22.0,"gold_loss":0.0,"damage_taken":0.0},{"cards_removed":["Strike_R"],"damage_healed":0.0,"max_hp_gain":0.0,"max_hp_loss":0.0,"gold_gain":0.0,"event_name":"Purifier","player_choice":"Purged","floor":24.0,"gold_loss":0.0,"damage_taken":0.0}],"is_beta":false,"boss_relics":[{"not_picked":["Fusion Hammer","Runic Pyramid","Velvet Choker"]}],"items_purged_floors":[],"is_endless":false,"potions_floor_spawned":[1,5,11,16,18,20],"killed_by":"Book of Stabbing","ascension_level":5}