{"gold_per_floor":[113,113,126,126,142,142,169,169,169,183,193,193],"floor_reached":12,"playtime":418,"items_purged":[],"score":120,"play_id":"af783838-19e7-4b38-bcd3-e8f554783b6a","local_time":"20190216153521","is_ascension_mode":true,"campfire_choices":[{"data":"Zap","floor":6,"key":"SMITH"},{"floor":8,"key":"REST"}],"neow_cost":"NONE","seed_source_timestamp":201059026257452,"circlet_count":0,"master_deck":["AscendersBane","Strike_B","Strike_B","Defend_B","Defend_B","Defend_B","Defend_B","Zap+1","Dualcast","Go for the Eyes","Undo","Regret","Capacitor"],"relics":["Empty Cage","Ancient Tea Set","Orichalcum","Matryoshka","DataDisk","Shuriken"],"potions_floor_usage":[7],"damage_taken":[{"damage":0,"enemies":"Cultist","floor":1,"turns":4},{"damage":4,"enemies":"2 Louse","floor":3,"turns":4},{"damage":1,"enemies":"Small Slimes","floor":5,"turns":3},{"damage":60,"enemies":"Lagavulin","floor":7,"turns":13},{"damage":3,"enemies":"2 Fungi Beasts","floor":10,"turns":4},{"damage":12,"enemies":"Blue Slaver","floor":11,"turns":6},{"damage":0,"enemies":"3 Sentries","floor":12,"turns":1}],"seed_played":"2057289116697614007","potions_obtained":[{"floor":3,"key":"Explosive Potion"},{"floor":7,"key":"GamblersBrew"},{"floor":11,"key":"EssenceOfSteel"}],"is_trial":false,"path_per_floor":["M","T","M","?","M","R","E","R","T","M","M","?"],"character_chosen":"DEFECT","items_purchased":[],"campfire_rested":1,"item_purchase_floors":[],"current_hp_per_floor":[68,68,64,64,63,63,3,25,25,22,10,10],"gold":193,"neow_bonus":"BOSS_RELIC","is_prod":false,"is_daily":false,"chose_seed":false,"campfire_upgraded":1,"win_rate":0,"timestamp":1550360121,"path_taken":["M","?","M","?","M","R","E","R","T","M","M","?"],"build_version":"2019-01-23","purchased_purges":0,"victory":false,"max_hp_per_floor":[75,75,75,75,75,75,75,75,75,75,75,75],"card_choices":[{"not_picked":["Redo","Ball Lightning"],"picked":"Go for the Eyes","floor":1},{"not_picked":["Auto Shields","Reinforced Body"],"picked":"Undo","floor":3},{"not_picked":["Barrage","Lockon"],"picked":"Capacitor","floor":5},{"not_picked":["Hologram","Redo","Gash"],"picked":"SKIP","floor":7},{"not_picked":["Gash","Aggregate","Skim"],"picked":"SKIP","floor":10},{"not_picked":["Doom and Gloom","Turbo","Sweeping Beam"],"picked":"SKIP","floor":11}],"player_experience":395570,"relics_obtained":[{"floor":2,"key":"Ancient Tea Set"},{"floor":7,"key":"Matryoshka"},{"floor":9,"key":"DataDisk"},{"floor":9,"key":"Shuriken"}],"event_choices":[{"damage_healed":0,"gold_gain":0,"player_choice":"Box","damage_taken":0,"relics_obtained":["Orichalcum"],"max_hp_gain":0,"max_hp_loss":0,"event_name":"Big Fish","floor":4,"gold_loss":0,"cards_obtained":["Regret"]},{"damage_healed":0,"gold_gain":0,"player_choice":"Searched \u00271\u0027 times","damage_taken":0,"max_hp_gain":0,"max_hp_loss":0,"event_name":"Dead Adventurer","floor":12,"gold_loss":0}],"is_beta":false,"boss_relics":[],"items_purged_floors":[],"is_endless":false,"potions_floor_spawned":[3,7,11],"killed_by":"3 Sentries","ascension_level":10}