{"gold_per_floor":[112,129,129,28,44,44,76,126,151,151,164,40,40,59,59,135,135,150,150,160,160,178,178,15,15,65,79,79,94,128,53,53,127,127,138,138,238,251,251,251],"floor_reached":40,"playtime":2252,"items_purged":[],"score":838,"play_id":"d5d4cde1-2f52-4f68-a616-67d726ef40fd","local_time":"20190303182048","is_ascension_mode":true,"campfire_choices":[{"data":"Zap","floor":6.0,"key":"SMITH"},{"floor":10.0,"key":"REST"},{"data":"Streamline","floor":15.0,"key":"SMITH"},{"floor":23.0,"key":"REST"},{"data":"Dualcast","floor":25.0,"key":"SMITH"},{"floor":28.0,"key":"REST"},{"floor":32.0,"key":"REST"}],"neow_cost":"NONE","seed_source_timestamp":268605973743440,"circlet_count":0,"master_deck":["AscendersBane","Strike_B","Defend_B","Defend_B","Defend_B","Defend_B","Zap+1","Dualcast+1","Amplify","Cold Snap","Scrape","Leap","Thunder Strike","Streamline+1","Gash","Melter","Chill","Sunder","Machine Learning","Blizzard","RitualDagger","Streamline","Gash","Gash","Injury","Go for the Eyes","Scrape","Coolheaded","Echo Form","Skim","Machine Learning","Self Repair+1","Master of Strategy","Redo+1","Scrape","Writhe"],"special_seed":0,"relics":["Cracked Core","Regal Pillow","Torii","Dream Catcher","Cursed Key","DataDisk","PreservedInsect","Blood Vial","Black Star","Peace Pipe"],"potions_floor_usage":[40,40],"damage_taken":[{"damage":0.0,"enemies":"Cultist","floor":1.0,"turns":3.0},{"damage":0.0,"enemies":"Small Slimes","floor":2.0,"turns":2.0},{"damage":1.0,"enemies":"2 Louse","floor":5.0,"turns":2.0},{"damage":33.0,"enemies":"3 Sentries","floor":7.0,"turns":10.0},{"damage":13.0,"enemies":"Exordium Thugs","floor":11.0,"turns":5.0},{"damage":1.0,"enemies":"Looter","floor":14.0,"turns":3.0},{"damage":15.0,"enemies":"The Guardian","floor":16.0,"turns":10.0},{"damage":12.0,"enemies":"Shell Parasite","floor":18.0,"turns":7.0},{"damage":0.0,"enemies":"Spheric Guardian","floor":20.0,"turns":1.0},{"damage":20.0,"enemies":"Snecko","floor":22.0,"turns":5.0},{"damage":20.0,"enemies":"Shelled Parasite and Fungi","floor":27.0,"turns":3.0},{"damage":26.0,"enemies":"Snake Plant","floor":29.0,"turns":4.0},{"damage":24.0,"enemies":"Book of Stabbing","floor":30.0,"turns":2.0},{"damage":58.0,"enemies":"Automaton","floor":33.0,"turns":10.0},{"damage":30.0,"enemies":"3 Darklings","floor":35.0,"turns":7.0},{"damage":10.0,"enemies":"Mind Bloom Boss Battle","floor":37.0,"turns":7.0},{"damage":7.0,"enemies":"Orb Walker","floor":38.0,"turns":3.0},{"damage":58,"enemies":"Nemesis","floor":40,"turns":3}],"seed_played":"-5869021726310967581","potions_obtained":[{"floor":5.0,"key":"SteroidPotion"},{"floor":7.0,"key":"EssenceOfSteel"},{"floor":13.0,"key":"SkillPotion"},{"floor":13.0,"key":"Strength Potion"},{"floor":16.0,"key":"Weak Potion"},{"floor":18.0,"key":"FearPotion"},{"floor":27.0,"key":"FearPotion"},{"floor":29.0,"key":"GamblersBrew"},{"floor":35.0,"key":"Strength Potion"},{"floor":38.0,"key":"FearPotion"}],"is_trial":false,"path_per_floor":["M","M","?","?","M","R","E","?","T","R","M","$","?","M","R","B",null,"M","?","M","?","M","R","$","R","T","M","R","M","E","?","R","B",null,"M","?","?","M","?","E"],"character_chosen":"DEFECT","items_purchased":["Melter","Chill","DataDisk"],"campfire_rested":4,"item_purchase_floors":[12,12,24],"current_hp_per_floor":[64,64,57,57,56,56,23,16,16,52,39,39,39,38,38,23,59,47,41,41,41,21,57,57,57,57,37,71,45,21,21,57,1,54,26,26,28,23,37,0],"gold":251,"neow_bonus":"ONE_RANDOM_RARE_CARD","is_prod":false,"is_daily":false,"chose_seed":false,"campfire_upgraded":3,"win_rate":0,"timestamp":1551633648,"path_taken":["M","?","?","?","?","R","E","?","T","R","M","?","?","M","R","BOSS","M","?","M","?","?","R","?","R","T","M","R","M","E","?","R","BOSS","M","?","?","M","?","E"],"build_version":"2019-01-23","purchased_purges":0,"victory":false,"max_hp_per_floor":[71,71,71,71,71,71,71,71,71,71,71,71,71,71,71,71,71,71,71,71,71,71,71,71,71,71,71,71,71,71,71,71,71,71,71,71,71,71,71,71],"card_choices":[{"not_picked":["Ball Lightning","Conserve Battery"],"picked":"Cold Snap","floor":1.0},{"not_picked":["Rebound","Turbo"],"picked":"Scrape","floor":2.0},{"not_picked":["Turbo","Barrage"],"picked":"Leap","floor":5.0},{"not_picked":["Steam","Tempest"],"picked":"Thunder Strike","floor":7.0},{"not_picked":["Force Field","Sweeping Beam"],"picked":"Streamline","floor":10.0},{"not_picked":["Hologram","White Noise"],"picked":"Gash","floor":11.0},{"not_picked":["Barrage","Turbo"],"picked":"Sunder","floor":14.0},{"not_picked":["Seek","Hyperbeam"],"picked":"Machine Learning","floor":16.0},{"not_picked":["Steam Power","Fusion"],"picked":"Blizzard","floor":18.0},{"not_picked":["Compile Driver","Steam Power"],"picked":"Streamline","floor":20.0},{"not_picked":["Steam","Beam Cell"],"picked":"Gash","floor":22.0},{"not_picked":["Core Surge","Rebound"],"picked":"Gash","floor":23.0},{"not_picked":["Recycle","Conserve Battery"],"picked":"Go for the Eyes","floor":27.0},{"not_picked":["Coolheaded","Hologram"],"picked":"Scrape","floor":28.0},{"not_picked":["Blizzard","Go for the Eyes"],"picked":"Coolheaded","floor":29.0},{"not_picked":["Go for the Eyes","Conserve Battery"],"picked":"Echo Form","floor":30.0},{"not_picked":["Rebound+1","Go for the Eyes"],"picked":"Skim","floor":32.0},{"not_picked":["Amplify","Rainbow"],"picked":"Machine Learning","floor":33.0},{"not_picked":["Steam Power+1","Compile Driver+1"],"picked":"Self Repair+1","floor":35.0},{"not_picked":["Transmutation","Swift Strike"],"picked":"Master of Strategy","floor":36.0},{"not_picked":["Conserve Battery","Recycle"],"picked":"Redo+1","floor":37.0},{"not_picked":["Barrage","Sweeping Beam+1"],"picked":"Scrape","floor":38.0}],"player_experience":801827,"relics_obtained":[{"floor":7.0,"key":"Torii"},{"floor":9.0,"key":"Dream Catcher"},{"floor":26.0,"key":"PreservedInsect"},{"floor":30.0,"key":"Blood Vial"},{"floor":37.0,"key":"Peace Pipe"}],"event_choices":[{"cards_removed":["Strike_B"],"damage_healed":0.0,"max_hp_gain":0.0,"max_hp_loss":0.0,"gold_gain":0.0,"event_name":"Golden Wing","player_choice":"Card Removal","floor":3.0,"gold_loss":0.0,"damage_taken":7.0},{"damage_healed":0.0,"max_hp_gain":0.0,"max_hp_loss":0.0,"gold_gain":0.0,"event_name":"WeMeetAgain","player_choice":"Paid Gold","floor":4.0,"gold_loss":101.0,"damage_taken":0.0,"relics_obtained":["Regal Pillow"]},{"damage_healed":0.0,"max_hp_gain":0.0,"max_hp_loss":0.0,"gold_gain":50.0,"event_name":"FaceTrader","player_choice":"Touch","floor":8.0,"gold_loss":0.0,"damage_taken":7.0},{"damage_healed":0.0,"max_hp_gain":0.0,"max_hp_loss":0.0,"gold_gain":0.0,"event_name":"Lab","player_choice":"Got Potions","floor":13.0,"gold_loss":0.0,"damage_taken":0.0},{"damage_healed":0.0,"max_hp_gain":0.0,"max_hp_loss":0.0,"gold_gain":0.0,"event_name":"Nest","player_choice":"Joined the Cult","floor":19.0,"gold_loss":0.0,"damage_taken":6.0,"cards_obtained":["RitualDagger"]},{"cards_removed":["Strike_B"],"damage_healed":0.0,"max_hp_gain":0.0,"max_hp_loss":0.0,"gold_gain":0.0,"event_name":"Wheel of Change","player_choice":"Card Removal","floor":21.0,"gold_loss":0.0,"damage_taken":0.0},{"cards_removed":["Strike_B"],"damage_healed":0.0,"max_hp_gain":0.0,"max_hp_loss":0.0,"gold_gain":0.0,"event_name":"Beggar","player_choice":"Gave Gold","floor":31.0,"gold_loss":75.0,"damage_taken":0.0},{"damage_healed":0.0,"max_hp_gain":0.0,"max_hp_loss":0.0,"gold_gain":0.0,"event_name":"SensoryStone","player_choice":"Memory 1","floor":36.0,"gold_loss":0.0,"damage_taken":0.0},{"damage_healed":0.0,"max_hp_gain":0.0,"max_hp_loss":0.0,"gold_gain":0.0,"event_name":"MindBloom","player_choice":"Fight","floor":37.0,"gold_loss":0.0,"damage_taken":0.0},{"damage_healed":14.0,"max_hp_gain":0.0,"max_hp_loss":0.0,"gold_gain":0.0,"event_name":"Winding Halls","player_choice":"Writhe","floor":39.0,"gold_loss":0.0,"damage_taken":0.0,"cards_obtained":["Writhe"]}],"is_beta":false,"boss_relics":[{"not_picked":["Pandora\u0027s Box","Coffee Dripper"],"picked":"Cursed Key"},{"not_picked":["Velvet Choker","Philosopher\u0027s Stone"],"picked":"Black Star"}],"items_purged_floors":[],"is_endless":false,"potions_floor_spawned":[5,7,14,16,18,20,27,29,35,38],"killed_by":"Nemesis","ascension_level":19}