{"gold_per_floor":[14,89,107,107,124,124,134,134,134,148,148,160,14,14,14,118,118,129,404,159,179,116,116,147,72,119,119,119,119],"floor_reached":29,"playtime":660,"items_purged":["Strike_R","Regret","Strike_R","Strike_R"],"score":358,"play_id":"cb83a335-9938-45e8-992b-72e8c705da61","local_time":"20190106100009","is_ascension_mode":true,"campfire_choices":[{"data":"Bash","floor":6,"key":"SMITH"},{"data":"Heavy Blade","floor":8,"key":"SMITH"},{"floor":11,"key":"DIG"},{"floor":15,"key":"REST"},{"data":"Limit Break","floor":23,"key":"SMITH"}],"neow_cost":"NO_GOLD","seed_source_timestamp":1409725131656296,"circlet_count":0,"master_deck":["Defend_R","Defend_R+1","Defend_R+1","Defend_R+1","Bash+1","Heavy Blade+1","Double Tap","Inflame","Cleave+1","Spot Weakness","Limit Break+1","Inflame","J.A.X."],"relics":["Burning Blood","Shovel","Paper Frog","War Paint","Runic Dome","Membership Card","Blue Candle","PreservedInsect"],"potions_floor_usage":[24],"damage_taken":[{"damage":6,"enemies":"Cultist","floor":1,"turns":3},{"damage":0,"enemies":"Small Slimes","floor":3,"turns":3},{"damage":12,"enemies":"Jaw Worm","floor":5,"turns":2},{"damage":11,"enemies":"Blue Slaver","floor":7,"turns":3},{"damage":11,"enemies":"Looter","floor":10,"turns":2},{"damage":17,"enemies":"Exordium Thugs","floor":12,"turns":5},{"damage":13,"enemies":"The Guardian","floor":16,"turns":6},{"damage":22,"enemies":"3 Byrds","floor":18,"turns":6},{"damage":0,"enemies":"Spheric Guardian","floor":21,"turns":3},{"damage":36,"enemies":"Slavers","floor":24,"turns":4},{"damage":33,"enemies":"Masked Bandits","floor":29,"turns":3}],"seed_played":"14687659520633220","potions_obtained":[{"floor":5,"key":"Energy Potion"},{"floor":10,"key":"Swift Potion"},{"floor":12,"key":"Fire Potion"},{"floor":24,"key":"Swift Potion"}],"is_trial":false,"path_per_floor":["M","?","M","?","M","R","M","R","T","M","R","M","$","?","R","B",null,"M","?","$","M","$","R","E","$","T","?","?","?"],"character_chosen":"IRONCLAD","items_purchased":["Spot Weakness","Membership Card"],"campfire_rested":1,"item_purchase_floors":[13,20],"current_hp_per_floor":[72,61,67,60,54,54,49,49,49,44,44,33,33,17,41,34,69,53,53,53,59,59,59,29,29,29,29,29,0],"gold":119,"neow_bonus":"ONE_RARE_RELIC","is_prod":false,"is_daily":false,"chose_seed":false,"campfire_upgraded":3,"win_rate":0,"timestamp":1546786809,"path_taken":["M","?","M","?","M","R","M","R","T","?","R","M","$","?","R","BOSS","M","?","?","M","$","R","E","$","T","?","?","?"],"build_version":"2019-01-03v4","purchased_purges":4,"victory":false,"max_hp_per_floor":[80,80,80,80,80,80,80,80,80,80,80,80,80,80,80,80,80,80,80,80,80,80,80,80,80,80,80,80,80],"card_choices":[{"not_picked":["Anger","Flex"],"picked":"Heavy Blade","floor":1},{"not_picked":["Shrug It Off","True Grit","Sword Boomerang"],"picked":"SKIP","floor":3},{"not_picked":["Iron Wave","Clothesline","Corruption"],"picked":"SKIP","floor":5},{"not_picked":["Iron Wave","Fire Breathing"],"picked":"Double Tap","floor":7},{"not_picked":["Shockwave","Iron Wave"],"picked":"Inflame","floor":10},{"not_picked":["Armaments","Headbutt"],"picked":"Cleave","floor":12},{"not_picked":["Bludgeon","Barricade"],"picked":"Limit Break","floor":16},{"not_picked":["Twin Strike","Armaments","Pommel Strike"],"picked":"SKIP","floor":18},{"not_picked":["Armaments","Flame Barrier"],"picked":"Inflame","floor":21},{"not_picked":["Bloodletting","Feel No Pain","Body Slam"],"picked":"SKIP","floor":24}],"player_experience":326410,"relics_obtained":[{"floor":9,"key":"Paper Frog"},{"floor":11,"key":"War Paint"},{"floor":24,"key":"Blue Candle"},{"floor":26,"key":"PreservedInsect"}],"event_choices":[{"damage_healed":0,"gold_gain":75,"player_choice":"Gather Gold","damage_taken":11,"max_hp_gain":0,"max_hp_loss":0,"event_name":"World of Goop","floor":2,"gold_loss":0},{"cards_removed":["Strike_R"],"damage_healed":0,"gold_gain":0,"player_choice":"Card Removal","damage_taken":7,"max_hp_gain":0,"max_hp_loss":0,"event_name":"Golden Wing","floor":4,"gold_loss":0},{"damage_healed":0,"gold_gain":0,"player_choice":"Entered Light","damage_taken":16,"max_hp_gain":0,"max_hp_loss":0,"event_name":"Shining Light","floor":14,"gold_loss":0,"cards_upgraded":["Cleave","Defend_R"]},{"damage_healed":0,"gold_gain":275,"player_choice":"Desecrate","damage_taken":0,"max_hp_gain":0,"max_hp_loss":0,"event_name":"Golden Shrine","floor":19,"gold_loss":0,"cards_obtained":["Regret"]},{"damage_healed":0,"gold_gain":0,"player_choice":"Obtain J.A.X.","damage_taken":0,"max_hp_gain":0,"max_hp_loss":0,"event_name":"Drug Dealer","floor":27,"gold_loss":0,"cards_obtained":["J.A.X."]},{"cards_removed":["Strike_R"],"damage_healed":0,"gold_gain":0,"player_choice":"Elegance","damage_taken":0,"max_hp_gain":0,"max_hp_loss":0,"event_name":"Back to Basics","floor":28,"gold_loss":0},{"damage_healed":0,"gold_gain":0,"player_choice":"Fought Bandits","damage_taken":0,"max_hp_gain":0,"max_hp_loss":0,"event_name":"Masked Bandits","floor":29,"gold_loss":0}],"is_beta":false,"boss_relics":[{"not_picked":["White Beast Statue","Tiny House"],"picked":"Runic Dome"}],"items_purged_floors":[13,20,22,25],"is_endless":false,"potions_floor_spawned":[5,10,12,21,24],"killed_by":"Masked Bandits","ascension_level":8}