{"gold_per_floor":[113,132,143,143,163,163,181,237,312,329,348,348],"floor_reached":12,"playtime":386,"items_purged":[],"score":147,"play_id":"42b8afba-1659-4e98-b37f-3e1a834d3e4f","local_time":"20190211170713","is_ascension_mode":true,"campfire_choices":[{"data":"Zap","floor":6,"key":"SMITH"}],"neow_cost":"NONE","seed_source_timestamp":30312385925337,"circlet_count":0,"master_deck":["AscendersBane","Strike_B","Strike_B","Strike_B","Defend_B","Defend_B","Defend_B","Defend_B","Zap+1","Dualcast","Amplify","Steam","Compile Driver","Go for the Eyes","Cold Snap","Doom and Gloom","Electrodynamics","BootSequence"],"relics":["Cracked Core","GremlinMask","Tiny Chest","Mercury Hourglass"],"potions_floor_usage":[8,12],"damage_taken":[{"damage":13,"enemies":"Small Slimes","floor":1,"turns":4},{"damage":6,"enemies":"Cultist","floor":2,"turns":4},{"damage":2,"enemies":"Jaw Worm","floor":3,"turns":4},{"damage":3,"enemies":"3 Louse","floor":5,"turns":4},{"damage":5,"enemies":"Red Slaver","floor":7,"turns":4},{"damage":13,"enemies":"3 Sentries","floor":8,"turns":5},{"damage":14,"enemies":"Exordium Thugs","floor":10,"turns":3},{"damage":0,"enemies":"3 Louse","floor":11,"turns":1},{"damage":13,"enemies":"Gremlin Nob","floor":12,"turns":2}],"seed_played":"-5213873143102785544","potions_obtained":[{"floor":1,"key":"SteroidPotion"},{"floor":3,"key":"Dexterity Potion"}],"is_trial":false,"path_per_floor":["M","M","M","?","M","R","M","E","T","M","M","E"],"character_chosen":"DEFECT","items_purchased":[],"campfire_rested":0,"item_purchase_floors":[],"current_hp_per_floor":[51,45,43,43,40,40,35,22,22,8,8,0],"gold":348,"neow_bonus":"TRANSFORM_CARD","is_prod":false,"is_daily":false,"chose_seed":false,"campfire_upgraded":1,"win_rate":0,"timestamp":1549872433,"path_taken":["M","M","M","?","M","R","M","E","T","?","M","E"],"build_version":"2019-01-23","purchased_purges":0,"victory":false,"max_hp_per_floor":[71,71,71,71,71,71,71,71,71,71,71,71],"card_choices":[{"not_picked":["White Noise","Blizzard"],"picked":"Steam","floor":1},{"not_picked":["Hologram","Recycle"],"picked":"Compile Driver","floor":2},{"not_picked":["Leap","Blizzard"],"picked":"Go for the Eyes","floor":3},{"not_picked":["Barrage","White Noise"],"picked":"Cold Snap","floor":5},{"not_picked":["Sweeping Beam","Leap"],"picked":"Doom and Gloom","floor":7},{"not_picked":["FTL","Gash"],"picked":"Electrodynamics","floor":8},{"not_picked":["Go for the Eyes","Cold Snap","Sweeping Beam"],"picked":"SKIP","floor":10},{"not_picked":["Fusion","Turbo"],"picked":"BootSequence","floor":11}],"player_experience":339652,"relics_obtained":[{"floor":8,"key":"Tiny Chest"},{"floor":9,"key":"Mercury Hourglass"}],"event_choices":[{"damage_healed":0,"gold_gain":0,"player_choice":"Trade","damage_taken":0,"relics_obtained":["GremlinMask"],"max_hp_gain":0,"max_hp_loss":0,"event_name":"FaceTrader","floor":4,"gold_loss":0}],"is_beta":false,"boss_relics":[],"items_purged_floors":[],"is_endless":false,"potions_floor_spawned":[1,3,5,7],"killed_by":"Gremlin Nob","ascension_level":15}