{"gold_per_floor":[111,121,40,115,134,159,159,174,200,217,217,108,108,108,108,207,207,218,238,104,124,124,124,138,196,196,196,208,220,220,238,238,338,338,348,348,150,162,177,177,277,277,277,306,318],"floor_reached":45,"playtime":2767,"items_purged":["Strike_G","Riddle With Holes","Defend_G"],"score":524,"play_id":"2717071e-6b6d-4989-9dac-2bcf141482d5","local_time":"20190302171609","is_ascension_mode":true,"campfire_choices":[{"floor":7.0,"key":"REST"},{"data":"Neutralize","floor":11.0,"key":"SMITH"},{"data":"Footwork","floor":13.0,"key":"SMITH"},{"floor":15.0,"key":"REST"},{"floor":27.0,"key":"REST"},{"floor":30.0,"key":"REST"},{"data":"A Thousand Cuts","floor":32.0,"key":"SMITH"},{"data":"A Thousand Cuts","floor":40,"key":"SMITH"}],"neow_cost":"NONE","seed_source_timestamp":23093055068895,"circlet_count":0,"master_deck":["Defend_G","Defend_G","Defend_G","Defend_G","Strike_G","Strike_G","Survivor","Neutralize+1","Dagger Spray","Cloak And Dagger","Blur","Escape Plan","Backflip","Acrobatics","Footwork+1","A Thousand Cuts+1","Setup","Footwork","Noxious Fumes+1","Dodge and Roll","Deflect","Calculated Gamble","PiercingWail","A Thousand Cuts+1","Concentrate+1","Caltrops","Deadly Poison+1","Masterful Stab+1","Tactician+1"],"special_seed":0,"relics":["Ring of the Serpent","NeowsBlessing","Anchor","Orichalcum","Tiny Chest","Pantograph","Sozu","Thread and Needle","Dead Branch","MawBank"],"potions_floor_usage":[38],"damage_taken":[{"damage":0.0,"enemies":"Cultist","floor":1.0,"turns":1.0},{"damage":0.0,"enemies":"Small Slimes","floor":2.0,"turns":1.0},{"damage":0.0,"enemies":"2 Louse","floor":5.0,"turns":1.0},{"damage":47.0,"enemies":"Lagavulin","floor":6.0,"turns":11.0},{"damage":5.0,"enemies":"Large Slime","floor":8.0,"turns":11.0},{"damage":3.0,"enemies":"3 Louse","floor":10.0,"turns":2.0},{"damage":1.0,"enemies":"The Guardian","floor":16.0,"turns":15.0},{"damage":5.0,"enemies":"Chosen","floor":18.0,"turns":10.0},{"damage":3.0,"enemies":"Spheric Guardian","floor":19.0,"turns":16.0},{"damage":13.0,"enemies":"Centurion and Healer","floor":21.0,"turns":9.0},{"damage":16.0,"enemies":"Sentry and Sphere","floor":24.0,"turns":8.0},{"damage":30.0,"enemies":"Gremlin Leader","floor":25.0,"turns":10.0},{"damage":0.0,"enemies":"Snecko","floor":28.0,"turns":9.0},{"damage":0.0,"enemies":"Snake Plant","floor":29.0,"turns":8.0},{"damage":15.0,"enemies":"3 Cultists","floor":31.0,"turns":5.0},{"damage":38.0,"enemies":"Automaton","floor":33.0,"turns":18.0},{"damage":7.0,"enemies":"3 Darklings","floor":35.0,"turns":6.0},{"damage":1,"enemies":"Orb Walker","floor":38,"turns":6},{"damage":0,"enemies":"Sphere and 2 Shapes","floor":39,"turns":7},{"damage":22,"enemies":"Mind Bloom Boss Battle","floor":41,"turns":7},{"damage":12,"enemies":"Maw","floor":44,"turns":8},{"damage":67,"enemies":"Transient","floor":45,"turns":4}],"seed_played":"-5862407375297726783","potions_obtained":[{"floor":8.0,"key":"Regen Potion"},{"floor":10.0,"key":"SkillPotion"},{"floor":16.0,"key":"EssenceOfSteel"},{"floor":19.0,"key":"Strength Potion"},{"floor":25.0,"key":"PowerPotion"},{"floor":31.0,"key":"LiquidBronze"},{"floor":33.0,"key":"AttackPotion"}],"is_trial":false,"path_per_floor":["M","M","$","?","M","E","R","M","T","M","R","$","R","?","R","B",null,"M","M","$","M","?","?","M","E","T","R","M","M","R","M","R","B",null,"M","?","$","M","M","R","?","?","T","M","M"],"character_chosen":"THE_SILENT","items_purchased":["Blur","Footwork","Noxious Fumes","Caltrops"],"campfire_rested":4,"item_purchase_floors":[3,12,20,37],"current_hp_per_floor":[70,70,70,59,59,12,33,28,28,30,30,30,30,30,51,50,70,65,62,62,49,49,49,33,3,3,24,24,24,45,30,30,17,70,63,63,63,62,62,62,48,48,48,36,0],"gold":318,"neow_bonus":"THREE_ENEMY_KILL","is_prod":false,"is_daily":false,"chose_seed":false,"campfire_upgraded":4,"win_rate":0,"timestamp":1551514569,"path_taken":["M","?","$","?","M","E","R","M","T","M","R","$","R","?","R","BOSS","M","M","$","M","?","?","M","E","T","R","?","M","R","M","R","BOSS","M","?","$","M","M","R","?","?","T","?","?"],"build_version":"2019-01-23","purchased_purges":3,"victory":false,"max_hp_per_floor":[70,70,70,70,70,70,70,70,70,70,70,70,70,70,70,70,70,70,70,70,70,70,70,70,70,70,70,70,70,70,70,70,70,70,70,70,70,70,70,70,70,70,70,70,70],"card_choices":[{"not_picked":["Sucker Punch","Prepared"],"picked":"Dagger Spray","floor":1.0},{"not_picked":["Outmaneuver","Expertise"],"picked":"Cloak And Dagger","floor":2.0},{"not_picked":["Dagger Spray","Dodge and Roll"],"picked":"Escape Plan","floor":5.0},{"not_picked":["Poisoned Stab","Deflect"],"picked":"Backflip","floor":6.0},{"not_picked":["Crippling Poison","Venomology"],"picked":"Acrobatics","floor":8.0},{"not_picked":["Underhanded Strike","Accuracy"],"picked":"Riddle With Holes","floor":10.0},{"not_picked":["Doppelganger","Envenom"],"picked":"A Thousand Cuts","floor":16.0},{"not_picked":["Blade Dance","Leg Sweep+1"],"picked":"Setup","floor":18.0},{"not_picked":["Outmaneuver","Deflect"],"picked":"Footwork","floor":19.0},{"not_picked":["Poisoned Stab","Flying Knee","Outmaneuver+1"],"picked":"SKIP","floor":21.0},{"not_picked":["Cloak And Dagger","Dash"],"picked":"Dodge and Roll","floor":24.0},{"not_picked":["Choke","Backflip"],"picked":"Deflect","floor":25.0},{"not_picked":["Distraction","Dodge and Roll"],"picked":"Calculated Gamble","floor":28.0},{"not_picked":["Deadly Poison","Phantasmal Killer"],"picked":"PiercingWail","floor":29.0},{"not_picked":["Slice","Acrobatics","Dodge and Roll"],"picked":"SKIP","floor":31.0},{"not_picked":["Venomology","Phantasmal Killer"],"picked":"A Thousand Cuts","floor":33.0},{"not_picked":["Outmaneuver+1","Acrobatics+1"],"picked":"Concentrate+1","floor":35.0},{"not_picked":["Infinite Blades+1","Distraction","Concentrate"],"picked":"SKIP","floor":38},{"not_picked":["Blade Dance+1","Quick Slash"],"picked":"Deadly Poison+1","floor":39},{"not_picked":["All Out Attack","Bane"],"picked":"Masterful Stab+1","floor":41},{"not_picked":["Backflip","Eviscerate"],"picked":"Tactician+1","floor":44}],"player_experience":364159,"relics_obtained":[{"floor":6.0,"key":"Anchor"},{"floor":9.0,"key":"Orichalcum"},{"floor":25.0,"key":"Tiny Chest"},{"floor":26.0,"key":"Pantograph"},{"floor":41,"key":"Thread and Needle"},{"floor":43,"key":"MawBank"}],"event_choices":[{"damage_healed":0.0,"max_hp_gain":0.0,"max_hp_loss":0.0,"gold_gain":75.0,"event_name":"World of Goop","player_choice":"Gather Gold","floor":4.0,"gold_loss":0.0,"damage_taken":11.0},{"cards_removed":["Strike_G"],"damage_healed":0.0,"max_hp_gain":0.0,"max_hp_loss":0.0,"gold_gain":0.0,"event_name":"Bonfire Elementals","player_choice":"Offered Basic","floor":14.0,"gold_loss":0.0,"damage_taken":0.0},{"damage_healed":0.0,"max_hp_gain":0.0,"max_hp_loss":0.0,"gold_gain":0.0,"event_name":"The Mausoleum","player_choice":"Ignored","floor":22.0,"gold_loss":0.0,"damage_taken":0.0},{"damage_healed":0.0,"max_hp_gain":0.0,"max_hp_loss":0.0,"gold_gain":0.0,"event_name":"Accursed Blacksmith","player_choice":"Forge","floor":23.0,"gold_loss":0.0,"damage_taken":0.0,"cards_upgraded":["Noxious Fumes"]},{"cards_removed":["Strike_G"],"damage_healed":0.0,"max_hp_gain":0.0,"max_hp_loss":0.0,"gold_gain":0.0,"event_name":"Falling","player_choice":"Removed Attack","floor":36.0,"gold_loss":0.0,"damage_taken":0.0},{"damage_healed":0,"gold_gain":0,"player_choice":"Fight","damage_taken":0,"max_hp_gain":0,"max_hp_loss":0,"event_name":"MindBloom","floor":41,"gold_loss":0},{"damage_healed":0,"gold_gain":0,"player_choice":"Gave Potion","damage_taken":0,"relics_obtained":["Dead Branch"],"max_hp_gain":0,"max_hp_loss":0,"event_name":"WeMeetAgain","floor":42,"gold_loss":0}],"is_beta":false,"boss_relics":[{"not_picked":["Velvet Choker","Cursed Key"],"picked":"Ring of the Serpent"},{"not_picked":["Eternal Feather","Runic Dome"],"picked":"Sozu"}],"items_purged_floors":[12,20,37],"is_endless":false,"potions_floor_spawned":[8,10,16,19,25,31,33,35,44],"killed_by":"Transient","ascension_level":4}