{"gold_per_floor":[363,288,463,285,301,334,352,352,352,363,375,375,354,147,147,147],"floor_reached":16,"playtime":596,"items_purged":["Strike_R","Doubt","Strike_R"],"score":120,"play_id":"fca61c49-74a8-40bd-97b2-4dd8881448e2","local_time":"20181024112656","is_ascension_mode":true,"campfire_choices":[{"data":"Heavy Blade","floor":8,"key":"SMITH"},{"floor":15,"key":"REST"}],"neow_cost":"TEN_PERCENT_HP_LOSS","seed_source_timestamp":754797282937873,"circlet_count":0,"master_deck":["Strike_R","Strike_R","Strike_R","Defend_R","Defend_R","Defend_R","Defend_R","Bash","Double Tap","Heavy Blade+1","Flex","Dropkick","Rampage","Shrug It Off"],"relics":["Burning Blood","Bird Faced Urn","Charon\u0027s Ashes","Dream Catcher"],"potions_floor_usage":[16,16],"damage_taken":[{"damage":4,"enemies":"Jaw Worm","floor":1,"turns":4},{"damage":5,"enemies":"Small Slimes","floor":5,"turns":3},{"damage":40,"enemies":"Gremlin Nob","floor":6,"turns":5},{"damage":7,"enemies":"2 Louse","floor":7,"turns":2},{"damage":23,"enemies":"Lots of Slimes","floor":10,"turns":5},{"damage":12,"enemies":"Looter","floor":11,"turns":3},{"damage":39,"enemies":"The Guardian","floor":16,"turns":8}],"seed_played":"531525492290974737","potions_obtained":[{"floor":5,"key":"EssenceOfSteel"},{"floor":6,"key":"Ancient Potion"},{"floor":11,"key":"LiquidBronze"}],"is_trial":false,"path_per_floor":["M","$","?","$","M","E","M","R","T","M","M","?","?","$","R"],"character_chosen":"IRONCLAD","items_purchased":["Double Tap","Rampage"],"campfire_rested":1,"item_purchase_floors":[4,14],"current_hp_per_floor":[72,72,72,72,72,38,37,37,37,20,14,11,11,11,32,0],"gold":147,"neow_bonus":"TWO_FIFTY_GOLD","is_prod":false,"is_daily":false,"chose_seed":false,"campfire_upgraded":1,"win_rate":0,"timestamp":1540394816,"path_taken":["M","$","?","$","M","E","M","R","T","?","M","?","?","$","R","BOSS"],"build_version":"2018-10-18","purchased_purges":3,"victory":false,"max_hp_per_floor":[72,72,72,72,72,72,72,72,72,72,72,72,72,72,72,72],"card_choices":[{"not_picked":["Iron Wave","Anger","Clash"],"picked":"SKIP","floor":1},{"not_picked":["Flame Barrier","Feel No Pain","Twin Strike"],"picked":"SKIP","floor":5},{"not_picked":["Flame Barrier","Feel No Pain","Twin Strike"],"picked":"SKIP","floor":5},{"not_picked":["Carnage","Feed"],"picked":"Heavy Blade","floor":6},{"not_picked":["Entrench","Wild Strike"],"picked":"Flex","floor":7},{"not_picked":["Pommel Strike","Anger"],"picked":"Dropkick","floor":10},{"not_picked":["Wild Strike","Clothesline","Anger"],"picked":"SKIP","floor":11},{"not_picked":["Fire Breathing","Wild Strike"],"picked":"Shrug It Off","floor":15}],"player_experience":227668,"relics_obtained":[{"floor":6,"key":"Bird Faced Urn"},{"floor":9,"key":"Charon\u0027s Ashes"}],"event_choices":[{"damage_healed":0,"gold_gain":175,"player_choice":"AGREE","damage_taken":0,"max_hp_gain":0,"max_hp_loss":0,"event_name":"Liars Game","floor":3,"gold_loss":0,"cards_obtained":["Doubt"]},{"damage_healed":0,"gold_gain":0,"player_choice":"Success","damage_taken":3,"relics_obtained":["Dream Catcher"],"max_hp_gain":0,"max_hp_loss":0,"event_name":"Scrap Ooze","floor":12,"gold_loss":0},{"damage_healed":0,"gold_gain":0,"player_choice":"Left Gold","damage_taken":0,"max_hp_gain":0,"max_hp_loss":0,"event_name":"World of Goop","floor":13,"gold_loss":21}],"is_beta":false,"boss_relics":[],"items_purged_floors":[2,4,14],"is_endless":false,"potions_floor_spawned":[5,6,11],"killed_by":"The Guardian","ascension_level":4}