{"gold_per_floor":[215,215,27,38,113,113,143,143,170,183,183,216,216,235,235,309,309,268,268,287,212,212,212,239,239,265,265,25,25,54,54,54,128,128,147,50,62,62,62,94,113,113,139,139,159,34,53,53,53,53],"floor_reached":50,"playtime":3167,"items_purged":["Strike_R","Dark Embrace","Strike_R"],"score":1028,"play_id":"6d4301cf-0598-4538-aaf1-73034f9bfb0f","local_time":"20190222175215","is_ascension_mode":true,"campfire_choices":[{"data":"Apotheosis","floor":6,"key":"SMITH"},{"data":"Disarm","floor":8,"key":"SMITH"},{"data":"True Grit","floor":11,"key":"SMITH"},{"data":"Warcry","floor":13,"key":"SMITH"},{"data":"Intimidate","floor":15,"key":"SMITH"},{"data":"Ghostly","floor":23,"key":"SMITH"},{"data":"Ghostly","floor":25,"key":"SMITH"},{"data":"Ghostly","floor":27,"key":"SMITH"},{"data":"Shockwave","floor":32,"key":"SMITH"},{"floor":42,"key":"RECALL"},{"data":"Power Through","floor":44,"key":"SMITH"},{"data":"Panacea","floor":49,"key":"SMITH"}],"neow_cost":"NONE","seed_source_timestamp":282341403337245,"circlet_count":0,"master_deck":["AscendersBane","Defend_R","Defend_R","Defend_R","Bash","Disarm+1","Apotheosis+1","Body Slam","Warcry+1","True Grit+1","Anger+1","Body Slam+1","Cleave","Intimidate+1","Ghostly+1","Ghostly+1","Ghostly+1","Reaper","True Grit","Flame Barrier","Thunderclap","Shockwave+1","Power Through+1","Body Slam","Exhume+1","Flame Barrier+1","Power Through+1","Panacea+1","Combust"],"relics":["Burning Blood","Prayer Wheel","Bag of Preparation","Red Skull","Runic Pyramid","Letter Opener","Whetstone","Gremlin Horn","Velvet Choker","Darkstone Periapt"],"potions_floor_usage":[12,20,24,30,31,50,50],"damage_taken":[{"damage":4,"enemies":"2 Louse","floor":1,"turns":4},{"damage":12,"enemies":"Jaw Worm","floor":4,"turns":4},{"damage":7,"enemies":"Lagavulin","floor":7,"turns":8},{"damage":1,"enemies":"Small Slimes","floor":10,"turns":4},{"damage":5,"enemies":"Gremlin Nob","floor":12,"turns":3},{"damage":0,"enemies":"Looter","floor":14,"turns":2},{"damage":26,"enemies":"The Guardian","floor":16,"turns":14},{"damage":29,"enemies":"2 Thieves","floor":18,"turns":5},{"damage":19,"enemies":"3 Byrds","floor":20,"turns":7},{"damage":29,"enemies":"Slavers","floor":24,"turns":7},{"damage":6,"enemies":"Book of Stabbing","floor":30,"turns":7},{"damage":0,"enemies":"Shelled Parasite and Fungi","floor":31,"turns":1},{"damage":9,"enemies":"Automaton","floor":33,"turns":12},{"damage":1,"enemies":"3 Shapes","floor":35,"turns":4},{"damage":3,"enemies":"3 Darklings","floor":37,"turns":6},{"damage":6,"enemies":"Reptomancer","floor":40,"turns":8},{"damage":23,"enemies":"Transient","floor":41,"turns":6},{"damage":25,"enemies":"4 Shapes","floor":45,"turns":5},{"damage":2,"enemies":"Spire Growth","floor":47,"turns":9},{"damage":56,"enemies":"Time Eater","floor":50,"turns":16}],"seed_played":"-6702939476548449592","potions_obtained":[{"floor":1,"key":"Poison Potion"},{"floor":7,"key":"BloodPotion"},{"floor":16,"key":"EssenceOfSteel"},{"floor":20,"key":"SteroidPotion"},{"floor":30,"key":"SmokeBomb"},{"floor":37,"key":"Weak Potion"},{"floor":47,"key":"SpeedPotion"}],"is_trial":false,"path_per_floor":["M","?","$","M","?","R","E","R","T","M","R","E","R","M","R","B",null,"M","?","M","$","?","R","E","R","T","R","$","?","E","M","R","B",null,"M","$","M","?","?","E","M","R","T","R","M","$","M","?","R","B"],"character_chosen":"IRONCLAD","items_purchased":["Apotheosis","Power Through","SteroidPotion","Panacea"],"campfire_rested":0,"item_purchase_floors":[3,28,28,36],"current_hp_per_floor":[70,70,70,64,53,53,52,52,52,57,57,58,58,64,64,44,67,44,37,24,24,24,24,19,19,19,19,19,26,29,35,35,37,37,37,37,37,37,37,37,32,32,32,32,37,37,37,37,37,0],"gold":53,"neow_bonus":"HUNDRED_GOLD","is_prod":false,"is_daily":false,"chose_seed":false,"campfire_upgraded":11,"win_rate":0,"timestamp":1550875935,"path_taken":["M","?","$","M","?","R","E","R","T","M","R","E","R","M","R","BOSS","M","?","M","$","?","R","E","R","T","R","?","?","E","M","R","BOSS","M","$","M","?","?","E","M","R","T","R","?","$","M","?","R","BOSS"],"build_version":"2019-01-23","purchased_purges":3,"victory":false,"max_hp_per_floor":[75,75,75,75,75,75,75,75,75,75,75,75,75,75,75,75,75,75,37,37,37,37,37,37,37,37,37,37,37,37,37,37,37,37,37,37,37,37,37,37,37,37,37,37,37,37,37,37,37,37],"card_choices":[{"not_picked":["Iron Wave","Reckless Charge"],"picked":"Disarm","floor":1},{"not_picked":["Clash","Infernal Blade"],"picked":"Body Slam","floor":4},{"not_picked":["Clash","Reckless Charge"],"picked":"Warcry","floor":7},{"not_picked":["Warcry","Wild Strike"],"picked":"True Grit","floor":10},{"not_picked":["Perfected Strike","Flex"],"picked":"Anger","floor":10},{"not_picked":["Iron Wave","Headbutt"],"picked":"Body Slam","floor":12},{"not_picked":["Warcry","Anger"],"picked":"Cleave","floor":14},{"not_picked":["Armaments","Clothesline"],"picked":"Intimidate","floor":14},{"not_picked":["Offering","Juggernaut"],"picked":"Dark Embrace","floor":16},{"not_picked":["Wild Strike","Infernal Blade","Headbutt"],"picked":"SKIP","floor":18},{"not_picked":["Perfected Strike","Flex+1","Wild Strike"],"picked":"SKIP","floor":18},{"not_picked":["Rampage","Clothesline"],"picked":"Reaper","floor":20},{"not_picked":["Clash+1","Headbutt"],"picked":"True Grit","floor":20},{"not_picked":["Clash","Battle Trance"],"picked":"Shockwave","floor":24},{"not_picked":["Seeing Red","Blood for Blood"],"picked":"Body Slam","floor":30},{"not_picked":["Bludgeon","Brutality"],"picked":"Exhume","floor":33},{"not_picked":["Cleave","Perfected Strike+1"],"picked":"Flame Barrier+1","floor":35},{"not_picked":["Rage","Second Wind"],"picked":"Power Through+1","floor":35},{"not_picked":["Heavy Blade+1","Whirlwind+1","Shrug It Off"],"picked":"SKIP","floor":37},{"not_picked":["Warcry","Iron Wave","Reaper"],"picked":"SKIP","floor":37},{"not_picked":["Clash","Headbutt","Anger"],"picked":"SKIP","floor":40},{"not_picked":["Thunderclap","Pummel","Ghostly Armor"],"picked":"SKIP","floor":41},{"not_picked":["True Grit","Reckless Charge","Wild Strike"],"picked":"SKIP","floor":41},{"not_picked":["Clash","Searing Blow","Thunderclap"],"picked":"SKIP","floor":45},{"not_picked":["Hemokinesis","Rampage","Dark Embrace"],"picked":"SKIP","floor":45},{"not_picked":["Twin Strike","Warcry","Headbutt"],"picked":"SKIP","floor":47},{"not_picked":["Sword Boomerang+1","Shrug It Off","Cleave"],"picked":"SKIP","floor":47}],"player_experience":833741,"relics_obtained":[{"floor":7,"key":"Prayer Wheel"},{"floor":9,"key":"Bag of Preparation"},{"floor":12,"key":"Red Skull"},{"floor":24,"key":"Letter Opener"},{"floor":26,"key":"Whetstone"},{"floor":30,"key":"Gremlin Horn"},{"floor":40,"key":"Darkstone Periapt"}],"event_choices":[{"cards_removed":["Strike_R"],"damage_healed":0,"gold_gain":0,"player_choice":"Forget","damage_taken":0,"max_hp_gain":0,"max_hp_loss":0,"event_name":"Living Wall","floor":2,"gold_loss":0},{"damage_healed":0,"gold_gain":75,"player_choice":"Gather Gold","damage_taken":11,"max_hp_gain":0,"max_hp_loss":0,"event_name":"World of Goop","floor":5,"gold_loss":0},{"damage_healed":0,"gold_gain":0,"player_choice":"Became a Ghost","damage_taken":0,"max_hp_gain":0,"max_hp_loss":38,"event_name":"Ghosts","floor":19,"gold_loss":0,"cards_obtained":["Ghostly","Ghostly","Ghostly"]},{"damage_healed":0,"gold_gain":0,"cards_transformed":["Strike_R","Strike_R"],"player_choice":"Became Test Subject","damage_taken":0,"max_hp_gain":0,"max_hp_loss":0,"event_name":"Drug Dealer","floor":22,"gold_loss":0,"cards_obtained":["Flame Barrier","Thunderclap"]},{"damage_healed":7,"gold_gain":0,"player_choice":"Heal","damage_taken":0,"max_hp_gain":0,"max_hp_loss":0,"event_name":"The Library","floor":29,"gold_loss":0},{"damage_healed":0,"gold_gain":0,"player_choice":"Ignored","damage_taken":0,"max_hp_gain":0,"max_hp_loss":0,"event_name":"Mysterious Sphere","floor":38,"gold_loss":0},{"damage_healed":0,"gold_gain":0,"player_choice":"Forge","damage_taken":0,"max_hp_gain":0,"max_hp_loss":0,"event_name":"Accursed Blacksmith","floor":39,"gold_loss":0,"cards_upgraded":["Exhume"]},{"damage_healed":0,"gold_gain":0,"cards_transformed":["Defend_R"],"player_choice":"Transformed","damage_taken":0,"max_hp_gain":0,"max_hp_loss":0,"event_name":"Transmorgrifier","floor":48,"gold_loss":0,"cards_obtained":["Combust"]}],"is_beta":false,"boss_relics":[{"not_picked":["Fusion Hammer","Astrolabe"],"picked":"Runic Pyramid"},{"not_picked":["Philosopher\u0027s Stone","Lizard Tail"],"picked":"Velvet Choker"}],"items_purged_floors":[21,28,46],"is_endless":false,"potions_floor_spawned":[1,7,16,20,30,37,47],"killed_by":"Time Eater","ascension_level":20}