{"gold_per_floor":[117,128,128,15,15,43,43,68,93,93,107,132,147,4,4,109,109,128,158,158,73,85,85,115,132,132,152,152,189,211,123,123,224,224,242,14,289,302,7,7,18,29,29,43,59,114,114,128,128,128],"floor_reached":51,"playtime":7575,"items_purged":["Regret","Writhe","Regret"],"score":767,"play_id":"ac483bea-0935-42fa-9760-354d5a07b7c4","local_time":"20190305180352","is_ascension_mode":true,"campfire_choices":[{"data":"Neutralize","floor":7.0,"key":"SMITH"},{"floor":10.0,"key":"REST"},{"data":"Leg Sweep","floor":15.0,"key":"SMITH"},{"data":"Finisher","floor":23,"key":"SMITH"},{"data":"Blur","floor":32,"key":"SMITH"},{"floor":40,"key":"REST"},{"floor":47,"key":"DIG"},{"floor":49,"key":"DIG"}],"neow_cost":"NONE","seed_source_timestamp":0,"circlet_count":0,"master_deck":["Defend_G+1","Defend_G+1","Defend_G+1","Defend_G+1","Defend_G+1","Strike_G+1","Strike_G+1","Strike_G+1","Strike_G+1","Survivor+1","Neutralize+1","Well Laid Plans","Deflect","Caltrops","Finisher+1","Corpse Explosion","Backstab","Leg Sweep+1","Dagger Spray","Night Terror","Flying Knee","Blur+1","Quick Slash","Dagger Spray","Eviscerate","Backflip","Predator+1","Skewer+1","Malaise","Footwork","Cloak And Dagger","Glass Knife+1","Acrobatics+1","Dash+1","Bouncing Flask+1","Dash+1","Bouncing Flask+1"],"special_seed":0,"relics":["Ring of the Snake","NeowsBlessing","War Paint","Ornamental Fan","Torii","Bronze Scales","Tingsha","Blood Vial","Snecko Eye","Red Mask","Regal Pillow","Art of War","Molten Egg 2","MawBank","Gremlin Horn","Fusion Hammer","Sling","Membership Card","Question Card","Shovel","FossilizedHelix","Kunai"],"potions_floor_usage":[27,41,41,50,50,50],"damage_taken":[{"damage":0.0,"enemies":"Cultist","floor":1.0,"turns":1.0},{"damage":0.0,"enemies":"Jaw Worm","floor":2.0,"turns":1.0},{"damage":0.0,"enemies":"Lagavulin","floor":6.0,"turns":1.0},{"damage":22.0,"enemies":"Gremlin Nob","floor":8.0,"turns":6.0},{"damage":0.0,"enemies":"2 Louse","floor":11.0,"turns":3.0},{"damage":2.0,"enemies":"Lagavulin","floor":12.0,"turns":6.0},{"damage":1.0,"enemies":"Exordium Wildlife","floor":13.0,"turns":3.0},{"damage":10.0,"enemies":"Hexaghost","floor":16.0,"turns":11.0},{"damage":0,"enemies":"Chosen","floor":18,"turns":4},{"damage":1,"enemies":"Masked Bandits","floor":19,"turns":2},{"damage":1,"enemies":"3 Byrds","floor":22,"turns":4},{"damage":1,"enemies":"Gremlin Leader","floor":24,"turns":3},{"damage":0,"enemies":"Snake Plant","floor":25,"turns":5},{"damage":12,"enemies":"Sentry and Sphere","floor":27,"turns":5},{"damage":0,"enemies":"Book of Stabbing","floor":29,"turns":4},{"damage":0,"enemies":"Snecko","floor":30,"turns":5},{"damage":19,"enemies":"Collector","floor":33,"turns":9},{"damage":4,"enemies":"3 Shapes","floor":35,"turns":2},{"damage":6,"enemies":"Orb Walker","floor":38,"turns":3},{"damage":3,"enemies":"Sphere and 2 Shapes","floor":41,"turns":5},{"damage":0,"enemies":"4 Shapes","floor":42,"turns":2},{"damage":9,"enemies":"Spire Growth","floor":44,"turns":5},{"damage":2,"enemies":"Jaw Worm Horde","floor":45,"turns":5},{"damage":0,"enemies":"2 Orb Walkers","floor":46,"turns":2},{"damage":0,"enemies":"3 Darklings","floor":48,"turns":4},{"damage":20,"enemies":"Awakened One","floor":50,"turns":11}],"seed_played":"-6569191569554627869","potions_obtained":[{"floor":11.0,"key":"LiquidBronze"},{"floor":12.0,"key":"GhostInAJar"},{"floor":16.0,"key":"GamblersBrew"},{"floor":18,"key":"SkillPotion"},{"floor":33,"key":"EssenceOfSteel"},{"floor":35,"key":"Swift Potion"},{"floor":46,"key":"Poison Potion"},{"floor":48,"key":"FearPotion"}],"is_trial":false,"path_per_floor":["M","M","?","$","?","E","R","E","T","R","M","E","M","$","R","B",null,"M","?","?","?","M","R","E","M","T","M","?","E","M","$","R","B",null,"M","$","?","M","$","R","M","M","T","M","M","?","R","M","R","B",null],"character_chosen":"THE_SILENT","items_purchased":["Caltrops","Blood Vial","Sling","Cloak And Dagger","Membership Card","Glass Knife+1"],"campfire_rested":2,"item_purchase_floors":[4,14,36,36,39,39],"current_hp_per_floor":[70,70,70,70,63,63,63,41,41,62,62,60,59,59,59,51,70,70,69,69,69,69,69,69,70,70,58,58,60,62,62,62,45,70,66,66,66,62,62,70,67,69,69,61,61,63,63,65,65,47],"gold":128,"neow_bonus":"THREE_ENEMY_KILL","is_prod":false,"is_daily":false,"chose_seed":false,"campfire_upgraded":4,"win_rate":0,"timestamp":1551805432,"path_taken":["M","?","?","$","?","E","R","E","T","R","M","E","M","?","R","BOSS","M","?","?","?","?","R","E","M","T","M","?","E","M","$","R","BOSS","M","$","?","?","$","R","M","M","T","M","M","?","R","M","R","BOSS"],"build_version":"2019-01-23","purchased_purges":3,"victory":true,"max_hp_per_floor":[70,70,70,70,70,70,70,70,70,70,70,70,70,70,70,70,70,70,70,70,70,70,70,70,70,70,70,70,70,70,70,70,70,70,70,70,70,70,70,70,70,70,70,70,70,70,70,70,70,70],"card_choices":[{"not_picked":["Underhanded Strike","Poisoned Stab"],"picked":"Well Laid Plans","floor":1.0},{"not_picked":["Reflex","Catalyst"],"picked":"Deflect","floor":2.0},{"not_picked":["Escape Plan","Deflect"],"picked":"Finisher","floor":6.0},{"not_picked":["Dagger Throw","Bane"],"picked":"Corpse Explosion","floor":8.0},{"not_picked":["Sucker Punch","Flying Knee"],"picked":"Backstab","floor":11.0},{"not_picked":["Venomology","Underhanded Strike"],"picked":"Leg Sweep","floor":12.0},{"not_picked":["Terror","Bane"],"picked":"Dagger Spray","floor":13.0},{"not_picked":["Burst","Unload"],"picked":"Night Terror","floor":16.0},{"not_picked":["All Out Attack","Bouncing Flask"],"picked":"Flying Knee","floor":18},{"not_picked":["Finisher","Quick Slash"],"picked":"Blur","floor":19},{"not_picked":["Acrobatics","Phantasmal Killer"],"picked":"Quick Slash","floor":22},{"not_picked":["Tools of the Trade","Deadly Poison"],"picked":"Dagger Spray","floor":24},{"not_picked":["Underhanded Strike","Dagger Spray+1"],"picked":"Eviscerate","floor":25},{"not_picked":["Dagger Spray+1","All Out Attack+1"],"picked":"Backflip","floor":27},{"not_picked":["Skewer+1","Prepared"],"picked":"Predator+1","floor":29},{"not_picked":["Poisoned Stab+1","Slice+1"],"picked":"Skewer+1","floor":30},{"not_picked":["Wraith Form v2","Burst"],"picked":"Malaise","floor":33},{"not_picked":["Dagger Throw+1","Poisoned Stab+1"],"picked":"Footwork","floor":35},{"not_picked":["Slice+1","Poisoned Stab+1","PiercingWail"],"picked":"SKIP","floor":38},{"not_picked":["Outmaneuver+1","Bane+1"],"picked":"Acrobatics+1","floor":41},{"not_picked":["Footwork","Caltrops"],"picked":"Dash+1","floor":42},{"not_picked":["Finisher+1","Underhanded Strike+1","Infinite Blades"],"picked":"Bouncing Flask+1","floor":44},{"not_picked":["Deflect+1","Slice+1","Crippling Poison"],"picked":"Dash+1","floor":45},{"not_picked":["Choke+1","Catalyst+1","Well Laid Plans+1"],"picked":"Bouncing Flask+1","floor":46},{"not_picked":["Escape Plan","Deflect+1","Poisoned Stab+1","Catalyst+1"],"picked":"SKIP","floor":48}],"player_experience":97057,"relics_obtained":[{"floor":6.0,"key":"Ornamental Fan"},{"floor":8.0,"key":"Torii"},{"floor":9.0,"key":"Bronze Scales"},{"floor":12.0,"key":"Tingsha"},{"floor":19,"key":"Red Mask"},{"floor":24,"key":"Art of War"},{"floor":26,"key":"Molten Egg 2"},{"floor":29,"key":"Gremlin Horn"},{"floor":43,"key":"Question Card"},{"floor":46,"key":"Shovel"},{"floor":47,"key":"FossilizedHelix"},{"floor":49,"key":"Kunai"}],"event_choices":[{"damage_healed":0.0,"max_hp_gain":0.0,"max_hp_loss":0.0,"gold_gain":0.0,"event_name":"Big Fish","player_choice":"Box","floor":3.0,"gold_loss":0.0,"damage_taken":0.0,"relics_obtained":["War Paint"],"cards_obtained":["Regret"]},{"cards_removed":["Strike_G"],"damage_healed":0.0,"max_hp_gain":0.0,"max_hp_loss":0.0,"gold_gain":0.0,"event_name":"Golden Wing","player_choice":"Card Removal","floor":5.0,"gold_loss":0.0,"damage_taken":7.0},{"damage_healed":0,"gold_gain":0,"player_choice":"Fought Bandits","damage_taken":0,"max_hp_gain":0,"max_hp_loss":0,"event_name":"Masked Bandits","floor":19,"gold_loss":0},{"damage_healed":0,"gold_gain":0,"player_choice":"Simplicity","damage_taken":0,"max_hp_gain":0,"max_hp_loss":0,"event_name":"Back to Basics","floor":20,"gold_loss":0,"cards_upgraded":["Defend_G","Defend_G","Defend_G","Defend_G","Strike_G","Strike_G","Strike_G","Strike_G"]},{"damage_healed":0,"gold_gain":0,"player_choice":"Obtained Relic","damage_taken":0,"relics_obtained":["Regal Pillow"],"max_hp_gain":0,"max_hp_loss":0,"event_name":"Addict","floor":21,"gold_loss":85},{"damage_healed":0,"gold_gain":0,"player_choice":"Opened","damage_taken":0,"relics_obtained":["MawBank"],"max_hp_gain":0,"max_hp_loss":0,"event_name":"The Mausoleum","floor":28,"gold_loss":0,"cards_obtained":["Writhe"]},{"damage_healed":0,"gold_gain":275,"player_choice":"Desecrate","damage_taken":0,"max_hp_gain":0,"max_hp_loss":0,"event_name":"Golden Shrine","floor":37,"gold_loss":0,"cards_obtained":["Regret"]},{"damage_healed":0,"gold_gain":0,"player_choice":"Fight","damage_taken":0,"max_hp_gain":0,"max_hp_loss":0,"event_name":"Mysterious Sphere","floor":46,"gold_loss":0}],"is_beta":false,"boss_relics":[{"not_picked":["Ectoplasm","Lizard Tail"],"picked":"Snecko Eye"},{"not_picked":["White Beast Statue","Calling Bell"],"picked":"Fusion Hammer"}],"items_purged_floors":[4,31,39],"is_endless":false,"potions_floor_spawned":[11,12,16,18,33,35,46,48],"ascension_level":1}