{"gold_per_floor":[116,116,137,7,25,58,58,101,101,145,104,104,122,156,156,251,251,271,294,294,29,48,48,48],"floor_reached":24,"playtime":1297,"items_purged":["Strike_R"],"score":437,"play_id":"adf1add2-0332-42b8-8025-e2f72fbee7f4","local_time":"20190130195312","is_ascension_mode":true,"campfire_choices":[{"data":"Perfected Strike","floor":7,"key":"SMITH"},{"data":"Double Tap","floor":15,"key":"SMITH"},{"floor":23,"key":"REST"}],"neow_cost":"NONE","seed_source_timestamp":1106216258817791,"circlet_count":0,"master_deck":["AscendersBane","Strike_R","Strike_R","Strike_R","Defend_R","Defend_R","Defend_R","Defend_R","Bash","Shrug It Off","Headbutt","Perfected Strike+1","Double Tap+1","Spot Weakness","Fiend Fire","Cleave","Bludgeon","Ghostly Armor+1","Clothesline+1","Twin Strike"],"relics":["Velvet Choker","Golden Idol","Strawberry","Peace Pipe","Pantograph","Self Forming Clay","Sundial","Philosopher\u0027s Stone","Shuriken"],"potions_floor_usage":[6,8,14,16,16,19],"damage_taken":[{"damage":0,"enemies":"2 Louse","floor":1,"turns":3},{"damage":0,"enemies":"Cultist","floor":3,"turns":3},{"damage":4,"enemies":"Jaw Worm","floor":5,"turns":3},{"damage":19,"enemies":"3 Sentries","floor":6,"turns":7},{"damage":27,"enemies":"Lagavulin","floor":8,"turns":4},{"damage":3,"enemies":"Gremlin Nob","floor":10,"turns":3},{"damage":13,"enemies":"Blue Slaver","floor":13,"turns":4},{"damage":10,"enemies":"3 Sentries","floor":14,"turns":4},{"damage":20,"enemies":"Slime Boss","floor":16,"turns":7},{"damage":32,"enemies":"3 Byrds","floor":18,"turns":4},{"damage":10,"enemies":"Chosen","floor":19,"turns":4},{"damage":15,"enemies":"Colosseum Slavers","floor":20,"turns":4},{"damage":0,"enemies":"Centurion and Healer","floor":22,"turns":4},{"damage":38,"enemies":"Gremlin Leader","floor":24,"turns":4}],"seed_played":"-44164504451114129","potions_obtained":[{"floor":3,"key":"Poison Potion"},{"floor":6,"key":"BloodPotion"},{"floor":10,"key":"Explosive Potion"},{"floor":13,"key":"SneckoOil"},{"floor":14,"key":"Fire Potion"},{"floor":18,"key":"BloodPotion"}],"is_trial":false,"path_per_floor":["M","?","M","$","M","E","R","E","T","E","?","?","M","E","R","B",null,"M","M","?","$","M","R","E"],"character_chosen":"IRONCLAD","items_purchased":["Perfected Strike","Shuriken"],"campfire_rested":1,"item_purchase_floors":[4,21],"current_hp_per_floor":[68,68,68,68,64,52,52,32,32,29,29,29,16,6,6,11,59,27,24,9,9,9,31,0],"gold":48,"neow_bonus":"BOSS_RELIC","is_prod":false,"is_daily":false,"chose_seed":false,"campfire_upgraded":2,"win_rate":0,"timestamp":1548895992,"path_taken":["M","?","M","$","M","E","R","E","T","E","?","?","?","E","R","BOSS","M","M","?","$","M","R","E"],"build_version":"2019-01-23","purchased_purges":1,"victory":false,"max_hp_per_floor":[75,68,68,68,68,75,75,75,75,75,75,75,75,75,75,75,75,75,75,75,75,75,75,75],"card_choices":[{"not_picked":["Blood for Blood","Iron Wave"],"picked":"Shrug It Off","floor":1},{"not_picked":["Feel No Pain","Heavy Blade"],"picked":"Headbutt","floor":3},{"not_picked":["Thunderclap","Dropkick","Blood for Blood"],"picked":"SKIP","floor":5},{"not_picked":["Sword Boomerang","Shrug It Off"],"picked":"Double Tap","floor":6},{"not_picked":["Flame Barrier","Sever Soul"],"picked":"Spot Weakness","floor":8},{"not_picked":["Anger","Blood for Blood","Body Slam"],"picked":"SKIP","floor":10},{"not_picked":["Dropkick","Sever Soul","Infernal Blade"],"picked":"SKIP","floor":13},{"not_picked":["Thunderclap","Blood for Blood"],"picked":"Cleave","floor":14},{"not_picked":["Juggernaut","Fiend Fire"],"picked":"Bludgeon","floor":16},{"not_picked":["Sentinel","Wild Strike"],"picked":"Ghostly Armor+1","floor":18},{"not_picked":["Twin Strike","Sever Soul"],"picked":"Clothesline+1","floor":19},{"not_picked":["Heavy Blade","Flex+1"],"picked":"Twin Strike","floor":22}],"player_experience":587686,"relics_obtained":[{"floor":6,"key":"Strawberry"},{"floor":8,"key":"Peace Pipe"},{"floor":9,"key":"Pantograph"},{"floor":10,"key":"Self Forming Clay"},{"floor":14,"key":"Sundial"}],"event_choices":[{"damage_healed":0,"gold_gain":0,"player_choice":"Lose Max HP","damage_taken":0,"relics_obtained":["Golden Idol"],"max_hp_gain":0,"max_hp_loss":7,"event_name":"Golden Idol","floor":2,"gold_loss":0},{"damage_healed":0,"gold_gain":0,"player_choice":"Left Gold","damage_taken":0,"max_hp_gain":0,"max_hp_loss":0,"event_name":"World of Goop","floor":11,"gold_loss":41},{"damage_healed":0,"gold_gain":0,"cards_transformed":["Strike_R"],"player_choice":"Transformed","damage_taken":0,"max_hp_gain":0,"max_hp_loss":0,"event_name":"Transmorgrifier","floor":12,"gold_loss":0,"cards_obtained":["Fiend Fire"]},{"damage_healed":0,"gold_gain":0,"player_choice":"Fight","damage_taken":0,"max_hp_gain":0,"max_hp_loss":0,"event_name":"Colosseum","floor":20,"gold_loss":0},{"damage_healed":0,"gold_gain":0,"player_choice":"Fled From Nobs","damage_taken":0,"max_hp_gain":0,"max_hp_loss":0,"event_name":"Colosseum","floor":20,"gold_loss":0}],"is_beta":false,"boss_relics":[{"not_picked":["Snecko Eye","White Beast Statue"],"picked":"Philosopher\u0027s Stone"}],"items_purged_floors":[4],"is_endless":false,"potions_floor_spawned":[3,6,10,13,14,18,20],"killed_by":"Gremlin Leader","ascension_level":19}