{"gold_per_floor":[361,35,35,49,69,69,244,244,244,244,260,145,160,192,192,297,297,313,313,313,328,345,345,31,45,69,69,34,34,60,74,74,173,173,193,213,213,123,140,140,169,169,169,169,189,222,238,252,252,252],"floor_reached":51,"playtime":3166,"items_purged":["Doubt"],"score":857,"play_id":"ddde06a3-3656-4de6-8137-cff7759b69f7","local_time":"20190206084819","is_ascension_mode":true,"campfire_choices":[{"data":"Glacier","floor":6.0,"key":"SMITH"},{"data":"Zap","floor":8.0,"key":"SMITH"},{"data":"Dualcast","floor":10.0,"key":"SMITH"},{"data":"Conserve Battery","floor":15.0,"key":"SMITH"},{"floor":23.0,"key":"RECALL"},{"data":"Chill","floor":27.0,"key":"SMITH"},{"floor":32.0,"key":"REST"},{"data":"Apotheosis","floor":40.0,"key":"SMITH"},{"data":"Blizzard","floor":42.0,"key":"SMITH"},{"data":"Capacitor","floor":44,"key":"SMITH"},{"floor":49,"key":"REST"}],"neow_cost":"CURSE","seed_source_timestamp":0,"circlet_count":0,"master_deck":["Strike_B","Strike_B","Strike_B","Defend_B","Defend_B","Defend_B+1","Defend_B","Zap+1","Dualcast+1","Conserve Battery+1","Chill+1","Blizzard+1","Glacier+1","Conserve Battery","Blizzard","Loop","Capacitor+1","Glacier+1","Cold Snap+1","Go for the Eyes+1","Apotheosis+1","Cold Snap+1"],"special_seed":0,"relics":["Cracked Core","Membership Card","Oddly Smooth Stone","Mercury Hourglass","Omamori","Cables","Eternal Feather","Enchiridion","Ice Cream","StoneCalendar","Vajra","Lantern","White Beast Statue","Centennial Puzzle","DataDisk"],"potions_floor_usage":[46,46,46,47,48,50,50,50],"damage_taken":[{"damage":1.0,"enemies":"Cultist","floor":1.0,"turns":3.0},{"damage":10.0,"enemies":"Small Slimes","floor":4.0,"turns":3.0},{"damage":0.0,"enemies":"Jaw Worm","floor":5.0,"turns":4.0},{"damage":0.0,"enemies":"Looter","floor":11.0,"turns":4.0},{"damage":2.0,"enemies":"Large Slime","floor":13.0,"turns":6.0},{"damage":13.0,"enemies":"Gremlin Nob","floor":14.0,"turns":5.0},{"damage":4.0,"enemies":"The Guardian","floor":16.0,"turns":12.0},{"damage":6.0,"enemies":"Chosen","floor":18.0,"turns":6.0},{"damage":3.0,"enemies":"Shell Parasite","floor":21.0,"turns":7.0},{"damage":0.0,"enemies":"3 Cultists","floor":22.0,"turns":4.0},{"damage":6.0,"enemies":"Chosen and Byrds","floor":25.0,"turns":6.0},{"damage":21.0,"enemies":"Book of Stabbing","floor":30.0,"turns":7.0},{"damage":20.0,"enemies":"Cultist and Chosen","floor":31.0,"turns":7.0},{"damage":15.0,"enemies":"Champ","floor":33.0,"turns":16.0},{"damage":9.0,"enemies":"Orb Walker","floor":35.0,"turns":5.0},{"damage":18.0,"enemies":"3 Darklings","floor":36.0,"turns":5.0},{"damage":12.0,"enemies":"Maw","floor":39.0,"turns":9.0},{"damage":13.0,"enemies":"Nemesis","floor":41.0,"turns":7.0},{"damage":27,"enemies":"Jaw Worm Horde","floor":45,"turns":4},{"damage":0,"enemies":"Giant Head","floor":46,"turns":11},{"damage":0,"enemies":"4 Shapes","floor":47,"turns":3},{"damage":7,"enemies":"Spire Growth","floor":48,"turns":6},{"damage":4,"enemies":"Time Eater","floor":50,"turns":12}],"seed_played":"6398103503953125973","potions_obtained":[{"floor":1.0,"key":"Ancient Potion"},{"floor":5.0,"key":"Strength Potion"},{"floor":16.0,"key":"SkillPotion"},{"floor":18.0,"key":"SkillPotion"},{"floor":33.0,"key":"Poison Potion"},{"floor":35.0,"key":"FocusPotion"},{"floor":36.0,"key":"FocusPotion"},{"floor":39.0,"key":"EntropicBrew"},{"floor":46,"key":"Regen Potion"},{"floor":47,"key":"Swift Potion"},{"floor":48,"key":"Strength Potion"}],"is_trial":false,"path_per_floor":["M","$","?","M","M","R","?","R","T","R","M","$","M","E","R","B",null,"M","?","?","M","M","R","$","M","T","R","$","?","E","M","R","B",null,"M","M","?","?","M","R","E","R","T","R","M","E","M","M","R","B",null],"character_chosen":"DEFECT","items_purchased":["Membership Card","Oddly Smooth Stone","Chill","Blizzard","Omamori","Ice Cream","StoneCalendar","Loop","Capacitor"],"campfire_rested":2,"item_purchase_floors":[2,2,2,2,12,24,24,24,28],"current_hp_per_floor":[74,74,67,57,57,57,57,57,57,57,57,57,55,42,42,38,72,66,50,50,47,47,56,56,50,50,59,59,59,38,18,48,33,72,63,45,45,45,33,45,32,44,44,56,29,29,29,37,70,66],"gold":252,"neow_bonus":"TWO_FIFTY_GOLD","is_prod":false,"is_daily":false,"chose_seed":false,"campfire_upgraded":8,"win_rate":0,"timestamp":1549471699,"path_taken":["M","$","?","M","M","R","?","R","T","R","M","?","M","E","R","BOSS","M","?","?","M","M","R","$","M","T","R","$","?","E","M","R","BOSS","M","?","?","?","?","R","E","R","T","R","M","E","M","?","R","BOSS"],"build_version":"2019-01-23","purchased_purges":1,"victory":true,"max_hp_per_floor":[75,75,72,72,72,72,72,72,72,72,72,72,72,72,72,72,72,72,72,72,72,72,72,72,72,72,72,72,72,72,72,72,72,72,72,72,72,72,72,72,72,72,72,72,72,72,72,72,72,72],"card_choices":[{"not_picked":["Leap","Go for the Eyes"],"picked":"Conserve Battery","floor":1.0},{"not_picked":["Compile Driver","Conserve Battery"],"picked":"Glacier","floor":4.0},{"not_picked":["Melter","Fission","Barrage"],"picked":"SKIP","floor":5.0},{"not_picked":["Sweeping Beam","Reprogram"],"picked":"Conserve Battery","floor":11.0},{"not_picked":["Steam","Redo"],"picked":"Blizzard","floor":13.0},{"not_picked":["Creative AI","Redo","Reprogram"],"picked":"SKIP","floor":14.0},{"not_picked":["Gash","Lockon","Ball Lightning"],"picked":"SKIP","floor":18.0},{"not_picked":["Self Repair","Rip and Tear","Fusion"],"picked":"SKIP","floor":21.0},{"not_picked":["Stack","Leap","Skim"],"picked":"SKIP","floor":22.0},{"not_picked":["Lockon","Steam","Gash"],"picked":"SKIP","floor":25.0},{"not_picked":["Ball Lightning","Chill","Buffer"],"picked":"SKIP","floor":30.0},{"not_picked":["Steam","Conserve Battery","Sweeping Beam"],"picked":"SKIP","floor":31.0},{"not_picked":["Lockon","Go for the Eyes+1"],"picked":"Cold Snap+1","floor":35.0},{"not_picked":["Barrage+1","Compile Driver"],"picked":"Go for the Eyes+1","floor":36.0},{"not_picked":["Enlightenment","Jack Of All Trades"],"picked":"Apotheosis","floor":37.0},{"not_picked":["Storm","Chill+1"],"picked":"Cold Snap+1","floor":39.0},{"not_picked":["Cold Snap","Go for the Eyes","Streamline"],"picked":"SKIP","floor":41.0},{"not_picked":["Beam Cell+1","Storm","BootSequence"],"picked":"SKIP","floor":45},{"not_picked":["Beam Cell","Gash","Turbo"],"picked":"SKIP","floor":46},{"not_picked":["Glacier","Self Repair+1","Coolheaded"],"picked":"SKIP","floor":47},{"not_picked":["Tempest","Compile Driver+1","Reprogram"],"picked":"SKIP","floor":48}],"player_experience":276320,"relics_obtained":[{"floor":9.0,"key":"Mercury Hourglass"},{"floor":14.0,"key":"Cables"},{"floor":19.0,"key":"Enchiridion"},{"floor":26.0,"key":"Vajra"},{"floor":30.0,"key":"Lantern"},{"floor":41.0,"key":"Centennial Puzzle"},{"floor":46,"key":"DataDisk"}],"event_choices":[{"cards_removed":["Parasite"],"damage_healed":0.0,"max_hp_gain":0.0,"max_hp_loss":0.0,"gold_gain":0.0,"event_name":"Golden Wing","player_choice":"Card Removal","floor":3.0,"gold_loss":0.0,"damage_taken":7.0},{"damage_healed":0.0,"max_hp_gain":0.0,"max_hp_loss":0.0,"gold_gain":175.0,"event_name":"Liars Game","player_choice":"AGREE","floor":7.0,"gold_loss":0.0,"damage_taken":0.0,"cards_obtained":["Doubt"]},{"damage_healed":0.0,"max_hp_gain":0.0,"max_hp_loss":0.0,"gold_gain":0.0,"event_name":"Cursed Tome","player_choice":"Obtained Book","floor":19.0,"gold_loss":0.0,"damage_taken":16.0},{"damage_healed":0.0,"max_hp_gain":0.0,"max_hp_loss":0.0,"gold_gain":0.0,"event_name":"Ghosts","player_choice":"Ignored","floor":20.0,"gold_loss":0.0,"damage_taken":0.0},{"damage_healed":0.0,"max_hp_gain":0.0,"max_hp_loss":0.0,"gold_gain":0.0,"event_name":"Duplicator","player_choice":"Copied","floor":29.0,"gold_loss":0.0,"damage_taken":0.0,"cards_obtained":["Glacier"]},{"damage_healed":0.0,"max_hp_gain":0.0,"max_hp_loss":0.0,"gold_gain":0.0,"event_name":"SensoryStone","player_choice":"Memory 1","floor":37.0,"gold_loss":0.0,"damage_taken":0.0},{"cards_removed":["Strike_B"],"damage_healed":0.0,"max_hp_gain":0.0,"max_hp_loss":0.0,"gold_gain":0.0,"event_name":"Designer","player_choice":"Upgrade and Remove","floor":38.0,"gold_loss":90.0,"damage_taken":0.0,"cards_upgraded":["Defend_B"]}],"is_beta":false,"boss_relics":[{"not_picked":["Snecko Eye","Pandora\u0027s Box"],"picked":"Eternal Feather"},{"not_picked":["Coffee Dripper","Velvet Choker"],"picked":"White Beast Statue"}],"items_purged_floors":[12],"is_endless":false,"potions_floor_spawned":[1,5,16,18,21,33,35,36,39,41,45,46,47,48],"ascension_level":3}