{"gold_per_floor":[116,191,191,207,10,36,36,56,134,134,34,34,34,66,66,140,140,150,150,150,25,44,44,73,73,73,85,0,15,27,27,27,101,101,117,117,128,128,146,178,178],"floor_reached":41,"playtime":2204,"items_purged":["Strike_R","Bash","Perfected Strike+1"],"score":876,"play_id":"f89bf708-af63-402e-9aad-cb27708e983c","local_time":"20190124152448","is_ascension_mode":true,"campfire_choices":[{"data":"Flame Barrier","floor":7,"key":"SMITH"},{"data":"Disarm","floor":10,"key":"SMITH"},{"data":"Metallicize","floor":12,"key":"SMITH"},{"floor":15,"key":"REST"},{"data":"Body Slam","floor":23,"key":"SMITH"},{"data":"Barricade","floor":25,"key":"SMITH"},{"floor":32,"key":"REST"}],"neow_cost":"NONE","seed_source_timestamp":570739352264997,"circlet_count":0,"master_deck":["AscendersBane","Defend_R+1","Defend_R+1","Defend_R+1","Defend_R+1","Battle Trance","Flame Barrier+1","Disarm+1","Metallicize+1","Disarm","Barricade+1","Feed+1","Double Tap+1","Body Slam+1","Disarm","PanicButton","Warcry+1","Demon Form","Ghostly Armor+1","Body Slam+1","Parasite"],"relics":["Burning Blood","Bronze Scales","Art of War","Paper Frog","Dream Catcher","Astrolabe","Matryoshka","Ancient Tea Set","Cursed Key","Mango"],"potions_floor_usage":[6,6,14,24,33,33,40],"damage_taken":[{"damage":11,"enemies":"Cultist","floor":1,"turns":3},{"damage":2,"enemies":"2 Louse","floor":4,"turns":3},{"damage":24,"enemies":"Gremlin Nob","floor":6,"turns":4},{"damage":0,"enemies":"Jaw Worm","floor":8,"turns":3},{"damage":11,"enemies":"3 Sentries","floor":14,"turns":6},{"damage":22,"enemies":"The Guardian","floor":16,"turns":16},{"damage":14,"enemies":"Spheric Guardian","floor":18,"turns":12},{"damage":0,"enemies":"Chosen","floor":22,"turns":8},{"damage":24,"enemies":"Book of Stabbing","floor":24,"turns":6},{"damage":25,"enemies":"3 Cultists","floor":27,"turns":6},{"damage":4,"enemies":"Centurion and Healer","floor":29,"turns":8},{"damage":2,"enemies":"Cultist and Chosen","floor":30,"turns":9},{"damage":34,"enemies":"Collector","floor":33,"turns":11},{"damage":17,"enemies":"3 Shapes","floor":35,"turns":9},{"damage":12,"enemies":"Orb Walker","floor":37,"turns":4},{"damage":11,"enemies":"Writhing Mass","floor":39,"turns":10},{"damage":17,"enemies":"Nemesis","floor":40,"turns":11},{"damage":99,"enemies":"Transient","floor":41,"turns":5}],"seed_played":"5578990607892410336","potions_obtained":[{"floor":1,"key":"Energy Potion"},{"floor":4,"key":"GamblersBrew"},{"floor":6,"key":"PowerPotion"},{"floor":18,"key":"PowerPotion"},{"floor":27,"key":"Strength Potion"},{"floor":29,"key":"FearPotion"},{"floor":30,"key":"Weak Potion"},{"floor":39,"key":"SkillPotion"},{"floor":40,"key":"Block Potion"}],"is_trial":false,"path_per_floor":["M","?","?","M","$","E","R","M","T","R","$","R","?","E","R","B",null,"M","?","?","$","M","R","E","R","T","M","$","M","M","?","R","B",null,"M","?","M","?","M","E","M"],"character_chosen":"IRONCLAD","items_purchased":["Flame Barrier","Block Potion","PanicButton"],"campfire_rested":2,"item_purchase_floors":[5,5,28],"current_hp_per_floor":[63,52,45,49,49,31,31,37,37,37,37,37,37,32,54,38,66,62,62,62,62,72,72,58,58,58,43,43,49,57,27,58,34,90,83,83,77,77,76,79,0],"gold":178,"neow_bonus":"RANDOM_COMMON_RELIC","is_prod":false,"is_daily":false,"chose_seed":false,"campfire_upgraded":5,"win_rate":0,"timestamp":1548361488,"path_taken":["M","?","?","?","$","E","R","M","T","R","?","R","?","E","R","BOSS","M","?","?","?","?","R","E","R","T","M","$","M","M","?","R","BOSS","M","?","M","?","M","E","M"],"build_version":"2019-01-23","purchased_purges":3,"victory":false,"max_hp_per_floor":[75,75,75,75,75,75,75,75,75,75,75,75,75,75,75,75,75,79,79,79,79,83,83,87,87,87,91,91,95,99,104,104,108,108,112,106,106,106,110,124,124],"card_choices":[{"not_picked":["Headbutt","Clash"],"picked":"Battle Trance","floor":1},{"not_picked":["Clothesline","Bloodletting","Sword Boomerang"],"picked":"SKIP","floor":4},{"not_picked":["Twin Strike","Havoc"],"picked":"Disarm","floor":6},{"not_picked":["Searing Blow","True Grit"],"picked":"Metallicize","floor":8},{"not_picked":["Havoc","Spot Weakness","Offering"],"picked":"SKIP","floor":14},{"not_picked":["Flex","Warcry"],"picked":"Disarm","floor":15},{"not_picked":["Juggernaut","Demon Form"],"picked":"Barricade","floor":16},{"not_picked":["Clash","Rage+1"],"picked":"Body Slam","floor":18},{"not_picked":["Cleave","Rupture"],"picked":"Disarm","floor":22},{"not_picked":["Second Wind","Pommel Strike","Havoc"],"picked":"SKIP","floor":24},{"not_picked":["Pommel Strike","Thunderclap","Combust+1"],"picked":"SKIP","floor":27},{"not_picked":["Iron Wave","Berserk","Cleave"],"picked":"SKIP","floor":29},{"not_picked":["Flex","Anger","True Grit"],"picked":"SKIP","floor":30},{"not_picked":["Thunderclap","Clash"],"picked":"Warcry+1","floor":32},{"not_picked":["Dark Embrace","Barricade"],"picked":"Demon Form","floor":33},{"not_picked":["Fire Breathing","Inflame+1","Warcry"],"picked":"SKIP","floor":35},{"not_picked":["Reckless Charge","Wild Strike"],"picked":"Ghostly Armor+1","floor":37},{"not_picked":["Sever Soul","Rampage","Bloodletting"],"picked":"SKIP","floor":39},{"not_picked":["Twin Strike+1","Warcry","True Grit"],"picked":"SKIP","floor":40}],"player_experience":417804,"relics_obtained":[{"floor":6,"key":"Art of War"},{"floor":9,"key":"Paper Frog"},{"floor":14,"key":"Dream Catcher"},{"floor":24,"key":"Matryoshka"},{"floor":26,"key":"Ancient Tea Set"},{"floor":40,"key":"Mango"}],"event_choices":[{"damage_healed":0,"gold_gain":75,"player_choice":"Gather Gold","damage_taken":11,"max_hp_gain":0,"max_hp_loss":0,"event_name":"World of Goop","floor":2,"gold_loss":0},{"cards_removed":["Strike_R"],"damage_healed":0,"gold_gain":0,"player_choice":"Card Removal","damage_taken":7,"max_hp_gain":0,"max_hp_loss":0,"event_name":"Golden Wing","floor":3,"gold_loss":0},{"damage_healed":0,"gold_gain":0,"player_choice":"Searched \u00271\u0027 times","damage_taken":0,"max_hp_gain":0,"max_hp_loss":0,"event_name":"Dead Adventurer","floor":13,"gold_loss":0},{"damage_healed":0,"gold_gain":0,"player_choice":"Ignored","damage_taken":0,"max_hp_gain":0,"max_hp_loss":0,"event_name":"The Mausoleum","floor":19,"gold_loss":0},{"damage_healed":0,"gold_gain":0,"player_choice":"Simplicity","damage_taken":0,"max_hp_gain":0,"max_hp_loss":0,"event_name":"Back to Basics","floor":20,"gold_loss":0,"cards_upgraded":["Defend_R","Defend_R","Defend_R","Defend_R"]},{"damage_healed":0,"gold_gain":0,"player_choice":"Shed Blood","damage_taken":35,"max_hp_gain":5,"max_hp_loss":0,"event_name":"Forgotten Altar","floor":31,"gold_loss":0},{"damage_healed":0,"gold_gain":0,"player_choice":"Max HP","damage_taken":0,"max_hp_gain":0,"max_hp_loss":6,"event_name":"Winding Halls","floor":36,"gold_loss":0},{"damage_healed":0,"gold_gain":0,"player_choice":"Copied","damage_taken":0,"max_hp_gain":0,"max_hp_loss":0,"event_name":"Duplicator","floor":38,"gold_loss":0,"cards_obtained":["Body Slam"]}],"is_beta":false,"boss_relics":[{"not_picked":["Empty Cage","Orrery"],"picked":"Astrolabe"},{"not_picked":["Philosopher\u0027s Stone","Lizard Tail"],"picked":"Cursed Key"}],"items_purged_floors":[5,11,21],"is_endless":false,"potions_floor_spawned":[1,4,6,18,27,29,30,39,40],"killed_by":"Transient","ascension_level":15}