{"gold_per_floor":[110,124,124,140,140,151,181,181,181,181,201,218,218,393,393,489,489,504,515,104,104],"floor_reached":21,"playtime":1140,"items_purged":["Regret"],"score":251,"play_id":"3d44c312-280b-4a34-b715-66f861ff6433","local_time":"20190205165132","is_ascension_mode":true,"campfire_choices":[{"data":"Bash","floor":8,"key":"SMITH"},{"data":"Demon Form","floor":10,"key":"SMITH"},{"data":"Havoc","floor":13,"key":"SMITH"},{"floor":15,"key":"REST"}],"neow_cost":"NONE","seed_source_timestamp":0,"circlet_count":0,"master_deck":["Strike_R","Strike_R","Strike_R","Strike_R","Strike_R","Defend_R","Defend_R","Defend_R","Defend_R","Bash+1","Feed","Demon Form+1","Havoc+1","Headbutt","Spot Weakness","Feed","Doubt","Limit Break","Shrug It Off+1","Heavy Blade","Burning Pact"],"special_seed":0,"relics":["Burning Blood","Matryoshka","Paper Frog","Boot","Shuriken","Cursed Key","Ginger"],"potions_floor_usage":[6,16,16,18],"damage_taken":[{"damage":9.0,"enemies":"2 Louse","floor":1.0,"turns":3.0},{"damage":1.0,"enemies":"Cultist","floor":2.0,"turns":3.0},{"damage":27.0,"enemies":"Small Slimes","floor":4.0,"turns":4.0},{"damage":14,"enemies":"Looter","floor":6,"turns":3},{"damage":27,"enemies":"Gremlin Nob","floor":7,"turns":4},{"damage":18,"enemies":"2 Fungi Beasts","floor":11,"turns":3},{"damage":12,"enemies":"3 Louse","floor":12,"turns":4},{"damage":40,"enemies":"Hexaghost","floor":16,"turns":8},{"damage":16,"enemies":"Chosen","floor":18,"turns":4},{"damage":30,"enemies":"Spheric Guardian","floor":19,"turns":5},{"damage":47,"enemies":"3 Cultists","floor":21,"turns":5}],"seed_played":"-3582909948106975593","potions_obtained":[{"floor":0.0,"key":"SteroidPotion"},{"floor":0.0,"key":"Swift Potion"},{"floor":0.0,"key":"LiquidBronze"},{"floor":1.0,"key":"Fire Potion"},{"floor":11,"key":"EssenceOfSteel"},{"floor":12,"key":"Fire Potion"}],"is_trial":false,"path_per_floor":["M","M","?","M","?","M","E","R","T","R","M","M","R","?","R","B",null,"M","M","$","M"],"character_chosen":"IRONCLAD","items_purchased":["Ginger","Burning Pact"],"campfire_rested":1,"item_purchase_floors":[20,20],"current_hp_per_floor":[77,83,83,62,62,57,36,36,36,36,24,21,21,21,47,13,70,60,39,39,0],"gold":104,"neow_bonus":"THREE_SMALL_POTIONS","is_prod":false,"is_daily":false,"chose_seed":false,"campfire_upgraded":3,"win_rate":0,"timestamp":1549414292,"path_taken":["M","M","?","?","?","M","E","R","T","R","M","M","R","?","R","BOSS","M","M","$","M"],"build_version":"2019-01-23","purchased_purges":1,"victory":false,"max_hp_per_floor":[80,83,83,83,83,86,86,86,86,86,86,89,89,89,89,89,89,89,92,92,95],"card_choices":[{"not_picked":["Clash","Perfected Strike"],"picked":"Feed","floor":1.0},{"not_picked":["Clothesline","Havoc","Headbutt"],"picked":"SKIP","floor":2.0},{"not_picked":["Sever Soul","Flex","Feel No Pain"],"picked":"SKIP","floor":4.0},{"not_picked":["Havoc","Perfected Strike"],"picked":"Headbutt","floor":6},{"not_picked":["Clothesline","Sword Boomerang"],"picked":"Spot Weakness","floor":7},{"not_picked":["Dropkick","Twin Strike","Battle Trance"],"picked":"SKIP","floor":11},{"not_picked":["Warcry","Body Slam"],"picked":"Feed","floor":12},{"not_picked":["Reaper","Demon Form"],"picked":"Limit Break","floor":16},{"not_picked":["Clash","Power Through+1"],"picked":"Shrug It Off+1","floor":18},{"not_picked":["Body Slam","True Grit"],"picked":"Heavy Blade","floor":19}],"player_experience":261696,"relics_obtained":[{"floor":7,"key":"Paper Frog"},{"floor":9,"key":"Boot"},{"floor":9,"key":"Shuriken"}],"event_choices":[{"damage_healed":0.0,"max_hp_gain":0.0,"max_hp_loss":0.0,"gold_gain":0.0,"event_name":"Match and Keep!","player_choice":"2 cards matched","floor":3.0,"gold_loss":0.0,"damage_taken":0.0,"cards_obtained":["Demon Form","Havoc"]},{"damage_healed":0,"gold_gain":0,"player_choice":"Box","damage_taken":0,"relics_obtained":["Matryoshka"],"max_hp_gain":0,"max_hp_loss":0,"event_name":"Big Fish","floor":5,"gold_loss":0,"cards_obtained":["Regret"]},{"damage_healed":0,"gold_gain":175,"player_choice":"AGREE","damage_taken":0,"max_hp_gain":0,"max_hp_loss":0,"event_name":"Liars Game","floor":14,"gold_loss":0,"cards_obtained":["Doubt"]}],"is_beta":false,"boss_relics":[{"not_picked":["Orrery","Empty Cage"],"picked":"Cursed Key"}],"items_purged_floors":[20],"is_endless":false,"potions_floor_spawned":[1,11,12],"killed_by":"3 Cultists","ascension_level":5}