{"gold_per_floor":[364,314,31,31,44,82,82,82,105,105,146,146,167,192,192,315,315,339,264,283,302,19,19],"floor_reached":23,"playtime":1175,"items_purged":["Strike_R"],"score":249,"play_id":"e8998dfe-21d9-40b3-b3a5-26d279e1af2a","local_time":"20190127134737","is_ascension_mode":true,"campfire_choices":[{"data":"Bash","floor":7,"key":"SMITH"},{"data":"Headbutt","floor":10,"key":"SMITH"},{"floor":12,"key":"REST"},{"data":"Shrug It Off","floor":15,"key":"SMITH"}],"neow_cost":"CURSE","seed_source_timestamp":30625574297666,"circlet_count":0,"master_deck":["Strike_R","Strike_R","Strike_R","Defend_R","Defend_R","Defend_R","Defend_R","Bash+1","Headbutt+1","Uppercut+1","Headbutt+1","Heavy Blade+1","Burning Pact","Feed+1","Shrug It Off+1","Dark Embrace","Flex","Fire Breathing","Warcry+1"],"relics":["Burning Blood","Molten Egg 2","Golden Idol","Bird Faced Urn","Happy Flower","Regal Pillow","Mark of Pain","Toxic Egg 2"],"potions_floor_usage":[6],"damage_taken":[{"damage":10,"enemies":"2 Louse","floor":1,"turns":2},{"damage":6,"enemies":"Cultist","floor":5,"turns":3},{"damage":40,"enemies":"Lagavulin","floor":6,"turns":6},{"damage":12,"enemies":"Gremlin Nob","floor":11,"turns":3},{"damage":12,"enemies":"Jaw Worm","floor":13,"turns":2},{"damage":9,"enemies":"2 Fungi Beasts","floor":14,"turns":3},{"damage":46,"enemies":"Hexaghost","floor":16,"turns":10},{"damage":12,"enemies":"3 Byrds","floor":18,"turns":7},{"damage":9,"enemies":"Shell Parasite","floor":20,"turns":4},{"damage":21,"enemies":"Snake Plant","floor":21,"turns":5},{"damage":61,"enemies":"Book of Stabbing","floor":23,"turns":4}],"seed_played":"8397918622622742843","potions_obtained":[{"floor":1,"key":"Regen Potion"},{"floor":14,"key":"Dexterity Potion"},{"floor":16,"key":"SpeedPotion"},{"floor":18,"key":"Strength Potion"},{"floor":21,"key":"SkillPotion"}],"is_trial":false,"path_per_floor":["M","?","$","?","M","E","R","?","T","R","E","R","M","M","R","B",null,"M","$","M","M","$","E"],"character_chosen":"IRONCLAD","items_purchased":["Molten Egg 2","Uppercut+1","Toxic Egg 2","Warcry+1"],"campfire_rested":1,"item_purchase_floors":[3,3,22,22],"current_hp_per_floor":[76,76,76,56,56,34,34,34,34,34,28,67,65,66,66,26,73,71,71,70,55,55,0],"gold":19,"neow_bonus":"TWO_FIFTY_GOLD","is_prod":false,"is_daily":false,"chose_seed":false,"campfire_upgraded":3,"win_rate":0,"timestamp":1548625657,"path_taken":["M","?","$","?","M","E","R","?","T","R","E","R","?","?","R","BOSS","M","$","M","M","?","E"],"build_version":"2019-01-23","purchased_purges":1,"victory":false,"max_hp_per_floor":[80,80,80,80,80,80,80,80,80,80,80,80,84,88,88,88,88,92,92,92,92,92,92],"card_choices":[{"not_picked":["Warcry","Power Through"],"picked":"Headbutt","floor":1},{"not_picked":["Armaments","Rage"],"picked":"Headbutt+1","floor":5},{"not_picked":["Blood for Blood+1","Uppercut+1"],"picked":"Heavy Blade+1","floor":6},{"not_picked":["True Grit","Clothesline+1"],"picked":"Feed+1","floor":11},{"not_picked":["Twin Strike+1","Infernal Blade","Burning Pact"],"picked":"SKIP","floor":13},{"not_picked":["Havoc","Metallicize"],"picked":"Shrug It Off","floor":14},{"not_picked":["Double Tap","Exhume"],"picked":"Dark Embrace","floor":16},{"not_picked":["Carnage+1","Pommel Strike+1"],"picked":"Flex","floor":18},{"not_picked":["Battle Trance","Anger+1","Sentinel"],"picked":"SKIP","floor":20},{"not_picked":["Headbutt+1","Anger+1"],"picked":"Fire Breathing","floor":21}],"player_experience":245867,"relics_obtained":[{"floor":6,"key":"Bird Faced Urn"},{"floor":9,"key":"Happy Flower"},{"floor":11,"key":"Regal Pillow"}],"event_choices":[{"cards_removed":["Regret"],"damage_healed":0,"gold_gain":0,"player_choice":"Card Removal","damage_taken":0,"max_hp_gain":0,"max_hp_loss":0,"event_name":"The Cleric","floor":2,"gold_loss":50},{"damage_healed":0,"gold_gain":0,"player_choice":"Take Damage","damage_taken":20,"relics_obtained":["Golden Idol"],"max_hp_gain":0,"max_hp_loss":0,"event_name":"Golden Idol","floor":4,"gold_loss":0},{"damage_healed":0,"gold_gain":0,"cards_transformed":["Strike_R"],"player_choice":"Transformed","damage_taken":0,"max_hp_gain":0,"max_hp_loss":0,"event_name":"Transmorgrifier","floor":8,"gold_loss":0,"cards_obtained":["Burning Pact"]}],"is_beta":false,"boss_relics":[{"not_picked":["Velvet Choker","Busted Crown"],"picked":"Mark of Pain"}],"items_purged_floors":[19],"is_endless":false,"potions_floor_spawned":[1,14,16,18,21],"killed_by":"Book of Stabbing","ascension_level":5}