{"gold_per_floor":[112,127,127,49,49,74,91,123,123,143,163,163,178,178,178,178],"floor_reached":16,"playtime":790,"items_purged":[],"score":157,"play_id":"f331a0fc-48e6-4366-8058-4ae94f5c6434","local_time":"20190108093913","is_ascension_mode":true,"campfire_choices":[{"floor":12,"key":"REST"},{"floor":15,"key":"REST"}],"neow_cost":"NONE","seed_source_timestamp":1581132145336937,"circlet_count":0,"master_deck":["Strike_R","Strike_R","Strike_R","Defend_R","Defend_R","Defend_R","Defend_R","Bash","Iron Wave","Corruption","Dark Embrace","Uppercut","Headbutt","Power Through","Blood for Blood+1","Headbutt+1"],"relics":["Burning Blood","Anchor","Unceasing Top","Molten Egg 2"],"potions_floor_usage":[1,6,10,16],"damage_taken":[{"damage":12,"enemies":"Jaw Worm","floor":1,"turns":3},{"damage":0,"enemies":"Cultist","floor":2,"turns":4},{"damage":37,"enemies":"Lagavulin","floor":6,"turns":9},{"damage":0,"enemies":"2 Louse","floor":7,"turns":2},{"damage":37,"enemies":"3 Sentries","floor":8,"turns":9},{"damage":4,"enemies":"Red Slaver","floor":10,"turns":5},{"damage":17,"enemies":"Gremlin Gang","floor":11,"turns":7},{"damage":4,"enemies":"Large Slime","floor":13,"turns":8},{"damage":67,"enemies":"The Guardian","floor":16,"turns":9}],"seed_played":"3578911053228227283","potions_obtained":[{"floor":0,"key":"Weak Potion"},{"floor":0,"key":"Poison Potion"},{"floor":0,"key":"SpeedPotion"},{"floor":2,"key":"FearPotion"},{"floor":7,"key":"Fire Potion"},{"floor":8,"key":"EssenceOfSteel"}],"is_trial":false,"path_per_floor":["M","M","?","$","?","E","M","E","T","M","M","R","M","?","R","B"],"character_chosen":"IRONCLAD","items_purchased":["Dark Embrace"],"campfire_rested":2,"item_purchase_floors":[4],"current_hp_per_floor":[66,72,72,72,80,49,55,24,24,26,15,39,41,41,65,0],"gold":178,"neow_bonus":"THREE_SMALL_POTIONS","is_prod":false,"is_daily":false,"chose_seed":false,"campfire_upgraded":0,"win_rate":0,"timestamp":1546958353,"path_taken":["M","M","?","?","?","E","M","E","T","M","?","R","M","?","R","BOSS"],"build_version":"2019-01-03v4","purchased_purges":0,"victory":false,"max_hp_per_floor":[80,80,80,80,80,80,80,80,80,80,80,80,80,80,80,80],"card_choices":[{"not_picked":["Armaments","Cleave"],"picked":"Iron Wave","floor":1},{"not_picked":["Clothesline","Wild Strike"],"picked":"Corruption","floor":2},{"not_picked":["Shrug It Off","Clash"],"picked":"Uppercut","floor":6},{"not_picked":["Warcry","Thunderclap","Reckless Charge"],"picked":"SKIP","floor":7},{"not_picked":["True Grit","Heavy Blade"],"picked":"Headbutt","floor":8},{"not_picked":["Flex","Sword Boomerang+1"],"picked":"Power Through","floor":10},{"not_picked":["Limit Break","True Grit"],"picked":"Blood for Blood+1","floor":11},{"not_picked":["Twin Strike+1","Cleave+1"],"picked":"Headbutt+1","floor":13}],"player_experience":342234,"relics_obtained":[{"floor":6,"key":"Anchor"},{"floor":8,"key":"Unceasing Top"},{"floor":9,"key":"Molten Egg 2"}],"event_choices":[{"cards_removed":["Strike_R"],"damage_healed":0,"gold_gain":0,"player_choice":"Purged","damage_taken":0,"max_hp_gain":0,"max_hp_loss":0,"event_name":"Purifier","floor":3,"gold_loss":0},{"damage_healed":8,"gold_gain":0,"player_choice":"Full Heal","damage_taken":0,"max_hp_gain":0,"max_hp_loss":0,"event_name":"Wheel of Change","floor":5,"gold_loss":0},{"cards_removed":["Strike_R"],"damage_healed":0,"gold_gain":0,"player_choice":"Forget","damage_taken":0,"max_hp_gain":0,"max_hp_loss":0,"event_name":"Living Wall","floor":14,"gold_loss":0}],"is_beta":false,"boss_relics":[],"items_purged_floors":[],"is_endless":false,"potions_floor_spawned":[2,7,8],"killed_by":"The Guardian","ascension_level":8}