{"gold_per_floor":[109,109,34,109,9,9,64,74,74,91,111,61,91,107,107,107],"floor_reached":16,"playtime":412,"items_purged":["Strike_G","Strike_G","Strike_G"],"score":100,"play_id":"35ad95ec-8ed7-4f15-99d9-6a33b0adfcef","local_time":"20190203201949","is_ascension_mode":false,"campfire_choices":[{"data":"Neutralize","floor":6,"key":"SMITH"},{"data":"After Image","floor":15,"key":"SMITH"}],"neow_cost":"NONE","seed_source_timestamp":1454340293667147,"circlet_count":0,"master_deck":["Defend_G","Defend_G","Defend_G","Defend_G","Defend_G","Strike_G","Strike_G","Survivor","Neutralize+1","Heel Hook","After Image+1"],"relics":["Ring of the Snake","NeowsBlessing","Boot","PreservedInsect","Smiling Mask","Anchor"],"potions_floor_usage":[13,16],"damage_taken":[{"damage":0,"enemies":"Jaw Worm","floor":1,"turns":1},{"damage":0,"enemies":"Gremlin Nob","floor":7,"turns":1},{"damage":0,"enemies":"Small Slimes","floor":8,"turns":1},{"damage":0,"enemies":"2 Louse","floor":10,"turns":2},{"damage":3,"enemies":"Looter","floor":11,"turns":4},{"damage":7,"enemies":"Lagavulin","floor":13,"turns":6},{"damage":0,"enemies":"Red Slaver","floor":14,"turns":5},{"damage":25,"enemies":"Slime Boss","floor":16,"turns":10}],"seed_played":"-3853195104697830001","potions_obtained":[{"floor":1,"key":"Explosive Potion"},{"floor":8,"key":"Weak Potion"},{"floor":11,"key":"PowerPotion"},{"floor":14,"key":"GamblersBrew"}],"is_trial":false,"path_per_floor":["M","?","$","?","$","R","?","M","T","M","M","$","E","M","R","B"],"character_chosen":"THE_SILENT","items_purchased":[],"campfire_rested":0,"item_purchase_floors":[],"current_hp_per_floor":[70,58,58,47,47,47,47,47,47,47,44,44,37,37,37,12],"gold":107,"neow_bonus":"THREE_ENEMY_KILL","is_prod":false,"is_daily":false,"chose_seed":false,"campfire_upgraded":2,"win_rate":0,"timestamp":1549243189,"path_taken":["M","?","$","?","$","R","?","M","T","M","M","$","E","M","R","BOSS"],"build_version":"2019-01-23","purchased_purges":3,"victory":false,"max_hp_per_floor":[70,70,70,70,70,70,70,70,70,70,70,70,70,70,70,70],"card_choices":[{"not_picked":["PiercingWail","Eviscerate","Riddle With Holes"],"picked":"SKIP","floor":1},{"not_picked":["Backflip","Acrobatics"],"picked":"Heel Hook","floor":7},{"not_picked":["Bane","Dodge and Roll","Acrobatics"],"picked":"SKIP","floor":8},{"not_picked":["Bane","Quick Slash","Dodge and Roll"],"picked":"SKIP","floor":10},{"not_picked":["Underhanded Strike","Slice","Deadly Poison"],"picked":"SKIP","floor":11},{"not_picked":["Poisoned Stab","Slice","Eviscerate"],"picked":"SKIP","floor":13},{"not_picked":["Slice","Poisoned Stab"],"picked":"After Image","floor":14}],"player_experience":659428,"relics_obtained":[{"floor":7,"key":"PreservedInsect"},{"floor":9,"key":"Smiling Mask"},{"floor":13,"key":"Anchor"}],"event_choices":[{"damage_healed":0,"gold_gain":0,"player_choice":"Success","damage_taken":12,"relics_obtained":["Boot"],"max_hp_gain":0,"max_hp_loss":0,"event_name":"Scrap Ooze","floor":2,"gold_loss":0},{"damage_healed":0,"gold_gain":75,"player_choice":"Gather Gold","damage_taken":11,"max_hp_gain":0,"max_hp_loss":0,"event_name":"World of Goop","floor":4,"gold_loss":0},{"damage_healed":0,"gold_gain":30,"player_choice":"Searched \u00272\u0027 times","damage_taken":0,"max_hp_gain":0,"max_hp_loss":0,"event_name":"Dead Adventurer","floor":7,"gold_loss":0}],"is_beta":false,"boss_relics":[],"items_purged_floors":[3,5,12],"is_endless":false,"potions_floor_spawned":[1,8,11,14],"killed_by":"Slime Boss","ascension_level":0}