{"gold_per_floor":[110,128,144,18,18,53,53,94,163,163,338,338,613,631,631,757,757,775,990,1013,1013,1013,1013,1028,1028],"floor_reached":25,"playtime":927,"items_purged":["Strike_B"],"score":290,"play_id":"9eb00355-8a13-41a3-9e0a-855e3688de6f","local_time":"20190105110341","is_ascension_mode":true,"campfire_choices":[{"floor":7,"key":"REST"},{"data":"1","floor":10,"key":"LIFT"},{"data":"2","floor":12,"key":"LIFT"},{"data":"3","floor":15,"key":"LIFT"},{"data":"Consume","floor":23,"key":"SMITH"}],"neow_cost":"TEN_PERCENT_HP_LOSS","seed_source_timestamp":1326870575489748,"circlet_count":0,"master_deck":["Strike_B","Strike_B","Strike_B","Defend_B","Defend_B","Defend_B","Defend_B","Zap","Dualcast","Dramatic Entrance","Panacea","Consume+1","Auto Shields","Chill","Leap","BootSequence","Thunder Strike","Ghostly","Ghostly","Ghostly","Ghostly","Ghostly","Thunder Strike","Sweeping Beam+1"],"relics":["Cracked Core","Golden Idol","Girya","Happy Flower","Dodecahedron","Empty Cage","Old Coin"],"potions_floor_usage":[8,16,16,16,16,16,16,18,18,18,24,24,25],"damage_taken":[{"damage":0,"enemies":"Small Slimes","floor":1,"turns":1},{"damage":0,"enemies":"2 Louse","floor":2,"turns":2},{"damage":16,"enemies":"Cultist","floor":3,"turns":4},{"damage":26,"enemies":"Gremlin Nob","floor":6,"turns":5},{"damage":6,"enemies":"3 Sentries","floor":8,"turns":8},{"damage":0,"enemies":"3 Louse","floor":14,"turns":2},{"damage":34,"enemies":"The Guardian","floor":16,"turns":16},{"damage":1,"enemies":"2 Thieves","floor":18,"turns":3},{"damage":10,"enemies":"Spheric Guardian","floor":20,"turns":5},{"damage":1,"enemies":"Snake Plant","floor":24,"turns":5},{"damage":35,"enemies":"Book of Stabbing","floor":25,"turns":7}],"seed_played":"-4286990074076917486","potions_obtained":[{"floor":2,"key":"Block Potion"},{"floor":6,"key":"Ancient Potion"},{"floor":14,"key":"EntropicBrew"}],"is_trial":false,"path_per_floor":["M","M","M","$","?","E","R","E","T","R","?","R","?","M","R","B",null,"M","?","M","?","?","R","M","E"],"character_chosen":"DEFECT","items_purchased":["Explosive Potion"],"campfire_rested":1,"item_purchase_floors":[4],"current_hp_per_floor":[68,68,52,52,52,26,44,38,38,38,38,38,38,38,38,4,63,62,62,52,31,31,31,30,0],"gold":1028,"neow_bonus":"RANDOM_COLORLESS_2","is_prod":false,"is_daily":false,"chose_seed":false,"campfire_upgraded":1,"win_rate":0,"timestamp":1546704221,"path_taken":["M","M","M","$","?","E","R","E","T","R","?","R","?","?","R","BOSS","M","?","M","?","?","R","M","E"],"build_version":"2019-01-03v4","purchased_purges":1,"victory":false,"max_hp_per_floor":[68,68,68,68,63,63,63,63,63,63,63,63,63,63,63,63,63,63,63,63,31,31,31,31,31],"card_choices":[{"not_picked":["Lockon","Rip and Tear"],"picked":"Consume","floor":1},{"not_picked":["Recycle","Ball Lightning"],"picked":"Auto Shields","floor":2},{"not_picked":["Reinforced Body","Sweeping Beam"],"picked":"Chill","floor":3},{"not_picked":["Consume","Barrage"],"picked":"Leap","floor":6},{"not_picked":["Fission","Compile Driver"],"picked":"BootSequence","floor":8},{"not_picked":["Blizzard","Reprogram","Skim"],"picked":"SKIP","floor":14},{"not_picked":["Fission","Biased Cognition"],"picked":"Thunder Strike","floor":16},{"not_picked":["Aggregate","Steam Power","Turbo"],"picked":"SKIP","floor":18},{"not_picked":["Barrage","Hologram","Reprogram+1"],"picked":"SKIP","floor":20},{"not_picked":["Darkness","Go for the Eyes"],"picked":"Sweeping Beam+1","floor":24}],"player_experience":322696,"relics_obtained":[{"floor":6,"key":"Girya"},{"floor":8,"key":"Happy Flower"},{"floor":9,"key":"Dodecahedron"}],"event_choices":[{"damage_healed":0,"gold_gain":0,"player_choice":"Lose Max HP","damage_taken":0,"relics_obtained":["Golden Idol"],"max_hp_gain":0,"max_hp_loss":5,"event_name":"Golden Idol","floor":5,"gold_loss":0},{"damage_healed":0,"gold_gain":175,"player_choice":"AGREE","damage_taken":0,"max_hp_gain":0,"max_hp_loss":0,"event_name":"Liars Game","floor":11,"gold_loss":0,"cards_obtained":["Doubt"]},{"damage_healed":0,"gold_gain":275,"player_choice":"Desecrate","damage_taken":0,"max_hp_gain":0,"max_hp_loss":0,"event_name":"Golden Shrine","floor":13,"gold_loss":0,"cards_obtained":["Regret"]},{"damage_healed":0,"gold_gain":0,"player_choice":"Obtained Relic","damage_taken":0,"relics_obtained":["Old Coin"],"max_hp_gain":0,"max_hp_loss":0,"event_name":"Addict","floor":19,"gold_loss":85},{"damage_healed":0,"gold_gain":0,"player_choice":"Became a Ghost","damage_taken":0,"max_hp_gain":0,"max_hp_loss":32,"event_name":"Ghosts","floor":21,"gold_loss":0,"cards_obtained":["Ghostly","Ghostly","Ghostly","Ghostly","Ghostly"]},{"damage_healed":0,"gold_gain":0,"player_choice":"Copied","damage_taken":0,"max_hp_gain":0,"max_hp_loss":0,"event_name":"Duplicator","floor":22,"gold_loss":0,"cards_obtained":["Thunder Strike"]}],"is_beta":false,"boss_relics":[{"not_picked":["Lizard Tail","Black Star"],"picked":"Empty Cage"}],"items_purged_floors":[4],"is_endless":false,"potions_floor_spawned":[2,6,14,20],"killed_by":"Book of Stabbing","ascension_level":3}