{"gold_per_floor":[109,126,126,138,154,154,169,169,244,13,45,64,139,139,139,260,260,275,299,319,234,234,250,4,4,34,59,77,118,118,133,133,256,256,275,295,313,334,334,334,358,358,407,428,19,19,40,84,84,84],"floor_reached":51,"playtime":2655,"items_purged":["Barricade","Berserk","Brutality"],"score":855,"play_id":"99c38818-837f-4dda-b11e-67c63422dfa0","local_time":"20190125154903","daily_mods":["Shiny","Uncertain Future","Terminal"],"is_ascension_mode":false,"campfire_choices":[{"data":"Bloodletting","floor":6,"key":"SMITH"},{"data":"Feed","floor":8,"key":"SMITH"},{"data":"True Grit","floor":15,"key":"SMITH"},{"data":"Offering","floor":25,"key":"SMITH"},{"data":"Offering","floor":30,"key":"SMITH"},{"data":"Fiend Fire","floor":32,"key":"SMITH"},{"data":"Corruption","floor":40,"key":"SMITH"},{"data":"Exhume","floor":42,"key":"SMITH"},{"data":"Dark Embrace","floor":49,"key":"SMITH"}],"neow_cost":"","seed_source_timestamp":0,"circlet_count":0,"master_deck":["Double Tap","Demon Form","Bludgeon","Feed+1","Limit Break","Fiend Fire+1","Dark Embrace+1","Impervious","Juggernaut","Reaper","Exhume","Offering+1","Immolate","Seeing Red","Warcry","Bloodletting+1","True Grit+1","Exhume+1","Shrug It Off","Corruption+1","Warcry","Feel No Pain","Offering+1","Shockwave","Rupture","Bludgeon","Seeing Red+1","Dropkick+1","Carnage","Pummel+1","Seeing Red","Rupture+1"],"relics":["Burning Blood","Sundial","Regal Pillow","Gambling Chip","Golden Idol","Philosopher\u0027s Stone","Bag of Marbles","Shuriken","Lantern","Tiny Chest","Question Card","Sozu","Boot","Mercury Hourglass","Oddly Smooth Stone","Potion Belt"],"potions_floor_usage":[7,16,16,33,41,41],"damage_taken":[{"damage":7,"enemies":"2 Louse","floor":1,"turns":4},{"damage":0,"enemies":"Small Slimes","floor":2,"turns":1},{"damage":11,"enemies":"Cultist","floor":4,"turns":3},{"damage":21,"enemies":"2 Fungi Beasts","floor":5,"turns":3},{"damage":7,"enemies":"Blue Slaver","floor":7,"turns":2},{"damage":11,"enemies":"3 Sentries","floor":11,"turns":2},{"damage":5,"enemies":"Gremlin Gang","floor":12,"turns":3},{"damage":28,"enemies":"Hexaghost","floor":16,"turns":3},{"damage":0,"enemies":"Spheric Guardian","floor":18,"turns":1},{"damage":12,"enemies":"3 Byrds","floor":19,"turns":3},{"damage":16,"enemies":"Snecko","floor":20,"turns":2},{"damage":18,"enemies":"Centurion and Healer","floor":23,"turns":3},{"damage":15,"enemies":"3 Cultists","floor":27,"turns":1},{"damage":6,"enemies":"Snecko","floor":28,"turns":1},{"damage":15,"enemies":"Book of Stabbing","floor":29,"turns":2},{"damage":6,"enemies":"Snake Plant","floor":31,"turns":1},{"damage":18,"enemies":"Champ","floor":33,"turns":4},{"damage":6,"enemies":"Orb Walker","floor":35,"turns":1},{"damage":15,"enemies":"3 Shapes","floor":36,"turns":1},{"damage":24,"enemies":"Jaw Worm Horde","floor":37,"turns":1},{"damage":22,"enemies":"Spire Growth","floor":38,"turns":2},{"damage":12,"enemies":"4 Shapes","floor":41,"turns":1},{"damage":31,"enemies":"Sphere and 2 Shapes","floor":44,"turns":3},{"damage":15,"enemies":"3 Darklings","floor":47,"turns":1},{"damage":15,"enemies":"Giant Head","floor":48,"turns":1},{"damage":72,"enemies":"Awakened One","floor":50,"turns":5}],"seed_played":"-7443987401281978201","potions_obtained":[{"floor":2,"key":"SpeedPotion"},{"floor":5,"key":"GamblersBrew"},{"floor":7,"key":"FearPotion"},{"floor":12,"key":"Swift Potion"},{"floor":16,"key":"BloodPotion"},{"floor":19,"key":"Explosive Potion"},{"floor":20,"key":"Block Potion"},{"floor":23,"key":"Explosive Potion"},{"floor":29,"key":"PowerPotion"}],"is_trial":true,"path_per_floor":["M","M","?","M","M","R","M","R","T","$","E","M","?","?","R","B",null,"M","M","M","?","T","M","$","R","T","M","M","E","R","M","R","B",null,"M","M","M","M","?","R","M","R","T","M","$","T","M","E","R","B",null],"character_chosen":"IRONCLAD","items_purchased":["Regal Pillow","Lantern","Seeing Red","Mercury Hourglass"],"campfire_rested":0,"item_purchase_floors":[10,24,45,45],"current_hp_per_floor":[81,83,87,85,70,70,69,69,69,69,64,85,74,53,53,31,80,79,82,80,80,80,78,78,78,78,69,69,60,60,60,60,61,75,74,73,69,57,57,57,75,75,74,53,53,53,71,77,76,28],"gold":84,"neow_bonus":"","is_prod":false,"is_daily":false,"chose_seed":false,"campfire_upgraded":9,"win_rate":0,"timestamp":1548449343,"path_taken":["M","M","?","M","M","R","M","R","T","$","E","M","?","?","R","BOSS","M","M","M","?","?","M","$","R","T","M","?","E","R","M","R","BOSS","M","M","M","M","?","R","M","R","T","?","$","?","M","E","R","BOSS"],"build_version":"2019-01-23","purchased_purges":3,"victory":true,"max_hp_per_floor":[81,83,87,89,88,87,86,85,84,83,82,85,84,83,82,81,80,79,82,85,84,83,86,85,84,83,82,81,80,79,78,77,76,75,74,73,76,79,78,77,76,75,74,77,76,75,74,77,76,75],"card_choices":[{"not_picked":["Anger","Infernal Blade","Pommel Strike"],"picked":"SKIP","floor":1},{"not_picked":["Carnage","Wild Strike"],"picked":"Seeing Red","floor":2},{"not_picked":["Intimidate","True Grit"],"picked":"Warcry","floor":4},{"not_picked":["Thunderclap","Heavy Blade"],"picked":"Bloodletting","floor":5},{"not_picked":["Perfected Strike","Searing Blow","Flame Barrier"],"picked":"SKIP","floor":7},{"not_picked":["Juggernaut","Sword Boomerang"],"picked":"True Grit","floor":11},{"not_picked":["Uppercut","Twin Strike","Thunderclap"],"picked":"SKIP","floor":12},{"not_picked":["Fiend Fire","Juggernaut"],"picked":"Exhume","floor":16},{"not_picked":["Twin Strike+1","Dropkick"],"picked":"Shrug It Off","floor":18},{"not_picked":["Thunderclap","Twin Strike+1"],"picked":"Corruption","floor":19},{"not_picked":["Thunderclap","True Grit"],"picked":"Warcry","floor":20},{"not_picked":["True Grit","Burning Pact","Heavy Blade"],"picked":"SKIP","floor":23},{"not_picked":["Pommel Strike+1","Disarm"],"picked":"Feel No Pain","floor":27},{"not_picked":["Evolve+1","Twin Strike"],"picked":"Offering","floor":28},{"not_picked":["Clothesline","Flex"],"picked":"Shockwave","floor":29},{"not_picked":["Anger+1","Warcry","Barricade"],"picked":"Rupture","floor":31},{"not_picked":["Brutality","Impervious","Limit Break"],"picked":"Bludgeon","floor":33},{"not_picked":["Spot Weakness+1","Heavy Blade","Body Slam"],"picked":"Seeing Red+1","floor":35},{"not_picked":["Body Slam","Perfected Strike","Bludgeon"],"picked":"Dropkick+1","floor":36},{"not_picked":["Thunderclap+1","Twin Strike","Pommel Strike+1","Anger"],"picked":"SKIP","floor":37},{"not_picked":["Armaments+1","Inflame","Body Slam","Wild Strike+1"],"picked":"SKIP","floor":38},{"not_picked":["Uppercut","Barricade","Shrug It Off+1"],"picked":"Pummel+1","floor":41},{"not_picked":["Blood for Blood","Havoc+1","Pommel Strike","Combust+1"],"picked":"SKIP","floor":44},{"not_picked":["Body Slam","Hemokinesis+1","Clash+1","Reckless Charge"],"picked":"SKIP","floor":47},{"not_picked":["Bludgeon","Havoc","Berserk"],"picked":"Rupture+1","floor":48}],"player_experience":444702,"relics_obtained":[{"floor":9,"key":"Sundial"},{"floor":11,"key":"Gambling Chip"},{"floor":22,"key":"Shuriken"},{"floor":26,"key":"Tiny Chest"},{"floor":29,"key":"Question Card"},{"floor":43,"key":"Boot"},{"floor":46,"key":"Oddly Smooth Stone"},{"floor":48,"key":"Potion Belt"}],"event_choices":[{"damage_healed":0,"gold_gain":0,"player_choice":"Donut","damage_taken":0,"max_hp_gain":5,"max_hp_loss":0,"event_name":"Big Fish","floor":3,"gold_loss":0},{"damage_healed":0,"gold_gain":75,"player_choice":"Gather Gold","damage_taken":11,"max_hp_gain":0,"max_hp_loss":0,"event_name":"World of Goop","floor":13,"gold_loss":0},{"damage_healed":0,"gold_gain":0,"player_choice":"Take Damage","damage_taken":21,"relics_obtained":["Golden Idol"],"max_hp_gain":0,"max_hp_loss":0,"event_name":"Golden Idol","floor":14,"gold_loss":0},{"damage_healed":0,"gold_gain":0,"player_choice":"Obtained Relic","damage_taken":0,"relics_obtained":["Bag of Marbles"],"max_hp_gain":0,"max_hp_loss":0,"event_name":"Addict","floor":21,"gold_loss":85},{"damage_healed":0,"gold_gain":0,"player_choice":"1 cards matched","damage_taken":0,"max_hp_gain":0,"max_hp_loss":0,"event_name":"Match and Keep!","floor":39,"gold_loss":0,"cards_obtained":["Carnage"]}],"is_beta":false,"boss_relics":[{"not_picked":["Orrery","Runic Pyramid"],"picked":"Philosopher\u0027s Stone"},{"not_picked":["Fusion Hammer","Eternal Feather"],"picked":"Sozu"}],"items_purged_floors":[10,24,45],"is_endless":false,"potions_floor_spawned":[2,5,7,12,16,19,20,23,29,31,37,38],"ascension_level":0}