{"gold_per_floor":[361,108,258,273,273,273,80,133,160,160,196,196,269,332,332,447,447,488,559,13,51,76,76,139,54,54,104,164,164,164,199,199,292,292,338,338,362,385,385,385,2,50,99,99,432,432,498,151,151,151,151,151,70,70],"floor_reached":54,"playtime":3362,"items_purged":["Strike_B","Doubt","Strike_B+1","Defend_B+1"],"score":1384,"play_id":"e47bf828-0310-4acc-9995-e6346927423c","local_time":"20190221232017","is_ascension_mode":true,"campfire_choices":[{"data":"White Noise","floor":6,"key":"SMITH"},{"data":"HandOfGreed","floor":10,"key":"SMITH"},{"floor":12,"key":"REST"},{"data":"Buffer","floor":15,"key":"SMITH"},{"data":"Darkness","floor":23,"key":"SMITH"},{"data":"Loop","floor":29,"key":"SMITH"},{"floor":32,"key":"REST"},{"floor":40,"key":"RECALL"},{"data":"Tempest","floor":44,"key":"SMITH"},{"data":"Defragment","floor":49,"key":"SMITH"},{"data":"Secret Technique","floor":52,"key":"SMITH"}],"neow_cost":"PERCENT_DAMAGE","seed_source_timestamp":215404320866935,"circlet_count":0,"master_deck":["AscendersBane","Defend_B+1","Defend_B+1","Defend_B+1","Zap+1","Dualcast+1","White Noise+1","Doom and Gloom+1","Glacier+1","Coolheaded+1","Conserve Battery+1","HandOfGreed+1","Buffer+1","Conserve Battery+1","Auto Shields+1","Loop+1","Seek+1","Self Repair+1","Capacitor+1","Darkness+1","Reinforced Body+1","Leap+1","Leap+1","Tempest+1","Core Surge+1","Tempest+1","Glacier+1","Tempest+1","Core Surge","Master of Strategy","Impatience","Secret Technique+1","Defragment+1","Seek","Loop"],"relics":["Cracked Core","Happy Flower","Potion Belt","Pear","Darkstone Periapt","Nuclear Battery","Cables","Omamori","Bottled Flame","Lantern","PreservedInsect","White Beast Statue","Strawberry","Mark of the Bloom","Art of War"],"potions_floor_usage":[22,28,28,33,35,38,47,47,50,50],"damage_taken":[{"damage":2,"enemies":"Jaw Worm","floor":1,"turns":4},{"damage":0,"enemies":"2 Louse","floor":4,"turns":4},{"damage":12,"enemies":"Lagavulin","floor":8,"turns":8},{"damage":26,"enemies":"3 Sentries","floor":11,"turns":5},{"damage":5,"enemies":"Small Slimes","floor":13,"turns":7},{"damage":0,"enemies":"Lagavulin","floor":14,"turns":7},{"damage":0,"enemies":"Slime Boss","floor":16,"turns":9},{"damage":0,"enemies":"Chosen","floor":18,"turns":7},{"damage":19,"enemies":"3 Byrds","floor":19,"turns":9},{"damage":4,"enemies":"Snake Plant","floor":21,"turns":11},{"damage":23,"enemies":"Chosen and Byrds","floor":22,"turns":9},{"damage":0,"enemies":"3 Cultists","floor":24,"turns":7},{"damage":20,"enemies":"Gremlin Leader","floor":28,"turns":11},{"damage":27,"enemies":"Slavers","floor":31,"turns":6},{"damage":17,"enemies":"Collector","floor":33,"turns":13},{"damage":0,"enemies":"3 Shapes","floor":35,"turns":7},{"damage":0,"enemies":"Orb Walker","floor":37,"turns":4},{"damage":10,"enemies":"Jaw Worm Horde","floor":38,"turns":8},{"damage":15,"enemies":"Spire Growth","floor":42,"turns":6},{"damage":0,"enemies":"4 Shapes","floor":47,"turns":8},{"damage":18,"enemies":"Donu and Deca","floor":50,"turns":15},{"damage":38,"enemies":"Shield and Spear","floor":54,"turns":2}],"seed_played":"-2803615551720056576","potions_obtained":[{"floor":1,"key":"SpeedPotion"},{"floor":14,"key":"FearPotion"},{"floor":21,"key":"FocusPotion"},{"floor":24,"key":"GamblersBrew"},{"floor":31,"key":"Poison Potion"},{"floor":33,"key":"Fire Potion"},{"floor":35,"key":"SneckoOil"},{"floor":37,"key":"Strength Potion"},{"floor":38,"key":"Explosive Potion"},{"floor":47,"key":"Explosive Potion"}],"is_trial":false,"path_per_floor":["M","$","?","M","?","R","$","E","T","R","E","R","M","E","R","B",null,"M","M","$","M","M","R","M","?","T","?","E","R","?","E","R","B",null,"M","?","M","M","?","R","$","M","T","R","?","?","M","$","R","B",null,"R","$","E"],"character_chosen":"DEFECT","items_purchased":["Doom and Gloom","Glacier","Coolheaded","HandOfGreed","Cables","Capacitor","Coolheaded","Explosive Potion","Art of War","Tempest","Defragment","Seek","Loop"],"campfire_rested":2,"item_purchase_floors":[2,2,2,7,20,20,20,20,41,41,48,48,53],"current_hp_per_floor":[44,44,44,44,44,44,44,32,32,32,16,38,33,33,33,33,64,64,45,45,51,38,38,48,48,48,48,38,38,38,21,43,36,65,74,81,81,81,81,81,81,66,66,66,66,56,56,56,56,38,38,38,38,0],"gold":70,"neow_bonus":"TWO_FIFTY_GOLD","is_prod":false,"is_daily":false,"chose_seed":false,"campfire_upgraded":8,"win_rate":0,"timestamp":1550809217,"path_taken":["M","$","?","M","?","R","$","E","T","R","E","R","M","E","R","BOSS","M","M","$","M","M","R","M","?","T","?","E","R","?","E","R","BOSS","M","?","M","?","?","R","$","M","T","R","?","?","M","$","R","BOSS","R","$","E"],"build_version":"2019-01-23","purchased_purges":4,"victory":false,"max_hp_per_floor":[71,71,71,71,64,64,64,64,64,64,74,74,74,74,74,74,74,74,74,74,74,74,74,74,74,74,74,74,74,74,74,74,74,74,74,81,81,81,81,81,81,81,81,81,81,81,81,81,81,81,81,81,81,81],"card_choices":[{"not_picked":["Undo","Gash"],"picked":"White Noise","floor":1},{"not_picked":["Sunder","Static Discharge"],"picked":"Conserve Battery","floor":4},{"not_picked":["Rip and Tear","Ball Lightning"],"picked":"Buffer","floor":8},{"not_picked":["Aggregate","Cold Snap"],"picked":"Conserve Battery","floor":11},{"not_picked":["Double Energy","Stack"],"picked":"Auto Shields","floor":13},{"not_picked":["Reprogram","Rip and Tear"],"picked":"Loop","floor":14},{"not_picked":["Machine Learning","Thunder Strike"],"picked":"Seek","floor":16},{"not_picked":["Ball Lightning","Conserve Battery","Steam"],"picked":"SKIP","floor":18},{"not_picked":["Redo","Go for the Eyes"],"picked":"Self Repair+1","floor":19},{"not_picked":["Gash+1","Skim"],"picked":"Darkness","floor":21},{"not_picked":["Steam","Compile Driver"],"picked":"Reinforced Body","floor":22},{"not_picked":["Leap","Coolheaded","Compile Driver"],"picked":"SKIP","floor":24},{"not_picked":["Gash","Double Energy","Cold Snap"],"picked":"SKIP","floor":28},{"not_picked":["Melter","Barrage"],"picked":"Tempest","floor":31},{"not_picked":["Hyperbeam","Reboot"],"picked":"Core Surge","floor":33},{"not_picked":["Ball Lightning","Melter"],"picked":"Tempest","floor":35},{"not_picked":["Go for the Eyes","Redo"],"picked":"Glacier","floor":37},{"not_picked":["Rebound+1","Hologram+1","Leap"],"picked":"SKIP","floor":38},{"not_picked":["Scrape","Reprogram+1"],"picked":"Core Surge","floor":42},{"not_picked":["Violence","Panache"],"picked":"Master of Strategy","floor":46},{"not_picked":["Blind","PanicButton"],"picked":"Impatience","floor":46},{"not_picked":["Panache","Thinking Ahead"],"picked":"Secret Technique","floor":46},{"not_picked":["Redo","Beam Cell","Rebound"],"picked":"SKIP","floor":47}],"player_experience":819362,"relics_obtained":[{"floor":8,"key":"Happy Flower"},{"floor":9,"key":"Potion Belt"},{"floor":11,"key":"Pear"},{"floor":14,"key":"Darkstone Periapt"},{"floor":26,"key":"Bottled Flame"},{"floor":28,"key":"Lantern"},{"floor":31,"key":"PreservedInsect"}],"event_choices":[{"damage_healed":0,"gold_gain":150,"player_choice":"AGREE","damage_taken":0,"max_hp_gain":0,"max_hp_loss":0,"event_name":"Liars Game","floor":3,"gold_loss":0,"cards_obtained":["Doubt"]},{"damage_healed":0,"gold_gain":0,"player_choice":"Lose Max HP","damage_taken":0,"relics_obtained":["Golden Idol"],"max_hp_gain":0,"max_hp_loss":7,"event_name":"Golden Idol","floor":5,"gold_loss":0},{"damage_healed":0,"gold_gain":0,"player_choice":"Obtained Relic","damage_taken":0,"relics_obtained":["Omamori"],"max_hp_gain":0,"max_hp_loss":0,"event_name":"Addict","floor":25,"gold_loss":85},{"damage_healed":0,"gold_gain":50,"player_choice":"Stole From Cult","damage_taken":0,"max_hp_gain":0,"max_hp_loss":0,"event_name":"Nest","floor":27,"gold_loss":0},{"damage_healed":0,"gold_gain":0,"cards_transformed":["Strike_B","Strike_B"],"player_choice":"Became Test Subject","damage_taken":0,"max_hp_gain":0,"max_hp_loss":0,"event_name":"Drug Dealer","floor":30,"gold_loss":0,"cards_obtained":["Leap","Leap"]},{"cards_removed":["Coolheaded"],"damage_healed":0,"gold_gain":0,"player_choice":"Gave Card","damage_taken":0,"relics_obtained":["Strawberry"],"max_hp_gain":0,"max_hp_loss":0,"event_name":"WeMeetAgain","floor":36,"gold_loss":0},{"damage_healed":0,"gold_gain":0,"player_choice":"Upgrade","damage_taken":0,"relics_obtained":["Mark of the Bloom"],"max_hp_gain":0,"max_hp_loss":0,"event_name":"MindBloom","floor":39,"gold_loss":0,"cards_upgraded":["Strike_B","Defend_B","Defend_B","Defend_B","Defend_B","Zap","Dualcast","Doom and Gloom","Glacier","Coolheaded","Conserve Battery","Conserve Battery","Auto Shields","Seek","Capacitor","Reinforced Body","Leap","Leap","Tempest","Core Surge","Tempest","Glacier"]},{"damage_healed":0,"gold_gain":333,"player_choice":"Gave Idol","damage_taken":0,"max_hp_gain":0,"max_hp_loss":0,"event_name":"The Moai Head","floor":45,"relics_lost":["Golden Idol"],"gold_loss":0},{"damage_healed":0,"gold_gain":0,"player_choice":"Memory 3","damage_taken":10,"max_hp_gain":0,"max_hp_loss":0,"event_name":"SensoryStone","floor":46,"gold_loss":0}],"is_beta":false,"boss_relics":[{"not_picked":["FrozenCore","Philosopher\u0027s Stone"],"picked":"Nuclear Battery"},{"not_picked":["Black Star","Sozu"],"picked":"White Beast Statue"}],"items_purged_floors":[2,20,41,48],"is_endless":false,"potions_floor_spawned":[1,14,21,24,31,33,35,37,38,42,47],"killed_by":"Shield and Spear","ascension_level":16}