{"gold_per_floor":[113,213,230,62,62,62,62,62,92,92,115,151,166,185,185,185],"floor_reached":16,"playtime":670,"items_purged":["Strike_R"],"score":115,"play_id":"d0700129-9eb6-430c-a1d5-95f13b2c3a7d","local_time":"20190304213022","is_ascension_mode":true,"campfire_choices":[{"data":"Double Tap","floor":6,"key":"SMITH"},{"data":"True Grit","floor":8,"key":"SMITH"},{"data":"Bash","floor":10,"key":"SMITH"},{"floor":15,"key":"REST"}],"neow_cost":"NONE","seed_source_timestamp":1314090393673530,"circlet_count":0,"master_deck":["Strike_R","Strike_R","Strike_R","Strike_R","Defend_R","Defend_R","Defend_R","Defend_R","Bash+1","Double Tap+1","Combust","Metallicize","True Grit+1","Shrug It Off","Demon Form","Metallicize","Intimidate"],"relics":["Burning Blood","Golden Idol","Tiny Chest","WingedGreaves"],"potions_floor_usage":[14],"damage_taken":[{"damage":7,"enemies":"Small Slimes","floor":1,"turns":3},{"damage":3,"enemies":"Cultist","floor":3,"turns":3},{"damage":11,"enemies":"Jaw Worm","floor":11,"turns":4},{"damage":27,"enemies":"3 Sentries","floor":12,"turns":7},{"damage":13,"enemies":"3 Louse","floor":13,"turns":6},{"damage":9,"enemies":"Gremlin Gang","floor":14,"turns":4},{"damage":40,"enemies":"Slime Boss","floor":16,"turns":9}],"seed_played":"5392736121924491821","potions_obtained":[{"floor":1,"key":"Ancient Potion"},{"floor":13,"key":"SkillPotion"},{"floor":14,"key":"Ancient Potion"}],"is_trial":false,"path_per_floor":["M","?","M","$","?","R","?","R","T","R","M","E","M","M","R","B"],"character_chosen":"IRONCLAD","items_purchased":["Metallicize","True Grit"],"campfire_rested":1,"item_purchase_floors":[4,4],"current_hp_per_floor":[79,79,80,80,60,60,52,52,52,52,47,26,19,16,40,0],"gold":185,"neow_bonus":"ONE_RANDOM_RARE_CARD","is_prod":false,"is_daily":false,"chose_seed":false,"campfire_upgraded":3,"win_rate":0,"timestamp":1551753022,"path_taken":["M","?","?","$","?","R","?","R","T","R","M","E","?","M","R","BOSS"],"build_version":"2019-01-23","purchased_purges":1,"victory":false,"max_hp_per_floor":[80,80,80,80,80,80,80,80,80,80,80,80,80,80,80,80],"card_choices":[{"not_picked":["Twin Strike","Headbutt"],"picked":"Combust","floor":1},{"not_picked":["Sentinel","Sword Boomerang","Cleave"],"picked":"SKIP","floor":3},{"not_picked":["Warcry","Flex"],"picked":"Shrug It Off","floor":11},{"not_picked":["Dark Embrace","Thunderclap"],"picked":"Demon Form","floor":12},{"not_picked":["Havoc","Feel No Pain"],"picked":"Metallicize","floor":13},{"not_picked":["Hemokinesis","Clothesline"],"picked":"Intimidate","floor":14}],"player_experience":229436,"relics_obtained":[{"floor":9,"key":"Tiny Chest"},{"floor":12,"key":"WingedGreaves"}],"event_choices":[{"damage_healed":0,"gold_gain":100,"player_choice":"Pray","damage_taken":0,"max_hp_gain":0,"max_hp_loss":0,"event_name":"Golden Shrine","floor":2,"gold_loss":0},{"damage_healed":0,"gold_gain":0,"player_choice":"Take Damage","damage_taken":20,"relics_obtained":["Golden Idol"],"max_hp_gain":0,"max_hp_loss":0,"event_name":"Golden Idol","floor":5,"gold_loss":0},{"damage_healed":0,"gold_gain":0,"player_choice":"Damaged","damage_taken":8,"max_hp_gain":0,"max_hp_loss":0,"event_name":"Wheel of Change","floor":7,"gold_loss":0}],"is_beta":false,"boss_relics":[],"items_purged_floors":[4],"is_endless":false,"potions_floor_spawned":[1,13,14],"killed_by":"Slime Boss","ascension_level":3}