{"path_per_floor":["M","M","M","?","?","R","?","M","T","E","?","R","$","E","R","B",null,"M","?","?","M","$","R","M","M","T","M","R","M","E","?","R"],"character_chosen":"THE_SILENT","items_purchased":["Shuriken"],"gold_per_floor":[109,124,137,137,137,137,137,152,227,267,442,442,119,160,160,279,279,292,292,292,278,178,178,201,215,215,235,235,253,289,289,289,289],"floor_reached":33,"campfire_rested":5,"playtime":2295,"current_hp_per_floor":[70,70,66,66,49,70,63,51,51,20,20,41,41,28,49,11,70,52,52,52,47,47,47,19,16,16,15,36,21,33,17,38,0],"items_purged":["Regret","Defend_G"],"gold":289,"score":274,"play_id":"0a41228a-4035-437e-8835-bdc3b50778b4","local_time":"20180419090922","is_prod":false,"is_daily":false,"chose_seed":false,"is_ascension_mode":false,"campfire_upgraded":1,"timestamp":1524154162,"path_taken":["M","M","M","?","?","R","?","M","T","E","?","R","?","E","R","BOSS","M","?","?","M","$","R","M","M","T","M","R","M","E","?","R","BOSS"],"build_version":"2018-04-12","seed_source_timestamp":0,"purchased_purges":2,"victory":false,"master_deck":["Defend_G","Defend_G","Defend_G","Defend_G","Strike_G","Strike_G","Strike_G","Strike_G","Survivor","Neutralize+1","Infinite Blades","Backflip","PiercingWail","Footwork+1","Venomology+1","Malaise+1","Terror+1","Malaise+1","Tools of the Trade"],"max_hp_per_floor":[70,70,70,70,70,70,70,70,70,70,70,70,70,70,70,70,70,70,70,70,70,70,70,70,70,70,70,70,70,70,70,70,70],"relics":["Ring of the Snake","Ice Cream","Golden Idol","Toxic Egg 2","Orichalcum","Shuriken","Gremlin Horn","Runic Dome","Spirit Poop","Bag of Marbles","Snake Skull","Enchiridion"],"card_choices":[{"not_picked":["Cloak And Dagger","Dagger Spray"],"picked":"Infinite Blades","floor":1.0},{"not_picked":["Prepared","PiercingWail"],"picked":"Backflip","floor":2.0},{"not_picked":["Dagger Throw","Blade Dance"],"picked":"PiercingWail","floor":3.0},{"not_picked":["All Out Attack","Slice"],"picked":"Footwork","floor":14.0},{"not_picked":["Tactician","Unload"],"picked":"Venomology","floor":16.0},{"not_picked":["Outmaneuver","Escape Plan"],"picked":"Malaise","floor":24},{"not_picked":["Well Laid Plans","Quick Slash"],"picked":"Terror","floor":27},{"not_picked":["Dodge and Roll","Underhanded Strike"],"picked":"Malaise","floor":29},{"not_picked":["Catalyst","Dagger Throw"],"picked":"Tools of the Trade","floor":30}],"player_experience":63753,"potions_floor_usage":[21,21,21,25,25,27,29,29,30,30,33,33],"damage_taken":[{"damage":0.0,"enemies":"2 Louse","floor":1.0,"turns":2.0},{"damage":0.0,"enemies":"Small Slimes","floor":2.0,"turns":3.0},{"damage":4.0,"enemies":"Cultist","floor":3.0,"turns":4.0},{"damage":12.0,"enemies":"Blue Slaver","floor":8.0,"turns":5.0},{"damage":31.0,"enemies":"Gremlin Nob","floor":10.0,"turns":5.0},{"damage":13.0,"enemies":"Lagavulin","floor":14.0,"turns":7.0},{"damage":38.0,"enemies":"Hexaghost","floor":16.0,"turns":13.0},{"damage":18,"enemies":"Spheric Guardian","floor":18,"turns":6},{"damage":5,"enemies":"2 Thieves","floor":21,"turns":4},{"damage":28,"enemies":"3 Cultists","floor":24,"turns":8},{"damage":3,"enemies":"Snecko","floor":25,"turns":7},{"damage":1,"enemies":"Centurion and Healer","floor":27,"turns":8},{"damage":27,"enemies":"Slaver and Parasite","floor":29,"turns":9},{"damage":3,"enemies":"Book of Stabbing","floor":30,"turns":7},{"damage":41,"enemies":"Collector","floor":33,"turns":5}],"event_choices":[{"event_name":"Big Fish","player_choice":"Box","floor":4.0,"damage_taken":0.0},{"event_name":"Golden Idol","player_choice":"Take Damage","floor":5.0,"damage_taken":0.0},{"event_name":"Wheel of Change","player_choice":"Damage","floor":7.0,"damage_taken":0.0},{"event_name":"Liars Game","player_choice":"agreed","floor":11.0,"damage_taken":0.0},{"event_name":"Bonfire Elementals","player_choice":"CURSE","floor":19,"damage_taken":0},{"event_name":"Back to Basics","player_choice":"Elegance","floor":20,"damage_taken":0},{"event_name":"Cursed Tome","player_choice":"Obtained Book","floor":31,"damage_taken":0}],"boss_relics":[{"not_picked":["Velvet Choker","Lizard Tail"],"picked":"Runic Dome"}],"potions_floor_spawned":[2,16,18,24,27,29],"seed_played":"-3722743175263362730","killed_by":"Collector","ascension_level":0,"is_trial":false}