{"gold_per_floor":[411,429,12,12,24,24,49,49,49,76,1,13,39,57,57,57],"floor_reached":16,"playtime":653,"items_purged":["Strike_R"],"score":240,"play_id":"a6912687-7451-481e-9956-f05fbf66c48f","local_time":"20190131174618","is_ascension_mode":true,"campfire_choices":[{"data":"Perfected Strike","floor":6,"key":"SMITH"},{"data":"Mayhem","floor":8,"key":"SMITH"},{"floor":15,"key":"REST"}],"neow_cost":"PERCENT_DAMAGE","seed_source_timestamp":1185659168554887,"circlet_count":0,"master_deck":["AscendersBane","Strike_R","Strike_R","Strike_R","Defend_R","Defend_R","Defend_R","Defend_R","Bash","Cleave","Perfected Strike+1","Mayhem+1","Bludgeon+1","Havoc","Havoc","Reaper","Evolve","Double Tap","Pommel Strike+1"],"relics":["Burning Blood","Old Coin","Bottled Flame","Kunai","Question Card","Molten Egg 2"],"potions_floor_usage":[5,7,16],"damage_taken":[{"damage":8,"enemies":"2 Louse","floor":1,"turns":4},{"damage":9,"enemies":"Jaw Worm","floor":2,"turns":5},{"damage":7,"enemies":"Small Slimes","floor":5,"turns":3},{"damage":15,"enemies":"Lagavulin","floor":7,"turns":5},{"damage":15,"enemies":"3 Sentries","floor":10,"turns":7},{"damage":2,"enemies":"Exordium Wildlife","floor":12,"turns":4},{"damage":32,"enemies":"Gremlin Nob","floor":13,"turns":4},{"damage":35,"enemies":"Large Slime","floor":14,"turns":5},{"damage":51,"enemies":"Hexaghost","floor":16,"turns":9}],"seed_played":"-2793217433205480866","potions_obtained":[{"floor":2,"key":"BloodPotion"},{"floor":5,"key":"Regen Potion"},{"floor":13,"key":"Dexterity Potion"}],"is_trial":false,"path_per_floor":["M","M","$","?","M","R","E","R","T","E","?","M","E","M","R","B"],"character_chosen":"IRONCLAD","items_purchased":["Mayhem","Bludgeon","Havoc"],"campfire_rested":1,"item_purchase_floors":[3,3,3],"current_hp_per_floor":[48,45,45,45,51,51,54,54,54,53,53,57,34,21,43,0],"gold":57,"neow_bonus":"ONE_RARE_RELIC","is_prod":false,"is_daily":false,"chose_seed":false,"campfire_upgraded":2,"win_rate":0,"timestamp":1548974778,"path_taken":["M","M","$","?","M","R","E","R","T","E","?","M","E","M","R","BOSS"],"build_version":"2019-01-23","purchased_purges":1,"victory":false,"max_hp_per_floor":[75,75,75,75,75,75,75,75,75,75,75,75,75,75,75,75],"card_choices":[{"not_picked":["Heavy Blade","Bloodletting"],"picked":"Cleave","floor":1},{"not_picked":["Hemokinesis","True Grit"],"picked":"Perfected Strike","floor":2},{"not_picked":["Shrug It Off","Heavy Blade"],"picked":"Havoc","floor":5},{"not_picked":["Spot Weakness","Armaments"],"picked":"Reaper","floor":7},{"not_picked":["Feel No Pain","Bloodletting"],"picked":"Evolve","floor":10},{"not_picked":["Iron Wave","True Grit","Body Slam","Armaments"],"picked":"SKIP","floor":12},{"not_picked":["Anger","Pummel","Clash"],"picked":"Double Tap","floor":13},{"not_picked":["Thunderclap+1","Havoc","Iron Wave+1"],"picked":"Pommel Strike+1","floor":14}],"player_experience":607705,"relics_obtained":[{"floor":7,"key":"Bottled Flame"},{"floor":9,"key":"Kunai"},{"floor":10,"key":"Question Card"},{"floor":13,"key":"Molten Egg 2"}],"event_choices":[{"damage_healed":0,"gold_gain":0,"player_choice":"Grow","damage_taken":0,"max_hp_gain":0,"max_hp_loss":0,"event_name":"Living Wall","floor":4,"gold_loss":0,"cards_upgraded":["Bludgeon"]},{"cards_removed":["Strike_R"],"damage_healed":0,"gold_gain":0,"player_choice":"Card Removal","damage_taken":0,"max_hp_gain":0,"max_hp_loss":0,"event_name":"The Cleric","floor":11,"gold_loss":75}],"is_beta":false,"boss_relics":[],"items_purged_floors":[3],"is_endless":false,"potions_floor_spawned":[2,5,13],"killed_by":"Hexaghost","ascension_level":20}