{"gold_per_floor":[119,136,136,156,19,19,35,70,94,94,110,110,110,110,110,236,236,256,272,297,318,334,334,874,874,874,118,118,152,170,194,194,325,400,426,438,52,75,90,90,90,90,116,116,116,140,161,175,175,175],"floor_reached":51,"playtime":1950,"items_purged":["Strike_B","Strike_B"],"score":821,"play_id":"0c480f6b-9ee3-432a-adce-a6f9b7d934ef","local_time":"20190301022408","is_ascension_mode":false,"campfire_choices":[{"data":"Defragment","floor":6.0,"key":"SMITH"},{"data":"Tempest","floor":10.0,"key":"SMITH"},{"data":"Dualcast","floor":12.0,"key":"SMITH"},{"data":"Zap","floor":15.0,"key":"SMITH"},{"data":"Fusion","floor":23.0,"key":"SMITH"},{"floor":25.0,"key":"REST"},{"floor":28.0,"key":"REST"},{"floor":32.0,"key":"DIG"},{"floor":40.0,"key":"DIG"},{"floor":41.0,"key":"DIG"},{"floor":42.0,"key":"DIG"},{"floor":44.0,"key":"DIG"},{"floor":45.0,"key":"DIG"},{"floor":49.0,"key":"REST"}],"neow_cost":"NONE","seed_source_timestamp":14222930318727,"circlet_count":0,"master_deck":["Strike_B","Strike_B+1","Defend_B","Defend_B+1","Defend_B","Defend_B","Zap+1","Dualcast+1","Cold Snap","Conserve Battery","Defragment+1","Cold Snap","Glacier","Conserve Battery","Tempest+1","Ball Lightning","Zap+1","Bandage Up","All For One","Coolheaded","Go for the Eyes","Go for the Eyes","Glacier","Ball Lightning","Ball Lightning","Fusion+1","Hologram+1","Glacier+1","All For One","Turbo","Chaos","Stack","Fission","Compile Driver","Leap","Redo+1","Stack","Echo Form","Recycle+1"],"special_seed":0,"relics":["Cracked Core","Golden Idol","Bag of Marbles","Regal Pillow","Orrery","StoneCalendar","Shovel","Anchor","Omamori","MawBank","Tiny House","WingedGreaves","War Paint","Unceasing Top","Pen Nib","Blood Vial","Centennial Puzzle","FossilizedHelix"],"potions_floor_usage":[50,50,50],"damage_taken":[{"damage":0.0,"enemies":"2 Louse","floor":1.0,"turns":3.0},{"damage":0.0,"enemies":"Small Slimes","floor":2.0,"turns":2.0},{"damage":0.0,"enemies":"Cultist","floor":4.0,"turns":3.0},{"damage":4.0,"enemies":"2 Fungi Beasts","floor":7.0,"turns":4.0},{"damage":4.0,"enemies":"Lagavulin","floor":8.0,"turns":6.0},{"damage":0.0,"enemies":"Red Slaver","floor":11.0,"turns":3.0},{"damage":0.0,"enemies":"The Guardian","floor":16.0,"turns":12.0},{"damage":8.0,"enemies":"Shell Parasite","floor":18.0,"turns":4.0},{"damage":3.0,"enemies":"Spheric Guardian","floor":19.0,"turns":4.0},{"damage":11.0,"enemies":"3 Cultists","floor":20.0,"turns":6.0},{"damage":3.0,"enemies":"Shelled Parasite and Fungi","floor":21.0,"turns":6.0},{"damage":8.0,"enemies":"Snake Plant","floor":22.0,"turns":6.0},{"damage":36.0,"enemies":"Slavers","floor":29.0,"turns":5.0},{"damage":0.0,"enemies":"Snecko","floor":30.0,"turns":7.0},{"damage":3.0,"enemies":"Centurion and Healer","floor":31.0,"turns":3.0},{"damage":24.0,"enemies":"Champ","floor":33.0,"turns":10.0},{"damage":0.0,"enemies":"3 Shapes","floor":35.0,"turns":4.0},{"damage":4.0,"enemies":"Orb Walker","floor":38.0,"turns":6.0},{"damage":30.0,"enemies":"Spire Growth","floor":39.0,"turns":6.0},{"damage":26.0,"enemies":"Maw","floor":46.0,"turns":9.0},{"damage":0.0,"enemies":"3 Darklings","floor":47.0,"turns":5.0},{"damage":0.0,"enemies":"Spire Growth","floor":48.0,"turns":5.0},{"damage":41,"enemies":"Awakened One","floor":50,"turns":21}],"seed_played":"-4250127778705875798","potions_obtained":[{"floor":2.0,"key":"Fruit Juice"},{"floor":8.0,"key":"GamblersBrew"},{"floor":16.0,"key":"LiquidBronze"},{"floor":18.0,"key":"SkillPotion"},{"floor":20.0,"key":"SneckoOil"},{"floor":29.0,"key":"Strength Potion"},{"floor":30.0,"key":"AttackPotion"},{"floor":33.0,"key":"Fire Potion"},{"floor":34.0,"key":"GamblersBrew"},{"floor":35.0,"key":"Explosive Potion"},{"floor":36.0,"key":"Ancient Potion"},{"floor":36.0,"key":"SpeedPotion"},{"floor":36.0,"key":"Block Potion"},{"floor":39.0,"key":"Explosive Potion"},{"floor":47.0,"key":"Energy Potion"}],"is_trial":false,"path_per_floor":["M","M","?","M","$","R","M","E","T","R","M","R","?","?","R","B",null,"M","M","M","M","M","R","?","R","T","$","R","E","M","M","R","B",null,"M","?","$","M","M","R","R","R","T","R","R","M","M","M","R","B",null],"character_chosen":"DEFECT","items_purchased":["Cold Snap","Glacier","Conserve Battery","Shovel","Anchor","Glacier","All For One","WingedGreaves"],"campfire_rested":3,"item_purchase_floors":[5,5,5,27,27,27,27,37],"current_hp_per_floor":[75,80,60,60,60,60,56,52,52,52,52,52,57,57,57,61,85,81,82,75,76,72,72,16,56,56,56,85,53,53,50,50,30,90,90,90,90,90,60,60,60,60,60,60,60,40,46,52,90,49],"gold":175,"neow_bonus":"UPGRADE_CARD","is_prod":false,"is_daily":false,"chose_seed":false,"campfire_upgraded":5,"win_rate":0,"timestamp":1551428648,"path_taken":["M","M","?","M","$","R","M","E","T","R","M","R","?","?","R","BOSS","M","?","M","M","M","R","?","R","T","$","R","E","?","M","R","BOSS","M","?","$","M","M","R","R","R","T","R","R","M","M","M","R","BOSS"],"build_version":"2019-01-23","purchased_purges":2,"victory":true,"max_hp_per_floor":[75,80,80,80,80,80,80,80,80,80,80,80,85,85,85,85,85,85,85,85,85,85,85,85,85,85,85,85,85,85,85,85,85,90,90,90,90,90,90,90,90,90,90,90,90,90,90,90,90,90],"card_choices":[{"not_picked":["Coolheaded","Sunder"],"picked":"Cold Snap","floor":1.0},{"not_picked":["Hologram","Doom and Gloom"],"picked":"Conserve Battery","floor":2.0},{"not_picked":["Turbo","Gash"],"picked":"Defragment","floor":4.0},{"not_picked":["Steam","Skim","Go for the Eyes"],"picked":"SKIP","floor":7.0},{"not_picked":["Sweeping Beam","Sunder"],"picked":"Tempest","floor":8.0},{"not_picked":["Chill","Force Field"],"picked":"Ball Lightning","floor":11.0},{"not_picked":["Reboot","Creative AI"],"picked":"All For One","floor":16.0},{"not_picked":["Stack","Steam"],"picked":"Coolheaded","floor":17.0},{"not_picked":["Doom and Gloom","Barrage"],"picked":"Go for the Eyes","floor":17.0},{"not_picked":["BootSequence","Reprogram"],"picked":"Go for the Eyes","floor":17.0},{"not_picked":["Compile Driver","Sunder"],"picked":"Glacier","floor":17.0},{"not_picked":["Beam Cell","Leap","Sunder+1"],"picked":"SKIP","floor":18.0},{"not_picked":["Redo","Conserve Battery+1"],"picked":"Ball Lightning","floor":19.0},{"not_picked":["Rainbow","Streamline"],"picked":"Ball Lightning","floor":20.0},{"not_picked":["Beam Cell","Redo"],"picked":"Fusion","floor":21.0},{"not_picked":["Melter","Rebound"],"picked":"Hologram+1","floor":22.0},{"not_picked":["Sweeping Beam","Barrage"],"picked":"Turbo","floor":29.0},{"not_picked":["Heatsinks+1","Go for the Eyes"],"picked":"Chaos","floor":30.0},{"not_picked":["Turbo","Force Field"],"picked":"Stack","floor":31.0},{"not_picked":["Amplify","Hyperbeam"],"picked":"Fission","floor":33.0},{"not_picked":["Loop","Streamline"],"picked":"Compile Driver","floor":34.0},{"not_picked":["Rebound","BootSequence+1","Go for the Eyes"],"picked":"SKIP","floor":35.0},{"not_picked":["Barrage","Chill"],"picked":"Leap","floor":38.0},{"not_picked":["Barrage+1","Turbo"],"picked":"Redo+1","floor":39.0},{"not_picked":["Gash","Undo"],"picked":"Stack","floor":46.0},{"not_picked":["Ball Lightning+1","Cold Snap+1"],"picked":"Echo Form","floor":47.0},{"not_picked":["Go for the Eyes+1","Beam Cell+1"],"picked":"Recycle+1","floor":48.0}],"player_experience":960657,"relics_obtained":[{"floor":8.0,"key":"Bag of Marbles"},{"floor":9.0,"key":"Regal Pillow"},{"floor":26.0,"key":"StoneCalendar"},{"floor":29.0,"key":"Omamori"},{"floor":32.0,"key":"MawBank"},{"floor":40.0,"key":"War Paint"},{"floor":41.0,"key":"Unceasing Top"},{"floor":42.0,"key":"Pen Nib"},{"floor":43.0,"key":"Blood Vial"},{"floor":44.0,"key":"Centennial Puzzle"},{"floor":45.0,"key":"FossilizedHelix"}],"event_choices":[{"damage_healed":0.0,"max_hp_gain":0.0,"max_hp_loss":0.0,"gold_gain":0.0,"event_name":"Golden Idol","player_choice":"Take Damage","floor":3.0,"gold_loss":0.0,"damage_taken":20.0,"relics_obtained":["Golden Idol"]},{"damage_healed":0.0,"max_hp_gain":5.0,"max_hp_loss":0.0,"gold_gain":0.0,"event_name":"Big Fish","player_choice":"Donut","floor":13.0,"gold_loss":0.0,"damage_taken":0.0},{"damage_healed":0.0,"max_hp_gain":0.0,"max_hp_loss":0.0,"gold_gain":0.0,"event_name":"Match and Keep!","player_choice":"2 cards matched","floor":14.0,"gold_loss":0.0,"damage_taken":0.0,"cards_obtained":["Zap","Bandage Up"]},{"damage_healed":0.0,"max_hp_gain":0.0,"max_hp_loss":0.0,"gold_gain":540.0,"event_name":"Knowing Skull","player_choice":"GOLD GOLD GOLD GOLD GOLD GOLD ","floor":24.0,"potions_obtained":[],"gold_loss":0.0,"damage_taken":56.0,"cards_obtained":[]},{"damage_healed":0.0,"max_hp_gain":0.0,"max_hp_loss":0.0,"gold_gain":0.0,"event_name":"Lab","player_choice":"Got Potions","floor":36.0,"gold_loss":0.0,"damage_taken":0.0}],"is_beta":false,"boss_relics":[{"not_picked":["Lizard Tail","White Beast Statue"],"picked":"Orrery"},{"not_picked":["FrozenCore","Black Star"],"picked":"Tiny House"}],"items_purged_floors":[27,37],"is_endless":false,"potions_floor_spawned":[2,8,16,18,20,29,30,33,35,39,47],"ascension_level":0}