{"gold_per_floor":[116,129,142,67,77,77,177,192,192,208,243,243,254,270,270,372,372,382,297,329,349,349],"floor_reached":22,"playtime":2027,"items_purged":["Defend_B"],"score":190,"play_id":"11093a07-dda8-4fa1-a408-31c8fcee0348","local_time":"20190105214707","is_ascension_mode":false,"campfire_choices":[{"data":"Go for the Eyes","floor":6,"key":"SMITH"},{"data":"Leap","floor":15,"key":"SMITH"}],"neow_cost":"NONE","seed_source_timestamp":38544976941543,"circlet_count":0,"master_deck":["Strike_B","Strike_B","Strike_B","Defend_B","Defend_B","Defend_B","Zap","Dualcast","Leap+1","Go for the Eyes+1","Steam","Hologram","Sweeping Beam","Capacitor","Cold Snap","Machine Learning","Double Energy","Leap+1"],"relics":["Cracked Core","Gremlin Horn","Sozu","Matryoshka","Red Mask"],"potions_floor_usage":[16],"damage_taken":[{"damage":1,"enemies":"Jaw Worm","floor":1,"turns":3},{"damage":1,"enemies":"Cultist","floor":2,"turns":3},{"damage":0,"enemies":"2 Louse","floor":3,"turns":1},{"damage":2,"enemies":"Red Slaver","floor":5,"turns":3},{"damage":2,"enemies":"Looter","floor":8,"turns":3},{"damage":0,"enemies":"2 Fungi Beasts","floor":10,"turns":2},{"damage":49,"enemies":"Gremlin Nob","floor":11,"turns":6},{"damage":0,"enemies":"Red Slaver","floor":13,"turns":4},{"damage":4,"enemies":"Large Slime","floor":14,"turns":5},{"damage":18,"enemies":"The Guardian","floor":16,"turns":18},{"damage":1,"enemies":"Chosen","floor":18,"turns":6},{"damage":37,"enemies":"Masked Bandits","floor":20,"turns":7},{"damage":9,"enemies":"Spheric Guardian","floor":21,"turns":5},{"damage":37,"enemies":"Centurion and Healer","floor":22,"turns":20}],"seed_played":"-4314945938279009341","potions_obtained":[{"floor":2,"key":"Dexterity Potion"},{"floor":5,"key":"EssenceOfSteel"},{"floor":8,"key":"FearPotion"},{"floor":16,"key":"SkillPotion"}],"is_trial":false,"path_per_floor":["M","M","M","$","M","R","?","M","T","M","E","?","M","M","R","B",null,"M","?","?","M","M"],"character_chosen":"DEFECT","items_purchased":[],"campfire_rested":0,"item_purchase_floors":[],"current_hp_per_floor":[81,80,80,80,78,78,78,76,76,76,27,27,27,23,23,5,82,81,81,44,35,0],"gold":349,"neow_bonus":"TEN_PERCENT_HP_BONUS","is_prod":false,"is_daily":false,"chose_seed":false,"campfire_upgraded":2,"win_rate":0,"timestamp":1546692427,"path_taken":["M","M","M","$","M","R","?","M","T","?","E","?","M","M","R","BOSS","M","?","?","M","M"],"build_version":"2019-01-03v4","purchased_purges":1,"victory":false,"max_hp_per_floor":[82,82,82,82,82,82,82,82,82,82,82,82,82,82,82,82,82,82,82,82,82,82],"card_choices":[{"not_picked":["Beam Cell","FTL"],"picked":"Leap","floor":1},{"not_picked":["Compile Driver","Steam"],"picked":"Go for the Eyes","floor":2},{"not_picked":["Fusion","Self Repair"],"picked":"Steam","floor":3},{"not_picked":["Leap","Stack"],"picked":"Hologram","floor":5},{"not_picked":["Ball Lightning","Chaos"],"picked":"Sweeping Beam","floor":8},{"not_picked":["Coolheaded","Sweeping Beam"],"picked":"Capacitor","floor":10},{"not_picked":["Amplify","Coolheaded"],"picked":"Cold Snap","floor":11},{"not_picked":["Aggregate","Redo","Tempest"],"picked":"SKIP","floor":13},{"not_picked":["Rip and Tear","Hologram","Hello World"],"picked":"SKIP","floor":14},{"not_picked":["Hyperbeam","Meteor Strike"],"picked":"Machine Learning","floor":16},{"not_picked":["Recycle","Melter"],"picked":"Double Energy","floor":18},{"not_picked":["Redo","Blizzard"],"picked":"Leap+1","floor":20},{"not_picked":["Conserve Battery","Sunder","Capacitor+1"],"picked":"SKIP","floor":21}],"player_experience":124627,"relics_obtained":[{"floor":11,"key":"Gremlin Horn"},{"floor":20,"key":"Red Mask"}],"event_choices":[{"damage_healed":0,"gold_gain":100,"player_choice":"Pray","damage_taken":0,"max_hp_gain":0,"max_hp_loss":0,"event_name":"Golden Shrine","floor":7,"gold_loss":0},{"cards_removed":["Strike_B"],"damage_healed":0,"gold_gain":0,"player_choice":"Purged","damage_taken":0,"max_hp_gain":0,"max_hp_loss":0,"event_name":"Purifier","floor":12,"gold_loss":0},{"damage_healed":0,"gold_gain":0,"player_choice":"Obtained Relic","damage_taken":0,"relics_obtained":["Matryoshka"],"max_hp_gain":0,"max_hp_loss":0,"event_name":"Addict","floor":19,"gold_loss":85},{"damage_healed":0,"gold_gain":0,"player_choice":"Fought Bandits","damage_taken":0,"max_hp_gain":0,"max_hp_loss":0,"event_name":"Masked Bandits","floor":20,"gold_loss":0}],"is_beta":false,"boss_relics":[{"not_picked":["Ectoplasm","Calling Bell"],"picked":"Sozu"}],"items_purged_floors":[4],"is_endless":false,"potions_floor_spawned":[2,5,8,13,16],"killed_by":"Centurion and Healer","ascension_level":0}