{"gold_per_floor":[117,67,85,160,171,171,14,24,96,96,21,41,41,70,70,165,165,183,183,193,193,82,82,8,8,8,8,28,28,28,54,54,150,150,160,172,191,191,91,91,111,157,157,157,168,198,45,45,45,45],"floor_reached":51,"playtime":1831,"items_purged":["Strike_B","Writhe"],"score":855,"play_id":"f21592a9-2f08-422a-a4c3-ae7e4370e5eb","local_time":"20181206095315","is_ascension_mode":true,"campfire_choices":[{"data":"Loop","floor":6,"key":"SMITH"},{"data":"Self Repair","floor":10,"key":"SMITH"},{"data":"Loop","floor":13,"key":"SMITH"},{"data":"Dualcast","floor":15,"key":"SMITH"},{"data":"Echo Form","floor":23,"key":"SMITH"},{"data":"Storm","floor":25,"key":"SMITH"},{"data":"Genetic Algorithm","floor":32,"key":"SMITH"},{"data":"Thunder Strike","floor":40,"key":"SMITH"},{"data":"Genetic Algorithm","floor":44,"key":"SMITH"},{"data":"Madness","floor":49,"key":"SMITH"}],"neow_cost":"PERCENT_DAMAGE","seed_source_timestamp":482304165189667,"circlet_count":0,"master_deck":["Strike_B","Defend_B","Defend_B","Defend_B","Defend_B","Dualcast+1","Hologram","Ball Lightning","Ball Lightning","Loop+1","Thunder Strike+1","Self Repair+1","Loop+1","Ball Lightning","Echo Form+1","Ghostly","Ghostly","Ghostly","Ghostly","Ghostly","Genetic Algorithm","Storm+1","Genetic Algorithm+1","Defragment+1","Darkness+1","Genetic Algorithm+1","Core Surge","Madness+1","Genetic Algorithm+1","Ball Lightning+1","Panacea+1"],"relics":["Cracked Core","Kunai","Lantern","Busted Crown","MutagenicStrength","Frozen Egg 2","Bronze Scales","Incense Burner","Philosopher\u0027s Stone","Ginger","Darkstone Periapt","Toxic Egg 2","DataDisk"],"potions_floor_usage":[14,31,37,42,45,45,46,50,50],"damage_taken":[{"damage":0,"enemies":"2 Louse","floor":1,"turns":1},{"damage":0,"enemies":"Small Slimes","floor":3,"turns":2},{"damage":4,"enemies":"Jaw Worm","floor":5,"turns":3},{"damage":16,"enemies":"Blue Slaver","floor":8,"turns":3},{"damage":0,"enemies":"Large Slime","floor":12,"turns":4},{"damage":29,"enemies":"Lagavulin","floor":14,"turns":4},{"damage":11,"enemies":"Hexaghost","floor":16,"turns":6},{"damage":43,"enemies":"2 Thieves","floor":18,"turns":4},{"damage":3,"enemies":"Spheric Guardian","floor":20,"turns":3},{"damage":13,"enemies":"Chosen and Byrds","floor":28,"turns":4},{"damage":3,"enemies":"Gremlin Leader","floor":31,"turns":5},{"damage":19,"enemies":"Champ","floor":33,"turns":8},{"damage":19,"enemies":"3 Shapes","floor":35,"turns":4},{"damage":5,"enemies":"3 Darklings","floor":36,"turns":5},{"damage":0,"enemies":"4 Shapes","floor":37,"turns":6},{"damage":4,"enemies":"Sphere and 2 Shapes","floor":41,"turns":4},{"damage":2,"enemies":"2 Orb Walkers","floor":42,"turns":4},{"damage":2,"enemies":"Transient","floor":45,"turns":5},{"damage":4,"enemies":"Reptomancer","floor":46,"turns":5},{"damage":9,"enemies":"Awakened One","floor":50,"turns":8}],"seed_played":"-7285047029377468595","potions_obtained":[{"floor":5,"key":"Dexterity Potion"},{"floor":8,"key":"Explosive Potion"},{"floor":28,"key":"FocusPotion"},{"floor":33,"key":"EntropicBrew"},{"floor":36,"key":"EssenceOfSteel"},{"floor":41,"key":"Energy Potion"},{"floor":45,"key":"Regen Potion"},{"floor":46,"key":"FearPotion"}],"is_trial":false,"path_per_floor":["M","?","M","?","M","R","$","M","T","R","$","M","R","E","R","B",null,"M","?","M","?","$","R","$","R","T","?","M","?","?","E","R","B",null,"M","M","M","?","$","R","M","?","T","R","M","E","$","?","R","B",null],"character_chosen":"DEFECT","items_purchased":["Thunder Strike","Self Repair","Genetic Algorithm","Storm","Genetic Algorithm","DataDisk"],"campfire_rested":0,"item_purchase_floors":[7,7,22,22,24,47],"current_hp_per_floor":[54,54,54,43,39,39,39,30,30,30,30,40,40,21,21,20,75,42,42,59,37,37,37,37,37,37,37,34,34,34,37,37,28,37,18,33,37,32,32,32,37,35,35,35,37,37,37,37,37,36],"gold":45,"neow_bonus":"TRANSFORM_TWO_CARDS","is_prod":false,"is_daily":false,"chose_seed":false,"campfire_upgraded":10,"win_rate":0,"timestamp":1544107995,"path_taken":["M","?","M","?","M","R","?","M","T","R","?","M","R","E","R","BOSS","M","?","M","?","?","R","$","R","T","?","M","?","?","E","R","BOSS","M","M","?","?","?","R","M","?","T","R","M","E","$","?","R","BOSS"],"build_version":"2018-11-15","purchased_purges":2,"victory":true,"max_hp_per_floor":[75,75,75,75,75,75,75,75,75,75,75,75,75,75,75,75,75,75,75,75,37,37,37,37,37,37,37,37,37,37,37,37,37,37,37,37,37,37,37,37,37,37,37,37,37,37,37,37,37,37],"card_choices":[{"not_picked":["Gash","Conserve Battery"],"picked":"Ball Lightning","floor":1},{"not_picked":["Cold Snap","Barrage"],"picked":"Loop","floor":3},{"not_picked":["Fusion","Streamline","Force Field"],"picked":"SKIP","floor":5},{"not_picked":["Streamline","Turbo","Stack"],"picked":"SKIP","floor":8},{"not_picked":["Barrage","Turbo"],"picked":"Loop","floor":12},{"not_picked":["Go for the Eyes","Gash"],"picked":"Ball Lightning","floor":14},{"not_picked":["Reboot","Hyperbeam"],"picked":"Echo Form","floor":16},{"not_picked":["Sweeping Beam+1"],"picked":"SKIP","floor":18},{"not_picked":["Recycle"],"picked":"SKIP","floor":20},{"not_picked":[],"picked":"Darkness+1","floor":28},{"not_picked":[],"picked":"Genetic Algorithm","floor":31},{"not_picked":[],"picked":"Core Surge","floor":33},{"not_picked":["Fusion"],"picked":"SKIP","floor":35},{"not_picked":["Rebound"],"picked":"SKIP","floor":36},{"not_picked":["Go for the Eyes"],"picked":"SKIP","floor":37},{"not_picked":["Turbo"],"picked":"SKIP","floor":41},{"not_picked":[],"picked":"Genetic Algorithm","floor":42},{"not_picked":["Turbo"],"picked":"SKIP","floor":45},{"not_picked":[],"picked":"Ball Lightning+1","floor":46}],"player_experience":281199,"relics_obtained":[{"floor":9,"key":"Kunai"},{"floor":14,"key":"Lantern"},{"floor":26,"key":"Frozen Egg 2"},{"floor":31,"key":"Incense Burner"},{"floor":42,"key":"Ginger"},{"floor":43,"key":"Darkstone Periapt"},{"floor":46,"key":"Toxic Egg 2"}],"event_choices":[{"cards_removed":["Strike_B"],"damage_healed":0,"gold_gain":0,"player_choice":"Card Removal","damage_taken":0,"max_hp_gain":0,"max_hp_loss":0,"event_name":"The Cleric","floor":2,"gold_loss":50},{"damage_healed":0,"gold_gain":75,"player_choice":"Gather Gold","damage_taken":11,"max_hp_gain":0,"max_hp_loss":0,"event_name":"World of Goop","floor":4,"gold_loss":0},{"damage_healed":0,"gold_gain":0,"player_choice":"Inject Mutagens","damage_taken":0,"relics_obtained":["MutagenicStrength"],"max_hp_gain":0,"max_hp_loss":0,"event_name":"Drug Dealer","floor":19,"gold_loss":0},{"damage_healed":0,"gold_gain":0,"player_choice":"Became a Ghost","damage_taken":0,"max_hp_gain":0,"max_hp_loss":38,"event_name":"Ghosts","floor":21,"gold_loss":0,"cards_obtained":["Ghostly","Ghostly","Ghostly","Ghostly","Ghostly"]},{"damage_healed":0,"gold_gain":0,"player_choice":"Read","damage_taken":0,"max_hp_gain":0,"max_hp_loss":0,"event_name":"The Library","floor":27,"gold_loss":0,"cards_obtained":["Defragment"]},{"damage_healed":0,"gold_gain":0,"player_choice":"Opened","damage_taken":0,"relics_obtained":["Bronze Scales"],"max_hp_gain":0,"max_hp_loss":0,"event_name":"The Mausoleum","floor":29,"gold_loss":0,"cards_obtained":["Writhe"]},{"damage_healed":0,"gold_gain":0,"player_choice":"Upgraded","damage_taken":0,"max_hp_gain":0,"max_hp_loss":0,"event_name":"Upgrade Shrine","floor":30,"gold_loss":0,"cards_upgraded":["Genetic Algorithm"]},{"damage_healed":0,"gold_gain":0,"player_choice":"Embrace Madness","damage_taken":5,"max_hp_gain":0,"max_hp_loss":0,"event_name":"Winding Halls","floor":38,"gold_loss":0,"cards_obtained":["Madness","Madness"]},{"damage_healed":0,"gold_gain":0,"player_choice":"Fight","damage_taken":0,"max_hp_gain":0,"max_hp_loss":0,"event_name":"Mysterious Sphere","floor":42,"gold_loss":0},{"damage_healed":0,"gold_gain":0,"cards_transformed":["Madness"],"player_choice":"Transformed","damage_taken":0,"max_hp_gain":0,"max_hp_loss":0,"event_name":"Transmorgrifier","floor":48,"gold_loss":0,"cards_obtained":["Panacea"]}],"is_beta":false,"boss_relics":[{"not_picked":["Tiny House","Orrery"],"picked":"Busted Crown"},{"not_picked":["Nuclear Battery","White Beast Statue"],"picked":"Philosopher\u0027s Stone"}],"items_purged_floors":[11,39],"is_endless":false,"potions_floor_spawned":[5,8,28,33,36,41,45,46],"ascension_level":2}