{"gold_per_floor":[114,132,151,170,181,181,209,226,526,526,540,540,557,590,590,685,685,685],"floor_reached":18,"playtime":846,"items_purged":[],"score":220,"play_id":"bd030aa2-fe2f-4e34-9002-dc92d3978ac4","local_time":"20190112232852","is_ascension_mode":true,"campfire_choices":[{"data":"Whirlwind","floor":6,"key":"SMITH"},{"data":"True Grit","floor":10,"key":"SMITH"},{"data":"Entrench","floor":12,"key":"SMITH"},{"data":"Body Slam","floor":15,"key":"SMITH"}],"neow_cost":"NONE","seed_source_timestamp":53349171717568,"circlet_count":0,"master_deck":["Strike_R","Strike_R","Strike_R","Strike_R","Defend_R","Defend_R","Defend_R","Defend_R","Bash","Whirlwind+1","True Grit+1","Shrug It Off","Twin Strike","Bludgeon","Entrench+1","Disarm","Power Through","Seeing Red","Body Slam+1","Feed"],"relics":["Burning Blood","Question Card","Old Coin","Dodecahedron","Runic Pyramid"],"potions_floor_usage":[7,16],"damage_taken":[{"damage":6,"enemies":"2 Louse","floor":1,"turns":3},{"damage":6,"enemies":"Cultist","floor":2,"turns":3},{"damage":12,"enemies":"Small Slimes","floor":3,"turns":2},{"damage":9,"enemies":"Looter","floor":4,"turns":4},{"damage":14,"enemies":"Red Slaver","floor":5,"turns":4},{"damage":20,"enemies":"3 Sentries","floor":7,"turns":4},{"damage":18,"enemies":"Lots of Slimes","floor":8,"turns":3},{"damage":6,"enemies":"Exordium Thugs","floor":11,"turns":5},{"damage":0,"enemies":"Large Slime","floor":13,"turns":4},{"damage":29,"enemies":"Lagavulin","floor":14,"turns":7},{"damage":16,"enemies":"The Guardian","floor":16,"turns":13},{"damage":72,"enemies":"Chosen","floor":18,"turns":10}],"seed_played":"-8158522394261845186","potions_obtained":[{"floor":3,"key":"Regen Potion"},{"floor":11,"key":"LiquidBronze"},{"floor":16,"key":"Ancient Potion"}],"is_trial":false,"path_per_floor":["M","M","M","M","M","R","E","M","T","R","M","R","M","E","R","B",null,"M"],"character_chosen":"IRONCLAD","items_purchased":[],"campfire_rested":0,"item_purchase_floors":[],"current_hp_per_floor":[80,80,74,71,63,63,61,49,49,49,49,49,55,32,32,22,66,0],"gold":685,"neow_bonus":"REMOVE_CARD","is_prod":false,"is_daily":false,"chose_seed":false,"campfire_upgraded":4,"win_rate":0,"timestamp":1547303332,"path_taken":["M","M","M","M","M","R","E","M","T","R","M","R","M","E","R","BOSS","M"],"build_version":"2019-01-10","purchased_purges":0,"victory":false,"max_hp_per_floor":[80,80,80,80,80,80,80,80,80,80,80,80,80,80,80,80,80,80],"card_choices":[{"not_picked":["Clash","Intimidate"],"picked":"Whirlwind","floor":1},{"not_picked":["Dropkick","Havoc"],"picked":"True Grit","floor":2},{"not_picked":["Reckless Charge","Havoc"],"picked":"Shrug It Off","floor":3},{"not_picked":["Iron Wave","Heavy Blade"],"picked":"Twin Strike","floor":4},{"not_picked":["Dropkick","Thunderclap"],"picked":"Bludgeon","floor":5},{"not_picked":["Body Slam","Twin Strike"],"picked":"Entrench","floor":7},{"not_picked":["Wild Strike","Perfected Strike","Iron Wave"],"picked":"Disarm","floor":8},{"not_picked":["Pommel Strike","Bludgeon","Pummel"],"picked":"Power Through","floor":11},{"not_picked":["Clothesline","Sword Boomerang","Hemokinesis"],"picked":"Seeing Red","floor":13},{"not_picked":["Metallicize","Iron Wave","Sever Soul"],"picked":"Body Slam","floor":14},{"not_picked":["Offering","Demon Form","Brutality"],"picked":"Feed","floor":16}],"player_experience":225166,"relics_obtained":[{"floor":7,"key":"Question Card"},{"floor":9,"key":"Old Coin"},{"floor":14,"key":"Dodecahedron"}],"event_choices":[],"is_beta":false,"boss_relics":[{"not_picked":["Eternal Feather","Coffee Dripper"],"picked":"Runic Pyramid"}],"items_purged_floors":[],"is_endless":false,"potions_floor_spawned":[3,11,16],"killed_by":"Chosen","ascension_level":5}