{"gold_per_floor":[118,118,129,204,204,204,244,244,244,257,257,276,297,65,65,195,195,214,205,220,39,54,98,98,131,131,131,131,144,69,69,69,69],"floor_reached":33,"playtime":1330,"items_purged":["Strike_R","Defend_R"],"score":496,"play_id":"2109de9b-494e-450d-815c-e4026c914a2f","local_time":"20190116100626","is_ascension_mode":true,"campfire_choices":[{"data":"Body Slam","floor":6,"key":"SMITH"},{"data":"Bash","floor":8,"key":"SMITH"},{"data":"Defend_R","floor":11,"key":"SMITH"},{"data":"Defend_R","floor":15,"key":"SMITH"},{"data":"Metallicize","floor":24,"key":"SMITH"},{"data":"Demon Form","floor":28,"key":"SMITH"},{"floor":32,"key":"REST"}],"neow_cost":"NONE","seed_source_timestamp":575852506024324,"circlet_count":0,"master_deck":["AscendersBane","Strike_R","Strike_R","Defend_R","Defend_R+1","Defend_R+1","Bash+1","Body Slam+1","Warcry+1","Flame Barrier+1","Shrug It Off+1","Demon Form+1","Flame Barrier+1","Metallicize+1","Metallicize+1","Entrench+1"],"relics":["Burning Blood","NeowsBlessing","Toxic Egg 2","Golden Idol","Strawberry","Bronze Scales","Empty Cage","Kunai","Frozen Egg 2","Question Card","Bag of Preparation"],"potions_floor_usage":[14,18,20],"damage_taken":[{"damage":0,"enemies":"Jaw Worm","floor":1,"turns":1},{"damage":0,"enemies":"2 Louse","floor":3,"turns":1},{"damage":0,"enemies":"3 Sentries","floor":7,"turns":1},{"damage":3,"enemies":"Small Slimes","floor":10,"turns":4},{"damage":8,"enemies":"Blue Slaver","floor":12,"turns":3},{"damage":1,"enemies":"2 Fungi Beasts","floor":13,"turns":3},{"damage":32,"enemies":"The Guardian","floor":16,"turns":14},{"damage":5,"enemies":"3 Byrds","floor":18,"turns":4},{"damage":7,"enemies":"2 Thieves","floor":19,"turns":4},{"damage":17,"enemies":"Shelled Parasite and Fungi","floor":20,"turns":6},{"damage":2,"enemies":"Cultist and Chosen","floor":22,"turns":8},{"damage":1,"enemies":"Book of Stabbing","floor":23,"turns":7},{"damage":33,"enemies":"Gremlin Leader","floor":25,"turns":7},{"damage":13,"enemies":"Centurion and Healer","floor":29,"turns":10},{"damage":72,"enemies":"Collector","floor":33,"turns":8}],"seed_played":"1464517810432795751","potions_obtained":[{"floor":7,"key":"AttackPotion"},{"floor":12,"key":"Fire Potion"},{"floor":16,"key":"SkillPotion"},{"floor":18,"key":"SkillPotion"},{"floor":19,"key":"SpeedPotion"}],"is_trial":false,"path_per_floor":["M","?","M","?","?","R","E","R","T","M","R","M","M","$","R","B",null,"M","M","M","$","M","E","R","E","T","?","R","M","?","?","R","B"],"character_chosen":"IRONCLAD","items_purchased":["Fruit Juice","Shrug It Off+1","Metallicize"],"campfire_rested":1,"item_purchase_floors":[14,14,21],"current_hp_per_floor":[78,53,59,48,48,48,61,61,61,64,64,62,67,72,72,46,76,77,76,65,65,69,74,74,47,47,47,47,40,40,40,65,0],"gold":69,"neow_bonus":"THREE_ENEMY_KILL","is_prod":false,"is_daily":false,"chose_seed":false,"campfire_upgraded":6,"win_rate":0,"timestamp":1547651186,"path_taken":["M","?","M","?","?","R","E","R","T","M","R","M","M","$","R","BOSS","M","M","M","$","M","E","R","E","T","?","R","M","?","?","R","BOSS"],"build_version":"2019-01-10","purchased_purges":2,"victory":false,"max_hp_per_floor":[80,80,80,80,74,74,81,81,81,81,81,81,81,86,86,86,86,86,86,86,86,86,86,86,86,86,86,86,86,86,86,86,86],"card_choices":[{"not_picked":["Armaments","Anger"],"picked":"Body Slam","floor":1},{"not_picked":["Inflame","Wild Strike"],"picked":"Warcry+1","floor":3},{"not_picked":["Fiend Fire","Clothesline","Rupture"],"picked":"SKIP","floor":7},{"not_picked":["Searing Blow","Blood for Blood"],"picked":"Flame Barrier+1","floor":10},{"not_picked":["Headbutt","Sever Soul","Pommel Strike"],"picked":"SKIP","floor":12},{"not_picked":["Thunderclap","Havoc+1","Feel No Pain"],"picked":"SKIP","floor":13},{"not_picked":["Exhume+1","Dark Embrace"],"picked":"Demon Form","floor":16},{"not_picked":["Pummel","Perfected Strike"],"picked":"Flame Barrier+1","floor":18},{"not_picked":["Flex+1","Twin Strike+1","Power Through+1"],"picked":"SKIP","floor":19},{"not_picked":["Fire Breathing","Clash"],"picked":"Metallicize+1","floor":20},{"not_picked":["Anger","Seeing Red+1"],"picked":"Entrench+1","floor":22},{"not_picked":["Perfected Strike","Havoc+1","Rupture"],"picked":"SKIP","floor":23},{"not_picked":["Twin Strike","Anger","Clothesline"],"picked":"SKIP","floor":25},{"not_picked":["Havoc+1","Shockwave+1","Rage+1","Anger"],"picked":"SKIP","floor":29}],"player_experience":390540,"relics_obtained":[{"floor":7,"key":"Strawberry"},{"floor":9,"key":"Bronze Scales"},{"floor":23,"key":"Kunai"},{"floor":25,"key":"Frozen Egg 2"},{"floor":26,"key":"Question Card"}],"event_choices":[{"damage_healed":0,"gold_gain":0,"player_choice":"Success","damage_taken":25,"relics_obtained":["Toxic Egg 2"],"max_hp_gain":0,"max_hp_loss":0,"event_name":"Scrap Ooze","floor":2,"gold_loss":0},{"damage_healed":0,"gold_gain":75,"player_choice":"Gather Gold","damage_taken":11,"max_hp_gain":0,"max_hp_loss":0,"event_name":"World of Goop","floor":4,"gold_loss":0},{"damage_healed":0,"gold_gain":0,"player_choice":"Lose Max HP","damage_taken":0,"relics_obtained":["Golden Idol"],"max_hp_gain":0,"max_hp_loss":6,"event_name":"Golden Idol","floor":5,"gold_loss":0},{"damage_healed":0,"gold_gain":0,"player_choice":"Opened","damage_taken":0,"relics_obtained":["Bag of Preparation"],"max_hp_gain":0,"max_hp_loss":0,"event_name":"The Mausoleum","floor":27,"gold_loss":0,"cards_obtained":["Writhe"]},{"cards_removed":["Writhe"],"damage_healed":0,"gold_gain":0,"player_choice":"Gave Gold","damage_taken":0,"max_hp_gain":0,"max_hp_loss":0,"event_name":"Beggar","floor":30,"gold_loss":75},{"damage_healed":0,"gold_gain":0,"player_choice":"Leave","damage_taken":0,"max_hp_gain":0,"max_hp_loss":0,"event_name":"FaceTrader","floor":31,"gold_loss":0}],"is_beta":false,"boss_relics":[{"not_picked":["Tiny House","Runic Pyramid"],"picked":"Empty Cage"}],"items_purged_floors":[14,21],"is_endless":false,"potions_floor_spawned":[7,12,16,18,19],"killed_by":"Collector","ascension_level":12}