{"gold_per_floor":[119,134,84,84,84,84,9,9,9,43,43,60,72,102,102,207,207,179,179,189,19,19,19,54,66,78,90,118,144,168,196,208,220],"floor_reached":33,"playtime":1833,"items_purged":["Regret"],"score":525,"play_id":"fe2119dd-022c-4156-8230-10912077a7b3","local_time":"20190215231926","is_ascension_mode":true,"campfire_choices":[{"data":"Zap","floor":6.0,"key":"SMITH"},{"data":"Consume","floor":8.0,"key":"SMITH"},{"data":"Cold Snap","floor":11.0,"key":"SMITH"},{"data":"Cold Snap","floor":15.0,"key":"SMITH"},{"data":"Loop","floor":23.0,"key":"SMITH"},{"data":"Core Surge","floor":25.0,"key":"SMITH"},{"floor":27.0,"key":"REST"},{"floor":32.0,"key":"REST"}],"neow_cost":"NONE","seed_source_timestamp":183603879130582,"circlet_count":0,"master_deck":["AscendersBane","Strike_B+1","Strike_B","Strike_B","Defend_B","Defend_B","Defend_B","Defend_B","Zap+1","Dualcast+1","Consume+1","Cold Snap+1","Cold Snap+1","Undo","Loop+1","Master of Strategy","Core Surge+1","Conserve Battery","Coolheaded","Go for the Eyes+1"],"special_seed":0,"relics":["FrozenCore","NeowsBlessing","Blood Vial","Orichalcum","Calipers","Nloth\u0027s Gift","MawBank","Bag of Marbles"],"potions_floor_usage":[33,33],"damage_taken":[{"damage":0.0,"enemies":"Small Slimes","floor":1.0,"turns":1.0},{"damage":0.0,"enemies":"2 Louse","floor":2.0,"turns":1.0},{"damage":0.0,"enemies":"Lagavulin","floor":10.0,"turns":1.0},{"damage":0.0,"enemies":"Cultist","floor":12.0,"turns":3.0},{"damage":4.0,"enemies":"Blue Slaver","floor":13.0,"turns":3.0},{"damage":11.0,"enemies":"Gremlin Nob","floor":14.0,"turns":4.0},{"damage":0.0,"enemies":"Slime Boss","floor":16.0,"turns":13.0},{"damage":21.0,"enemies":"2 Thieves","floor":18.0,"turns":5.0},{"damage":3.0,"enemies":"Spheric Guardian","floor":20.0,"turns":4.0},{"damage":37.0,"enemies":"Slavers","floor":24.0,"turns":7.0},{"damage":19.0,"enemies":"Chosen and Byrds","floor":28.0,"turns":6.0},{"damage":8.0,"enemies":"Snake Plant","floor":29.0,"turns":5.0},{"damage":2.0,"enemies":"Cultist and Chosen","floor":30.0,"turns":7.0},{"damage":3.0,"enemies":"Chosen and Byrds","floor":31.0,"turns":8.0},{"damage":61,"enemies":"Collector","floor":33,"turns":28}],"seed_played":"4297385023449443131","potions_obtained":[{"floor":2.0,"key":"Regen Potion"},{"floor":16.0,"key":"FocusPotion"},{"floor":24.0,"key":"Energy Potion"},{"floor":29.0,"key":"Fire Potion"},{"floor":31.0,"key":"SkillPotion"}],"is_trial":false,"path_per_floor":["M","M","?","?","?","R","$","R","T","E","R","M","M","E","R","B",null,"M","?","M","$","?","R","E","R","T","R","M","M","M","M","R","B"],"character_chosen":"DEFECT","items_purchased":["Master of Strategy"],"campfire_rested":2,"item_purchase_floors":[21],"current_hp_per_floor":[68,68,68,68,53,53,53,53,53,55,55,57,55,46,46,48,68,49,49,48,48,48,48,28,28,28,50,33,27,27,26,48,0],"gold":220,"neow_bonus":"THREE_ENEMY_KILL","is_prod":false,"is_daily":false,"chose_seed":false,"campfire_upgraded":6,"win_rate":0,"timestamp":1550301566,"path_taken":["M","M","?","?","?","R","$","R","T","E","R","M","M","E","R","BOSS","M","?","?","$","?","R","E","R","T","R","M","M","M","M","R","BOSS"],"build_version":"2019-01-23","purchased_purges":1,"victory":false,"max_hp_per_floor":[75,75,75,75,75,75,75,75,75,75,75,75,75,75,75,75,75,75,75,75,75,75,75,75,75,75,75,75,75,75,75,75,75],"card_choices":[{"not_picked":["Stack","Gash"],"picked":"Consume","floor":1.0},{"not_picked":["Ball Lightning","Doom and Gloom","Melter"],"picked":"SKIP","floor":2.0},{"not_picked":["Go for the Eyes","Stack"],"picked":"Cold Snap","floor":10.0},{"not_picked":["Ball Lightning","Melter"],"picked":"Cold Snap","floor":12.0},{"not_picked":["Lockon","Storm","Sunder"],"picked":"SKIP","floor":13.0},{"not_picked":["Sunder","Compile Driver","Hologram"],"picked":"SKIP","floor":14.0},{"not_picked":["Auto Shields","Redo"],"picked":"Undo","floor":18.0},{"not_picked":["Streamline","Hologram+1"],"picked":"Loop","floor":20.0},{"not_picked":["Gash","Leap"],"picked":"Core Surge","floor":24.0},{"not_picked":["Storm","Turbo","Leap"],"picked":"SKIP","floor":28.0},{"not_picked":["Skim","Doom and Gloom"],"picked":"Conserve Battery","floor":29.0},{"not_picked":["Barrage+1","Heatsinks"],"picked":"Coolheaded","floor":30.0},{"not_picked":["Electrodynamics","Gash"],"picked":"Go for the Eyes+1","floor":31.0}],"player_experience":387295,"relics_obtained":[{"floor":9.0,"key":"Nunchaku"},{"floor":10.0,"key":"Orichalcum"},{"floor":14.0,"key":"Calipers"},{"floor":24.0,"key":"MawBank"},{"floor":26.0,"key":"Bag of Marbles"}],"event_choices":[{"cards_removed":["Strike_B"],"damage_healed":0.0,"max_hp_gain":0.0,"max_hp_loss":0.0,"gold_gain":0.0,"event_name":"The Cleric","player_choice":"Card Removal","floor":3.0,"gold_loss":50.0,"damage_taken":0.0},{"damage_healed":0.0,"max_hp_gain":0.0,"max_hp_loss":0.0,"gold_gain":0.0,"event_name":"Big Fish","player_choice":"Box","floor":4.0,"gold_loss":0.0,"damage_taken":0.0,"relics_obtained":["Blood Vial"],"cards_obtained":["Regret"]},{"damage_healed":0.0,"max_hp_gain":0.0,"max_hp_loss":0.0,"gold_gain":0.0,"event_name":"Shining Light","player_choice":"Entered Light","floor":5.0,"gold_loss":0.0,"damage_taken":15.0,"cards_upgraded":["Strike_B","Dualcast"]},{"damage_healed":0.0,"max_hp_gain":0.0,"max_hp_loss":0.0,"gold_gain":0.0,"event_name":"Match and Keep!","player_choice":"0 cards matched","floor":19.0,"gold_loss":0.0,"damage_taken":0.0,"cards_obtained":[]},{"damage_healed":0.0,"max_hp_gain":0.0,"max_hp_loss":0.0,"gold_gain":0.0,"event_name":"N\u0027loth","player_choice":"Traded Relic","floor":22.0,"relics_lost":["Nunchaku"],"gold_loss":0.0,"damage_taken":0.0,"relics_obtained":["Nloth\u0027s Gift"]}],"is_beta":false,"boss_relics":[{"not_picked":["Tiny House","Runic Pyramid"],"picked":"FrozenCore"}],"items_purged_floors":[7],"is_endless":false,"potions_floor_spawned":[2,16,24,29,31],"killed_by":"Collector","ascension_level":10}