{"path_per_floor":["M","?","M","?","?","R","E","R","T","?","M","R","E","M","R","B",null,"M","$","M","T","M","R","E","M","T","R","?","M","R","E","R","B",null,"M","T","M","?","$"],"character_chosen":"IRONCLAD","items_purchased":["Apotheosis","Bronze Scales","Whetstone"],"gold_per_floor":[148,148,158,158,158,158,191,191,216,166,186,186,221,237,237,357,357,373,11,0,25,39,39,77,93,117,117,117,137,137,171,171,297,297,313,313,328,661,468,468],"floor_reached":40,"campfire_rested":6,"playtime":1971,"current_hp_per_floor":[77,77,80,60,53,53,14,38,38,38,44,68,58,55,79,30,80,65,65,55,55,56,56,31,20,20,44,44,27,51,57,80,17,80,75,75,79,79,79,0],"items_purged":["Strike_R"],"gold":468,"score":478,"play_id":"96436ff2-8bd4-45d4-a1d0-77223941dd42","local_time":"20180420092657","is_prod":false,"is_daily":false,"chose_seed":false,"is_ascension_mode":true,"campfire_upgraded":2,"timestamp":1524241617,"path_taken":["M","?","?","?","?","R","E","R","T","?","?","R","E","M","R","BOSS","M","$","?","?","M","R","E","M","T","R","?","M","R","E","R","BOSS","M","?","M","?","?","E"],"build_version":"2018-04-19","seed_source_timestamp":0,"purchased_purges":1,"victory":false,"master_deck":["Strike_R","Strike_R+1","Defend_R","Defend_R","Defend_R+1","Defend_R+1","Bash","Spot Weakness+1","Heavy Blade","Demon Form","Apotheosis+1","Pommel Strike+1","Heavy Blade+1","Shrug It Off","Headbutt+1","Thunderclap+1","Shrug It Off","Rage"],"max_hp_per_floor":[80,80,80,80,80,80,80,80,80,80,80,80,80,80,80,80,80,80,80,80,80,80,80,80,80,80,80,80,80,80,80,80,80,80,80,80,80,80,80,80],"relics":["Black Blood","Tiny Chest","War Paint","Lantern","Ancient Tea Set","Velvet Choker","Bronze Scales","Prayer Wheel","Molten Egg 2","Art of War","Smiling Mask","Ice Cream","Whetstone"],"card_choices":[{"not_picked":["Thunderclap","Sentinel"],"picked":"Spot Weakness","floor":3.0},{"not_picked":["Feed","Clash"],"picked":"Heavy Blade","floor":7.0},{"not_picked":["Immolate","Reaper"],"picked":"Demon Form","floor":16.0},{"not_picked":["Hemokinesis","Feel No Pain"],"picked":"Pommel Strike","floor":22.0},{"not_picked":["Entrench","Dropkick"],"picked":"Heavy Blade","floor":24.0},{"not_picked":["Sword Boomerang","Heavy Blade"],"picked":"Shrug It Off","floor":25.0},{"not_picked":["Spot Weakness","Flame Barrier"],"picked":"Headbutt","floor":26.0},{"not_picked":["Heavy Blade","Cleave"],"picked":"Thunderclap","floor":31},{"not_picked":["Wild Strike","Entrench"],"picked":"Shrug It Off","floor":36},{"not_picked":["Pommel Strike","Fire Breathing"],"picked":"Rage","floor":37}],"player_experience":83619,"potions_floor_usage":[33,33,40,40],"damage_taken":[{"damage":9.0,"enemies":"Jaw Worm","floor":1.0,"turns":4.0},{"damage":2.0,"enemies":"Small Slimes","floor":3.0,"turns":5.0},{"damage":45.0,"enemies":"Lagavulin","floor":7.0,"turns":8.0},{"damage":0.0,"enemies":"Cultist","floor":11.0,"turns":3.0},{"damage":16.0,"enemies":"Gremlin Nob","floor":13.0,"turns":3.0},{"damage":9.0,"enemies":"2 Fungi Beasts","floor":14.0,"turns":3.0},{"damage":55.0,"enemies":"Slime Boss","floor":16.0,"turns":18.0},{"damage":21.0,"enemies":"Chosen","floor":18.0,"turns":5.0},{"damage":16.0,"enemies":"2 Thieves","floor":20.0,"turns":4.0},{"damage":5.0,"enemies":"Chosen and Byrds","floor":22.0,"turns":5.0},{"damage":31.0,"enemies":"Book of Stabbing","floor":24.0,"turns":5.0},{"damage":17.0,"enemies":"3 Cultists","floor":25.0,"turns":6.0},{"damage":23.0,"enemies":"Cultist and Chosen","floor":29.0,"turns":5.0},{"damage":0,"enemies":"Gremlin Leader","floor":31,"turns":5},{"damage":69,"enemies":"Automaton","floor":33,"turns":9},{"damage":15,"enemies":"Orb Walker","floor":35,"turns":4},{"damage":6,"enemies":"3 Shapes","floor":37,"turns":4},{"damage":85,"enemies":"2 Orb Walkers","floor":40,"turns":4}],"event_choices":[{"event_name":"Living Wall","player_choice":"Change","floor":2.0,"damage_taken":0.0},{"event_name":"Golden Idol","player_choice":"Take Damage","floor":4.0,"damage_taken":0.0},{"event_name":"Golden Wing","player_choice":"Card Removal","floor":5.0,"damage_taken":0.0},{"event_name":"The Cleric","player_choice":"Card Removal","floor":10.0,"damage_taken":0.0},{"event_name":"The Lab","player_choice":"Got Potions","floor":28.0,"damage_taken":0.0},{"event_name":"The Moai Head","player_choice":"Gave Idol","floor":38,"damage_taken":0}],"boss_relics":[{"not_picked":["Runic Dome","Cursed Key"],"picked":"Black Blood"}],"potions_floor_spawned":[1,7,25,29,31,37],"seed_played":"-5266658327144087424","killed_by":"2 Orb Walkers","ascension_level":1,"is_trial":false}