{"path_per_floor":["M","?","?","M","$","E","R","?","T","$","M","R","M","M","R","B",null,"M","?","?","$","M","R","E","M","T","M","M","R","M","M","R","B",null,"M","M","$","?","M","R","M","M","T","E","R","?","M","$","R"],"character_chosen":"DEFECT","items_purchased":["Capacitor","Leap","Ice Cream","Cables","Pear","Mummified Hand","Chill"],"gold_per_floor":[115,115,115,131,49,93,93,343,366,3,28,28,46,69,69,198,198,218,218,218,218,237,237,273,288,288,312,330,330,355,379,379,505,505,530,550,60,60,79,79,102,116,143,183,183,283,299,9,9,9],"floor_reached":50,"campfire_rested":1,"playtime":3098,"item_purchase_floors":[5,5,10,37,37,48,48],"current_hp_per_floor":[75,75,57,57,57,57,57,57,57,57,46,46,46,46,46,17,75,75,75,52,52,51,52,18,23,23,25,26,34,37,32,40,44,52,37,40,50,50,42,52,31,33,33,9,39,39,42,42,54,0],"items_purged":["Regret"],"gold":9,"score":623,"play_id":"aa4229db-1ad7-4e3c-abe8-0b29aa61aa9a","local_time":"20180621172241","is_prod":false,"is_daily":false,"chose_seed":false,"is_ascension_mode":true,"campfire_upgraded":8,"win_rate":0,"timestamp":1529626961,"campfire_choices":[{"data":"Dualcast","floor":7,"key":"SMITH"},{"data":"Redo","floor":12,"key":"SMITH"},{"data":"Capacitor","floor":15,"key":"SMITH"},{"data":"Seek","floor":23,"key":"SMITH"},{"data":"Double Energy","floor":29,"key":"SMITH"},{"data":"Defragment","floor":32,"key":"SMITH"},{"data":"Seek","floor":40,"key":"SMITH"},{"floor":45,"key":"REST"},{"data":"Creative AI","floor":49,"key":"SMITH"}],"path_taken":["M","?","?","M","$","E","R","?","T","$","M","R","M","M","R","BOSS","M","?","?","$","M","R","E","M","T","M","M","R","?","M","R","BOSS","M","M","$","?","M","R","?","M","T","E","R","?","M","?","R","BOSS"],"build_version":"2018-06-14v2","seed_source_timestamp":666712392633083,"purchased_purges":1,"victory":false,"master_deck":["Defend_B","Defend_B","Defend_B","Defend_B","Zap+1","Dualcast+1","Sweeping Beam+1","Capacitor+1","Leap","Redo+1","Cold Snap","Seek+1","Go for the Eyes","Double Energy+1","Go for the Eyes","Bite","Bite","Bite","Bite","Bite","Conserve Battery","Defragment+1","Electrodynamics","Creative AI+1","Defragment+1","Melter","Seek+1","Mind Blast","Double Energy+1","Tempest","Chill"],"max_hp_per_floor":[75,75,75,75,75,75,75,75,75,75,75,75,75,75,75,75,75,75,75,52,52,52,52,52,52,52,52,52,52,52,52,52,52,52,52,52,62,62,62,62,62,62,62,62,62,62,62,62,62,62],"relics":["Cracked Core","NeowsBlessing","Golden Idol","Orichalcum","Whetstone","Ice Cream","Eternal Feather","Dodecahedron","Bottled Lightning","Orrery","Cables","Pear","Ancient Tea Set","Juzu Bracelet","Mummified Hand"],"card_choices":[{"not_picked":["Leap","Redo"],"picked":"Sweeping Beam","floor":1},{"not_picked":["Reprogram","Coolheaded","Steam"],"picked":"SKIP","floor":4},{"not_picked":["Rebound","Steam","Force Field"],"picked":"SKIP","floor":6},{"not_picked":["Biased Cognition","Barrage"],"picked":"Redo","floor":11},{"not_picked":["Gash","Chaos","Hello World"],"picked":"SKIP","floor":13},{"not_picked":["Gash","Leap"],"picked":"Cold Snap","floor":14},{"not_picked":["Buffer","Creative AI"],"picked":"Seek","floor":16},{"not_picked":["Static Discharge","Streamline"],"picked":"Go for the Eyes","floor":18},{"not_picked":["Storm+1","Ball Lightning","Sweeping Beam"],"picked":"SKIP","floor":22},{"not_picked":["Redo+1","Undo","Steam"],"picked":"SKIP","floor":24},{"not_picked":["Compile Driver","Lockon"],"picked":"Conserve Battery","floor":25},{"not_picked":["Streamline","Gash"],"picked":"Defragment","floor":27},{"not_picked":["Go for the Eyes","Barrage","Stack+1"],"picked":"SKIP","floor":28},{"not_picked":["Undo","Coolheaded+1","Stack+1"],"picked":"SKIP","floor":30},{"not_picked":["White Noise","Rebound+1"],"picked":"Electrodynamics","floor":31},{"not_picked":["Multi-Cast","Buffer"],"picked":"Creative AI","floor":33},{"not_picked":["Barrage","Rebound"],"picked":"Defragment+1","floor":34},{"not_picked":["Scrape+1","Defragment"],"picked":"Melter","floor":34},{"not_picked":["Leap","Sunder+1","Aggregate+1"],"picked":"SKIP","floor":35},{"not_picked":["Beam Cell","Stack+1"],"picked":"Seek","floor":36},{"not_picked":["Swift Strike","Trip"],"picked":"Mind Blast","floor":38},{"not_picked":["Go for the Eyes","Turbo+1"],"picked":"Double Energy+1","floor":39},{"not_picked":["Chill","Coolheaded+1","Rebound"],"picked":"SKIP","floor":41},{"not_picked":["Go for the Eyes+1","Stack","Electrodynamics"],"picked":"SKIP","floor":42},{"not_picked":["Go for the Eyes+1","Turbo+1"],"picked":"Tempest","floor":44},{"not_picked":["Cold Snap","FTL+1","Auto Shields+1"],"picked":"SKIP","floor":47}],"player_experience":209772,"potions_floor_usage":[16,24,24,27,28,33,50,50,50],"damage_taken":[{"damage":0,"enemies":"Jaw Worm","floor":1,"turns":1},{"damage":0,"enemies":"Cultist","floor":4,"turns":1},{"damage":0,"enemies":"Gremlin Nob","floor":6,"turns":1},{"damage":11,"enemies":"2 Louse","floor":11,"turns":2},{"damage":0,"enemies":"Gremlin Gang","floor":13,"turns":2},{"damage":0,"enemies":"3 Louse","floor":14,"turns":2},{"damage":29,"enemies":"Hexaghost","floor":16,"turns":10},{"damage":0,"enemies":"Chosen","floor":18,"turns":5},{"damage":7,"enemies":"3 Byrds","floor":22,"turns":5},{"damage":46,"enemies":"Slavers","floor":24,"turns":6},{"damage":19,"enemies":"Centurion and Healer","floor":25,"turns":8},{"damage":12,"enemies":"Snecko","floor":27,"turns":6},{"damage":11,"enemies":"3 Cultists","floor":28,"turns":5},{"damage":19,"enemies":"Centurion and Healer","floor":30,"turns":8},{"damage":19,"enemies":"Cultist and Chosen","floor":31,"turns":6},{"damage":30,"enemies":"Champ","floor":33,"turns":12},{"damage":17,"enemies":"Orb Walker","floor":35,"turns":4},{"damage":1,"enemies":"3 Shapes","floor":36,"turns":5},{"damage":28,"enemies":"Maw","floor":39,"turns":9},{"damage":27,"enemies":"3 Darklings","floor":41,"turns":3},{"damage":0,"enemies":"Sphere and 2 Shapes","floor":42,"turns":3},{"damage":46,"enemies":"Giant Head","floor":44,"turns":8},{"damage":1,"enemies":"4 Shapes","floor":47,"turns":2},{"damage":68,"enemies":"Donu and Deca","floor":50,"turns":5}],"relics_obtained":[{"floor":6,"key":"Orichalcum"},{"floor":9,"key":"Whetstone"},{"floor":24,"key":"Dodecahedron"},{"floor":26,"key":"Bottled Lightning"},{"floor":43,"key":"Ancient Tea Set"},{"floor":44,"key":"Juzu Bracelet"}],"event_choices":[{"event_name":"Upgrade Shrine","player_choice":"Upgraded","floor":2,"damage_taken":0},{"event_name":"Golden Idol","player_choice":"Take Damage","floor":3,"damage_taken":0},{"event_name":"Golden Shrine","player_choice":"Desecrate","floor":8,"damage_taken":0},{"event_name":"Match and Keep!","player_choice":"2 cards matched","floor":19,"damage_taken":0},{"event_name":"Vampires","player_choice":"Became a vampire","floor":20,"damage_taken":0},{"event_name":"SensoryStone","player_choice":"Memory 1","floor":38,"damage_taken":0},{"event_name":"Golden Shrine","player_choice":"Pray","floor":46,"damage_taken":0}],"boss_relics":[{"not_picked":["Runic Dome","Inserter"],"picked":"Eternal Feather"},{"not_picked":["Philosopher\u0027s Stone","Empty Cage"],"picked":"Orrery"}],"items_purged_floors":[10],"is_endless":false,"potions_floor_spawned":[4,11,13,16,18,24,25,27,36,47],"seed_played":"-4202190562402981057","killed_by":"Donu and Deca","ascension_level":2,"potions_obtained":[{"floor":4,"key":"SteroidPotion"},{"floor":11,"key":"FocusPotion"},{"floor":13,"key":"FocusPotion"},{"floor":16,"key":"Swift Potion"},{"floor":24,"key":"Block Potion"},{"floor":25,"key":"Block Potion"},{"floor":27,"key":"Poison Potion"},{"floor":36,"key":"PowerPotion"},{"floor":47,"key":"GamblersBrew"}],"is_trial":false}