{"path_per_floor":["M","M","M","?","M","R","?","?","T","E","$","R","M","M","R","B",null,"M","?","$","M","M"],"character_chosen":"THE_SILENT","items_purchased":["Apotheosis","Orichalcum","Bag of Marbles","Acrobatics"],"gold_per_floor":[114,126,144,319,335,335,335,335,362,391,32,32,52,69,69,164,194,204,254,54,73,91,91],"floor_reached":23,"campfire_rested":0,"playtime":1457,"current_hp_per_floor":[70,70,70,70,34,34,70,63,63,51,51,51,51,51,51,51,75,75,75,75,61,56,0],"items_purged":[],"gold":91,"score":292,"play_id":"39ae7183-ac11-4548-a15a-82e5be7f4a0a","local_time":"20180515124800","is_prod":false,"is_daily":false,"chose_seed":false,"is_ascension_mode":true,"campfire_upgraded":3,"timestamp":1526413680,"path_taken":["M","M","M","?","?","R","?","?","T","E","$","R","M","?","R","BOSS","M","?","$","M","M","E"],"build_version":"2018-05-10","seed_source_timestamp":563288423522866,"purchased_purges":0,"victory":false,"master_deck":["Survivor","Neutralize+1","Outmaneuver","Dagger Spray","Poisoned Stab+1","Setup","Blur","Footwork","Poisoned Stab","Backflip","Deflect","Slice","PiercingWail","Bane","Deadly Poison","Apotheosis+1","Tools of the Trade+1","Catalyst","Blade Dance+1","Acrobatics","Escape Plan","Backflip+1"],"max_hp_per_floor":[70,70,70,70,70,70,70,70,70,70,70,70,70,70,70,70,75,75,75,75,75,75,75],"relics":["Pandora\u0027s Box","Bronze Scales","Ancient Tea Set","Orichalcum","Tiny House","Bag of Marbles"],"card_choices":[{"not_picked":["Dagger Spray","Deflect"],"picked":"PiercingWail","floor":1},{"not_picked":["Doppelganger","Calculated Gamble"],"picked":"Bane","floor":3},{"not_picked":["Dodge and Roll","Choke"],"picked":"Deadly Poison","floor":5},{"not_picked":["Sucker Punch","PiercingWail"],"picked":"Tools of the Trade","floor":13},{"not_picked":["Dagger Throw","Acrobatics"],"picked":"Catalyst","floor":14},{"not_picked":["Deadly Poison","Prepared"],"picked":"Blade Dance","floor":18},{"not_picked":["Predator","Flying Knee"],"picked":"Escape Plan","floor":21},{"not_picked":["Predator","Dodge and Roll"],"picked":"Backflip","floor":22}],"player_experience":172527,"potions_floor_usage":[18,23,23,23],"damage_taken":[{"damage":0,"enemies":"Jaw Worm","floor":1,"turns":4},{"damage":0,"enemies":"2 Louse","floor":2,"turns":3},{"damage":0,"enemies":"Cultist","floor":3,"turns":4},{"damage":36,"enemies":"Gremlin Gang","floor":5,"turns":5},{"damage":12,"enemies":"3 Sentries","floor":10,"turns":6},{"damage":0,"enemies":"2 Fungi Beasts","floor":13,"turns":2},{"damage":0,"enemies":"Lots of Slimes","floor":14,"turns":1},{"damage":0,"enemies":"Hexaghost","floor":16,"turns":8},{"damage":0,"enemies":"3 Byrds","floor":18,"turns":3},{"damage":14,"enemies":"Shell Parasite","floor":21,"turns":4},{"damage":5,"enemies":"Snake Plant","floor":22,"turns":4},{"damage":59,"enemies":"Gremlin Leader","floor":23,"turns":5}],"event_choices":[{"event_name":"Liars Game","player_choice":"agreed","floor":4,"damage_taken":0},{"event_name":"Wheel of Change","player_choice":"Full Heal","floor":7,"damage_taken":0},{"event_name":"Golden Wing","player_choice":"Card Removal","floor":8,"damage_taken":0},{"event_name":"The Joust","player_choice":"Bet on Murderer","floor":19,"damage_taken":0}],"boss_relics":[{"not_picked":["Calling Bell","Velvet Choker"],"picked":"Tiny House"}],"potions_floor_spawned":[5,10,13,14,18],"seed_played":"-1129290363634948958","killed_by":"Gremlin Leader","ascension_level":4,"is_trial":false}