{"path_per_floor":["M","M","?","M","M","E","M","R","T","E","M","$","M","E","R","B",null,"M","M","?","M"],"character_chosen":"DEFECT","items_purchased":["Panache","Cold Snap"],"gold_per_floor":[115,133,133,146,160,186,199,199,199,227,243,23,36,71,71,148,148,165,177,205,221,221],"floor_reached":22,"campfire_rested":0,"playtime":1648,"item_purchase_floors":[],"current_hp_per_floor":[64,64,64,62,53,53,52,52,52,29,21,21,17,27,27,23,67,46,42,6,1,0],"items_purged":[],"gold":221,"score":455,"play_id":"a3a66836-d3f4-47d0-b85c-faadbcf94932","local_time":"20180613113511","is_prod":false,"is_daily":false,"chose_seed":false,"is_ascension_mode":true,"campfire_upgraded":2,"win_rate":0,"timestamp":1528882511,"campfire_choices":[{"data":"Dualcast","floor":8.0,"key":"SMITH"},{"data":"Panache","floor":15.0,"key":"SMITH"}],"path_taken":["M","?","?","M","M","E","?","R","T","E","M","$","M","E","R","BOSS","M","M","?","M","M"],"build_version":"2018-06-07v3","seed_source_timestamp":424086101359761,"purchased_purges":0,"victory":false,"master_deck":["Strike_B","Defend_B","Defend_B","Defend_B","Defend_B","Zap+1","Dualcast+1","AscendersBane","Double Energy+1","Redo+1","Hello World+1","Leap","Chill","Cold Snap","Gash","Genetic Algorithm","Blizzard","Echo Form","Rip and Tear","Panache+1","Cold Snap","Rebound","Sweeping Beam","Core Surge","Scrape","Auto Shields","Coolheaded","Tempest"],"max_hp_per_floor":[71,71,71,71,71,71,71,71,71,71,71,71,71,81,81,81,81,81,81,81,81,81],"relics":["Astrolabe","Mummified Hand","Ornamental Fan","Kunai","Pear","Black Star","Red Mask"],"card_choices":[{"not_picked":["Steam","Blizzard"],"picked":"Leap","floor":1.0},{"not_picked":["Streamline","Rebound"],"picked":"Chill","floor":2.0},{"not_picked":["Beam Cell","Stack"],"picked":"Cold Snap","floor":4.0},{"not_picked":["Coolheaded","Sweeping Beam"],"picked":"Gash","floor":5.0},{"not_picked":["Skim","Leap"],"picked":"Genetic Algorithm","floor":6.0},{"not_picked":["Coolheaded","Consume"],"picked":"Blizzard","floor":7.0},{"not_picked":["White Noise","Hello World"],"picked":"Echo Form","floor":10.0},{"not_picked":["Darkness","Sweeping Beam"],"picked":"Rip and Tear","floor":11.0},{"not_picked":["Chill","Ball Lightning"],"picked":"Rebound","floor":13.0},{"not_picked":["Barrage","Redo"],"picked":"Sweeping Beam","floor":14.0},{"not_picked":["Meteor Strike","Thunder Strike"],"picked":"Core Surge","floor":16.0},{"not_picked":["Barrage","Compile Driver"],"picked":"Scrape","floor":18.0},{"not_picked":["Beam Cell","Compile Driver"],"picked":"Auto Shields","floor":19.0},{"not_picked":["Turbo","Go for the Eyes"],"picked":"Coolheaded","floor":20.0},{"not_picked":["Leap","Reprogram"],"picked":"Tempest","floor":21}],"player_experience":530037,"potions_floor_usage":[21],"damage_taken":[{"damage":0.0,"enemies":"Cultist","floor":1.0,"turns":3.0},{"damage":0.0,"enemies":"Small Slimes","floor":2.0,"turns":5.0},{"damage":2.0,"enemies":"Jaw Worm","floor":4.0,"turns":5.0},{"damage":9.0,"enemies":"3 Louse","floor":5.0,"turns":5.0},{"damage":0.0,"enemies":"Lagavulin","floor":6.0,"turns":7.0},{"damage":1.0,"enemies":"Lots of Slimes","floor":7.0,"turns":6.0},{"damage":23.0,"enemies":"Gremlin Nob","floor":10.0,"turns":5.0},{"damage":8.0,"enemies":"Blue Slaver","floor":11.0,"turns":5.0},{"damage":4.0,"enemies":"2 Fungi Beasts","floor":13.0,"turns":4.0},{"damage":0.0,"enemies":"Lagavulin","floor":14.0,"turns":7.0},{"damage":4.0,"enemies":"Slime Boss","floor":16.0,"turns":6.0},{"damage":21.0,"enemies":"2 Thieves","floor":18.0,"turns":4.0},{"damage":4.0,"enemies":"Spheric Guardian","floor":19.0,"turns":6.0},{"damage":36.0,"floor":20.0,"turns":6.0},{"damage":5,"enemies":"Slaver and Parasite","floor":21,"turns":7},{"damage":6,"enemies":"Snake Plant","floor":22,"turns":1}],"relics_obtained":[{"floor":6.0,"key":"Mummified Hand"},{"floor":9.0,"key":"Ornamental Fan"},{"floor":10.0,"key":"Kunai"},{"floor":14.0,"key":"Pear"},{"floor":20.0,"key":"Red Mask"}],"event_choices":[{"event_name":"Living Wall","player_choice":"Grow","floor":3.0,"damage_taken":0.0},{"event_name":"Masked Bandits","player_choice":"Fought over 177 gold","floor":20.0,"damage_taken":0.0}],"boss_relics":[{"not_picked":["Runic Pyramid","Velvet Choker"],"picked":"Black Star"}],"items_purged_floors":[],"potions_floor_spawned":[5,7,11,13,14,20,21],"seed_played":"7173774717841388358","killed_by":"Snake Plant","ascension_level":15,"potions_obtained":[{"floor":5.0,"key":"SkillPotion"},{"floor":7.0,"key":"FearPotion"},{"floor":11.0,"key":"Dexterity Potion"},{"floor":20.0,"key":"SpeedPotion"},{"floor":21,"key":"EssenceOfSteel"}],"is_trial":false}