{"gold_per_floor":[118,118,193,204,204,204,238,264,303,265,294,337,361,373],"floor_reached":14,"playtime":570,"items_purged":[],"score":115,"play_id":"86f80a69-5c3c-4fe8-a141-538d10131f05","local_time":"20190304214010","is_ascension_mode":true,"campfire_choices":[{"data":"Iron Wave","floor":6,"key":"SMITH"}],"neow_cost":"NONE","seed_source_timestamp":1314778734168305,"circlet_count":0,"master_deck":["Strike_R","Strike_R","Strike_R","Defend_R","Defend_R","Defend_R","Defend_R","Bash","Juggernaut","Corruption","Iron Wave+1","Clothesline","Spot Weakness","Rage","Headbutt","Pummel"],"relics":["Burning Blood","Ancient Tea Set","MawBank","Bag of Marbles","Pen Nib"],"potions_floor_usage":[14,14],"damage_taken":[{"damage":15,"enemies":"Small Slimes","floor":1,"turns":4},{"damage":6,"enemies":"Cultist","floor":4,"turns":4},{"damage":11,"enemies":"Lagavulin","floor":7,"turns":7},{"damage":3,"enemies":"2 Louse","floor":8,"turns":4},{"damage":6,"enemies":"2 Fungi Beasts","floor":11,"turns":3},{"damage":43,"enemies":"3 Sentries","floor":12,"turns":9},{"damage":12,"enemies":"3 Louse","floor":13,"turns":4},{"damage":21,"enemies":"Gremlin Nob","floor":14,"turns":4}],"seed_played":"-5965558678609390818","potions_obtained":[{"floor":1,"key":"Weak Potion"},{"floor":7,"key":"Weak Potion"},{"floor":11,"key":"GamblersBrew"}],"is_trial":false,"path_per_floor":["M","?","?","M","?","R","E","M","T","?","M","E","M","E"],"character_chosen":"IRONCLAD","items_purchased":[],"campfire_rested":0,"item_purchase_floors":[],"current_hp_per_floor":[71,68,57,57,57,57,52,55,55,55,55,18,12,0],"gold":373,"neow_bonus":"ONE_RANDOM_RARE_CARD","is_prod":false,"is_daily":false,"chose_seed":false,"campfire_upgraded":1,"win_rate":0,"timestamp":1551753610,"path_taken":["M","?","?","M","?","R","E","?","T","?","M","E","M","E"],"build_version":"2019-01-23","purchased_purges":0,"victory":false,"max_hp_per_floor":[80,80,80,80,80,80,80,80,80,80,80,80,80,80],"card_choices":[{"not_picked":["Warcry","Sentinel"],"picked":"Corruption","floor":1},{"not_picked":["Armaments","Entrench"],"picked":"Iron Wave","floor":4},{"not_picked":["Bloodletting","Carnage"],"picked":"Clothesline","floor":7},{"not_picked":["Iron Wave","Seeing Red"],"picked":"Spot Weakness","floor":8},{"not_picked":["Twin Strike","Clothesline"],"picked":"Rage","floor":11},{"not_picked":["Sword Boomerang","Whirlwind"],"picked":"Headbutt","floor":12},{"not_picked":["Heavy Blade","Cleave"],"picked":"Pummel","floor":13}],"player_experience":230106,"relics_obtained":[{"floor":7,"key":"MawBank"},{"floor":9,"key":"Bag of Marbles"},{"floor":12,"key":"Pen Nib"}],"event_choices":[{"damage_healed":0,"gold_gain":0,"player_choice":"Success","damage_taken":3,"relics_obtained":["Ancient Tea Set"],"max_hp_gain":0,"max_hp_loss":0,"event_name":"Scrap Ooze","floor":2,"gold_loss":0},{"damage_healed":0,"gold_gain":75,"player_choice":"Gather Gold","damage_taken":11,"max_hp_gain":0,"max_hp_loss":0,"event_name":"World of Goop","floor":3,"gold_loss":0},{"cards_removed":["Strike_R"],"damage_healed":0,"gold_gain":0,"player_choice":"Purged","damage_taken":0,"max_hp_gain":0,"max_hp_loss":0,"event_name":"Purifier","floor":5,"gold_loss":0},{"cards_removed":["Strike_R"],"damage_healed":0,"gold_gain":0,"player_choice":"Card Removal","damage_taken":0,"max_hp_gain":0,"max_hp_loss":0,"event_name":"The Cleric","floor":10,"gold_loss":50}],"is_beta":false,"boss_relics":[],"items_purged_floors":[],"is_endless":false,"potions_floor_spawned":[1,7,11],"killed_by":"Gremlin Nob","ascension_level":3}