{"gold_per_floor":[112,122,47,47,65,93,8,8,8,41,41,41,69,80,80,156,156,106,29,29],"floor_reached":20,"playtime":930,"items_purged":["Writhe"],"score":380,"play_id":"c60c3988-29ea-47c8-b359-179c5ca270ca","local_time":"20190204164650","is_ascension_mode":true,"campfire_choices":[{"data":"Armaments","floor":8,"key":"SMITH"},{"floor":12,"key":"REST"},{"data":"Shockwave","floor":15,"key":"SMITH"}],"neow_cost":"CURSE","seed_source_timestamp":1527450371300568,"circlet_count":0,"master_deck":["AscendersBane","Strike_R","Strike_R","Strike_R","Defend_R","Defend_R","Defend_R","Defend_R","Bash","Reaper+1","Searing Blow","Armaments+1","Headbutt","Barricade","Shockwave+1","Inflame+1","Dual Wield","Ghostly Armor","Berserk+1","Demon Form+1","Combust+1","Combust+1"],"relics":["Black Blood","Frozen Egg 2","Bottled Tornado","Regal Pillow","Pantograph"],"potions_floor_usage":[6,13,16],"damage_taken":[{"damage":15,"enemies":"Small Slimes","floor":1,"turns":6},{"damage":9,"enemies":"Jaw Worm","floor":2,"turns":3},{"damage":1,"enemies":"Cultist","floor":5,"turns":4},{"damage":35,"enemies":"Lagavulin","floor":6,"turns":8},{"damage":32,"enemies":"Gremlin Nob","floor":10,"turns":4},{"damage":42,"enemies":"Lagavulin","floor":13,"turns":8},{"damage":22,"enemies":"Exordium Wildlife","floor":14,"turns":6},{"damage":54,"enemies":"The Guardian","floor":16,"turns":13},{"damage":37,"enemies":"2 Thieves","floor":18,"turns":5},{"damage":41,"enemies":"Spheric Guardian","floor":20,"turns":4}],"seed_played":"4482334085740709923","potions_obtained":[{"floor":5,"key":"PowerPotion"},{"floor":6,"key":"GamblersBrew"},{"floor":14,"key":"Strength Potion"}],"is_trial":false,"path_per_floor":["M","M","$","?","M","E","$","R","T","E","?","R","E","M","R","B",null,"M","$","M"],"character_chosen":"IRONCLAD","items_purchased":["Inflame+1","Combust+1"],"campfire_rested":1,"item_purchase_floors":[7,19],"current_hp_per_floor":[62,59,59,64,69,40,40,40,40,14,14,53,29,29,29,30,68,65,65,24],"gold":29,"neow_bonus":"TRANSFORM_TWO_CARDS","is_prod":false,"is_daily":false,"chose_seed":false,"campfire_upgraded":2,"win_rate":0,"timestamp":1549316810,"path_taken":["M","M","$","?","M","E","$","R","T","E","?","R","E","M","R","BOSS","M","$","M"],"build_version":"2019-01-23","purchased_purges":1,"victory":false,"max_hp_per_floor":[75,75,75,80,80,80,80,80,80,80,80,80,80,80,80,80,80,80,80,80],"card_choices":[{"not_picked":["Perfected Strike","Searing Blow"],"picked":"Armaments","floor":1},{"not_picked":["Warcry","Shrug It Off"],"picked":"Headbutt","floor":2},{"not_picked":["Anger","Pommel Strike"],"picked":"Barricade","floor":5},{"not_picked":["Pommel Strike","Heavy Blade"],"picked":"Shockwave","floor":6},{"not_picked":["Rage","Anger"],"picked":"Dual Wield","floor":10},{"not_picked":["Body Slam","Shockwave"],"picked":"Ghostly Armor","floor":13},{"not_picked":["Warcry","Metallicize+1"],"picked":"Berserk+1","floor":14},{"not_picked":["Double Tap","Brutality+1"],"picked":"Demon Form+1","floor":16},{"not_picked":["Wild Strike","Whirlwind"],"picked":"Combust+1","floor":18}],"player_experience":673792,"relics_obtained":[{"floor":6,"key":"Frozen Egg 2"},{"floor":9,"key":"Bottled Tornado"},{"floor":10,"key":"Regal Pillow"},{"floor":13,"key":"Pantograph"}],"event_choices":[{"damage_healed":0,"gold_gain":0,"player_choice":"Donut","damage_taken":0,"max_hp_gain":5,"max_hp_loss":0,"event_name":"Big Fish","floor":4,"gold_loss":0},{"damage_healed":0,"gold_gain":0,"player_choice":"Grow","damage_taken":0,"max_hp_gain":0,"max_hp_loss":0,"event_name":"Living Wall","floor":11,"gold_loss":0,"cards_upgraded":["Reaper"]}],"is_beta":false,"boss_relics":[{"not_picked":["Tiny House","Runic Dome"],"picked":"Black Blood"}],"items_purged_floors":[3],"is_endless":false,"potions_floor_spawned":[5,6,14],"killed_by":"Spheric Guardian","ascension_level":20}