{"gold_per_floor":[113,113,124,49,64,64,96,96,119,146,161,161,161,177,177,281,281,301,315,346,43,63,63,63,63,63,78,97,125,125,125],"floor_reached":31,"playtime":1011,"items_purged":["Strike_B"],"score":411,"play_id":"f487483d-6f86-47ff-a359-3127b2f2e0d5","local_time":"20190209142558","is_ascension_mode":true,"campfire_choices":[{"data":"Zap","floor":6.0,"key":"SMITH"},{"floor":8.0,"key":"REST"},{"floor":13.0,"key":"REST"},{"data":"Blizzard","floor":15.0,"key":"SMITH"},{"floor":23.0,"key":"REST"},{"floor":25.0,"key":"REST"}],"neow_cost":"NONE","seed_source_timestamp":12039495343862,"circlet_count":0,"master_deck":["AscendersBane","Strike_B","Strike_B","Strike_B","Defend_B","Defend_B","Defend_B","Defend_B","Zap+1","Dualcast","Blizzard+1","Melter","Gash+1","Cold Snap","Leap","Streamline","Cold Snap","All For One","Go for the Eyes","Beam Cell","Steam","Leap","Gash+1","Hologram","Gash","Go for the Eyes+1"],"special_seed":0,"relics":["Cracked Core","NeowsBlessing","DataDisk","Omamori","FossilizedHelix","Orrery","Red Mask","Singing Bowl","Molten Egg 2","Bottled Flame"],"potions_floor_usage":[],"damage_taken":[{"damage":0.0,"enemies":"Jaw Worm","floor":1.0,"turns":1.0},{"damage":0.0,"enemies":"Cultist","floor":3.0,"turns":1.0},{"damage":0.0,"enemies":"Small Slimes","floor":5.0,"turns":1.0},{"damage":45.0,"enemies":"3 Sentries","floor":7.0,"turns":10.0},{"damage":26.0,"enemies":"Gremlin Nob","floor":10.0,"turns":4.0},{"damage":0.0,"enemies":"2 Fungi Beasts","floor":11.0,"turns":3.0},{"damage":0.0,"enemies":"Large Slime","floor":14.0,"turns":4.0},{"damage":12.0,"enemies":"The Guardian","floor":16.0,"turns":13.0},{"damage":5.0,"enemies":"Shell Parasite","floor":18.0,"turns":3.0},{"damage":9.0,"enemies":"Chosen","floor":19.0,"turns":5.0},{"damage":14.0,"enemies":"Masked Bandits","floor":20.0,"turns":4.0},{"damage":0.0,"enemies":"Centurion and Healer","floor":22.0,"turns":5.0},{"damage":20.0,"enemies":"Shelled Parasite and Fungi","floor":27.0,"turns":5.0},{"damage":0.0,"enemies":"Cultist and Chosen","floor":28.0,"turns":5.0},{"damage":46.0,"enemies":"Book of Stabbing","floor":29.0,"turns":6.0},{"damage":8,"enemies":"Snake Plant","floor":31,"turns":2}],"seed_played":"7765272922878538286","potions_obtained":[{"floor":7.0,"key":"Fire Potion"},{"floor":10.0,"key":"Swift Potion"},{"floor":11.0,"key":"Explosive Potion"},{"floor":16.0,"key":"Weak Potion"},{"floor":18.0,"key":"Block Potion"},{"floor":27.0,"key":"Fire Potion"}],"is_trial":false,"path_per_floor":["M","?","M","$","M","R","E","R","T","E","M","?","R","M","R","B",null,"M","M","?","$","M","R","?","R","T","M","M","E","?","M"],"character_chosen":"DEFECT","items_purchased":["Gash","Singing Bowl"],"campfire_rested":4,"item_purchase_floors":[21,21],"current_hp_per_floor":[68,61,61,61,61,61,16,38,38,12,12,12,34,34,34,22,62,57,48,34,34,36,59,45,69,69,51,51,7,7,0],"gold":125,"neow_bonus":"THREE_ENEMY_KILL","is_prod":false,"is_daily":false,"chose_seed":false,"campfire_upgraded":2,"win_rate":0,"timestamp":1549689958,"path_taken":["M","?","?","$","M","R","E","R","T","E","M","?","R","M","R","BOSS","M","M","?","$","M","R","?","R","T","M","M","E","?","?"],"build_version":"2019-01-23","purchased_purges":1,"victory":false,"max_hp_per_floor":[75,75,75,75,75,75,75,75,75,75,75,75,75,75,75,75,75,75,75,75,75,77,77,82,82,82,84,84,86,86,86],"card_choices":[{"not_picked":["Stack","Steam Power"],"picked":"Blizzard","floor":1.0},{"not_picked":["Sweeping Beam","Stack"],"picked":"Melter","floor":3.0},{"not_picked":["Turbo","Loop"],"picked":"Gash","floor":5.0},{"not_picked":["Ball Lightning","Rainbow"],"picked":"Cold Snap","floor":7.0},{"not_picked":["Steam","Beam Cell"],"picked":"Leap","floor":10.0},{"not_picked":["Sweeping Beam","Consume"],"picked":"Streamline","floor":11.0},{"not_picked":["Ball Lightning","Hologram"],"picked":"Cold Snap","floor":14.0},{"not_picked":["Echo Form","Machine Learning"],"picked":"All For One","floor":16.0},{"not_picked":["Stack","Genetic Algorithm"],"picked":"Go for the Eyes","floor":17.0},{"not_picked":["Rebound","Coolheaded"],"picked":"Beam Cell","floor":17.0},{"not_picked":["Barrage","Ball Lightning"],"picked":"Steam","floor":17.0},{"not_picked":["Undo","Redo"],"picked":"Leap","floor":17.0},{"not_picked":["Hello World","Sweeping Beam"],"picked":"Gash+1","floor":18.0},{"not_picked":["Meteor Strike","Compile Driver","Genetic Algorithm"],"picked":"SKIP","floor":19.0},{"not_picked":["Steam Power","Static Discharge"],"picked":"Hologram","floor":20.0},{"not_picked":["Cold Snap","Turbo","Barrage"],"picked":"Singing Bowl","floor":22.0},{"not_picked":["Sweeping Beam+1","Rip and Tear+1","Loop+1"],"picked":"Singing Bowl","floor":27.0},{"not_picked":["Self Repair","Blizzard+1"],"picked":"Go for the Eyes+1","floor":28.0},{"not_picked":["Defragment+1","White Noise","Redo"],"picked":"Singing Bowl","floor":29.0}],"player_experience":308511,"relics_obtained":[{"floor":7.0,"key":"DataDisk"},{"floor":9.0,"key":"Omamori"},{"floor":10.0,"key":"FossilizedHelix"},{"floor":20.0,"key":"Red Mask"},{"floor":26.0,"key":"Molten Egg 2"},{"floor":29.0,"key":"Bottled Flame"}],"event_choices":[{"damage_healed":0.0,"max_hp_gain":0.0,"max_hp_loss":0.0,"gold_gain":0.0,"event_name":"Wheel of Change","player_choice":"Damaged","floor":2.0,"gold_loss":0.0,"damage_taken":7.0},{"damage_healed":0.0,"max_hp_gain":0.0,"max_hp_loss":0.0,"gold_gain":0.0,"event_name":"Dead Adventurer","player_choice":"Searched \u00270\u0027 times","floor":12.0,"gold_loss":0.0,"damage_taken":0.0},{"damage_healed":0.0,"max_hp_gain":0.0,"max_hp_loss":0.0,"gold_gain":0.0,"event_name":"Masked Bandits","player_choice":"Fought Bandits","floor":20.0,"gold_loss":0.0,"damage_taken":0.0},{"damage_healed":0.0,"max_hp_gain":5.0,"max_hp_loss":0.0,"gold_gain":0.0,"event_name":"Forgotten Altar","player_choice":"Shed Blood","floor":24.0,"gold_loss":0.0,"damage_taken":19.0},{"damage_healed":0.0,"max_hp_gain":0.0,"max_hp_loss":0.0,"gold_gain":0.0,"event_name":"Upgrade Shrine","player_choice":"Upgraded","floor":30.0,"gold_loss":0.0,"damage_taken":0.0,"cards_upgraded":["Gash"]}],"is_beta":false,"boss_relics":[{"not_picked":["Fusion Hammer","Tiny House"],"picked":"Orrery"}],"items_purged_floors":[4],"is_endless":false,"potions_floor_spawned":[7,10,11,16,18,27],"killed_by":"Snake Plant","ascension_level":11}