{"gold_per_floor":[118,1,1,20,20,20,45,45,69,79,4,19,44,56,56,154,154,170,186,9,24,24,56,71,71,71,71,71,106,121,137,137,233,233,249,249,260,277,277,277,291,291,318,329,344,344,373,373,373,373],"floor_reached":50,"playtime":2484,"items_purged":["Strike_G"],"score":743,"play_id":"b1d797e3-dfec-421b-8f8e-25e4c90b839a","local_time":"20190128143619","is_ascension_mode":true,"campfire_choices":[{"data":"Neutralize","floor":6,"key":"SMITH"},{"data":"Neutralize","floor":8,"key":"SMITH"},{"data":"Terror","floor":15,"key":"SMITH"},{"data":"Apotheosis","floor":25,"key":"SMITH"},{"data":"Night Terror","floor":28,"key":"SMITH"},{"floor":32,"key":"REST"},{"floor":40,"key":"REST"},{"floor":42,"key":"REST"},{"floor":46,"key":"RECALL"},{"floor":49,"key":"REST"}],"neow_cost":"NONE","seed_source_timestamp":913174938916658,"circlet_count":0,"master_deck":["Defend_G","Defend_G","Defend_G","Defend_G+1","Defend_G","Strike_G","Strike_G","Strike_G","Strike_G","Survivor","Neutralize+1","Backflip","Footwork","Backstab","Neutralize+1","Terror+1","Footwork","Dagger Spray","Dash","Skewer","Flying Knee","Night Terror+1","Predator","Prepared+1","Apotheosis+1","Dodge and Roll+1","Footwork+1","Slice+1","Dagger Throw+1","Madness","Flash of Steel+1","Acrobatics","Quick Slash+1","Slice+1","Predator+1","Dodge and Roll","Dagger Spray+1"],"relics":["Ring of the Snake","NeowsBlessing","Bottled Lightning","Vajra","Gambling Chip","Busted Crown","Letter Opener","Molten Egg 2","Black Star","War Paint","Bag of Marbles","PreservedInsect"],"potions_floor_usage":[16,19,23,23,29,33,38,50],"damage_taken":[{"damage":0,"enemies":"Cultist","floor":1,"turns":1},{"damage":0,"enemies":"Small Slimes","floor":4,"turns":1},{"damage":0,"enemies":"3 Sentries","floor":7,"turns":1},{"damage":2,"enemies":"Jaw Worm","floor":10,"turns":3},{"damage":0,"enemies":"Blue Slaver","floor":12,"turns":2},{"damage":0,"enemies":"Lagavulin","floor":13,"turns":7},{"damage":6,"enemies":"Exordium Thugs","floor":14,"turns":2},{"damage":6,"enemies":"The Guardian","floor":16,"turns":9},{"damage":0,"enemies":"Spheric Guardian","floor":18,"turns":4},{"damage":0,"enemies":"3 Byrds","floor":19,"turns":3},{"damage":0,"enemies":"Snecko","floor":21,"turns":2},{"damage":10,"enemies":"Book of Stabbing","floor":23,"turns":2},{"damage":1,"enemies":"Sentry and Sphere","floor":24,"turns":5},{"damage":3,"enemies":"Slavers","floor":29,"turns":6},{"damage":0,"enemies":"3 Cultists","floor":30,"turns":5},{"damage":0,"enemies":"Snake Plant","floor":31,"turns":2},{"damage":7,"enemies":"Champ","floor":33,"turns":12},{"damage":7,"enemies":"3 Shapes","floor":35,"turns":7},{"damage":26,"enemies":"3 Darklings","floor":37,"turns":6},{"damage":15,"enemies":"Transient","floor":38,"turns":5},{"damage":11,"enemies":"4 Shapes","floor":41,"turns":5},{"damage":0,"enemies":"Maw","floor":44,"turns":6},{"damage":1,"enemies":"Spire Growth","floor":45,"turns":5},{"damage":15,"enemies":"Reptomancer","floor":47,"turns":6},{"damage":59,"enemies":"Awakened One","floor":50,"turns":6}],"seed_played":"2700888978347065763","potions_obtained":[{"floor":1,"key":"Energy Potion"},{"floor":7,"key":"PowerPotion"},{"floor":13,"key":"Ancient Potion"},{"floor":16,"key":"Poison Potion"},{"floor":21,"key":"SkillPotion"},{"floor":23,"key":"Dexterity Potion"},{"floor":31,"key":"Energy Potion"},{"floor":38,"key":"Weak Potion"},{"floor":41,"key":"SteroidPotion"},{"floor":44,"key":"Energy Potion"},{"floor":47,"key":"AttackPotion"}],"is_trial":false,"path_per_floor":["M","$","?","M","$","R","E","R","T","M","$","M","E","M","R","B",null,"M","M","$","M","$","E","M","R","T","$","R","E","M","M","R","B",null,"M","?","M","M","?","R","M","R","T","M","M","R","E","?","R","B"],"character_chosen":"THE_SILENT","items_purchased":["Footwork","Backstab","Apotheosis"],"campfire_rested":4,"item_purchase_floors":[2,2,20],"current_hp_per_floor":[70,70,70,70,70,70,70,70,70,68,68,68,68,62,62,56,67,67,67,67,67,67,57,56,56,56,56,56,53,53,53,70,63,68,61,51,25,10,10,31,20,41,41,41,40,40,25,25,46,0],"gold":373,"neow_bonus":"THREE_ENEMY_KILL","is_prod":false,"is_daily":false,"chose_seed":false,"campfire_upgraded":5,"win_rate":0,"timestamp":1548704179,"path_taken":["M","$","?","M","$","R","E","R","T","M","?","M","E","M","R","BOSS","M","M","$","M","$","E","M","R","T","?","R","E","M","M","R","BOSS","M","?","M","M","?","R","M","R","T","M","?","R","E","?","R","BOSS"],"build_version":"2019-01-23","purchased_purges":1,"victory":false,"max_hp_per_floor":[70,70,70,70,70,70,70,70,70,70,70,70,70,70,70,70,70,70,70,70,70,70,70,70,70,70,70,70,70,70,70,70,70,70,70,70,70,70,70,70,70,70,70,70,70,70,70,70,70,70],"card_choices":[{"not_picked":["Endless Agony","Distraction"],"picked":"Backflip","floor":1},{"not_picked":["Poisoned Stab","Backflip"],"picked":"Terror","floor":4},{"not_picked":["Flying Knee","Deflect"],"picked":"Footwork","floor":7},{"not_picked":["PiercingWail","Tactician"],"picked":"Dagger Spray","floor":10},{"not_picked":["Blade Dance","Well Laid Plans"],"picked":"Dash","floor":12},{"not_picked":["Deadly Poison","Escape Plan"],"picked":"Skewer","floor":13},{"not_picked":["Poisoned Stab","Masterful Stab"],"picked":"Flying Knee","floor":14},{"not_picked":["A Thousand Cuts","Malaise"],"picked":"Night Terror","floor":16},{"not_picked":[],"picked":"Predator","floor":18},{"not_picked":[],"picked":"Prepared+1","floor":19},{"not_picked":["Bane"],"picked":"SKIP","floor":21},{"not_picked":["Distraction"],"picked":"SKIP","floor":23},{"not_picked":[],"picked":"Dodge and Roll","floor":24},{"not_picked":[],"picked":"Footwork+1","floor":29},{"not_picked":[],"picked":"Slice+1","floor":30},{"not_picked":["Sucker Punch+1"],"picked":"SKIP","floor":31},{"not_picked":[],"picked":"Dagger Throw+1","floor":35},{"not_picked":[],"picked":"Madness","floor":36},{"not_picked":[],"picked":"Flash of Steel+1","floor":36},{"not_picked":[],"picked":"Acrobatics","floor":37},{"not_picked":[],"picked":"Quick Slash+1","floor":38},{"not_picked":[],"picked":"Slice+1","floor":41},{"not_picked":[],"picked":"Predator+1","floor":44},{"not_picked":[],"picked":"Dodge and Roll","floor":45},{"not_picked":[],"picked":"Dagger Spray+1","floor":47}],"player_experience":525513,"relics_obtained":[{"floor":7,"key":"Bottled Lightning"},{"floor":9,"key":"Vajra"},{"floor":13,"key":"Gambling Chip"},{"floor":23,"key":"Letter Opener"},{"floor":29,"key":"Molten Egg 2"},{"floor":43,"key":"War Paint"},{"floor":47,"key":"Bag of Marbles"},{"floor":47,"key":"PreservedInsect"}],"event_choices":[{"damage_healed":0,"gold_gain":0,"player_choice":"1 cards matched","damage_taken":0,"max_hp_gain":0,"max_hp_loss":0,"event_name":"Match and Keep!","floor":3,"gold_loss":0,"cards_obtained":["Neutralize"]},{"damage_healed":0,"gold_gain":0,"player_choice":"Memory 3","damage_taken":10,"max_hp_gain":0,"max_hp_loss":0,"event_name":"SensoryStone","floor":36,"gold_loss":0},{"damage_healed":0,"gold_gain":0,"player_choice":"Ignored","damage_taken":0,"max_hp_gain":0,"max_hp_loss":0,"event_name":"SecretPortal","floor":39,"gold_loss":0},{"damage_healed":0,"gold_gain":0,"player_choice":"Ignored","damage_taken":0,"max_hp_gain":0,"max_hp_loss":0,"event_name":"Mysterious Sphere","floor":48,"gold_loss":0}],"is_beta":false,"boss_relics":[{"not_picked":["Ectoplasm","Eternal Feather"],"picked":"Busted Crown"},{"not_picked":["Calling Bell","Cursed Key"],"picked":"Black Star"}],"items_purged_floors":[11],"is_endless":false,"potions_floor_spawned":[1,7,13,16,21,23,31,38,41,44,47],"killed_by":"Awakened One","ascension_level":5}