{"gold_per_floor":[118,118,136,136,184,184,223,236,236,261,261,261,261,33,33,163,163,182,382,398,150,174,174,208,118,144,144,169,189,205,220,220,346,346,360,378,378,394,407,407,443,443,443,230,243,18,37,11,11,11],"floor_reached":50,"playtime":1514,"items_purged":["Strike_R","Barricade","Bash","Fiend Fire"],"score":759,"play_id":"9c90ea2e-5e78-424a-933c-f013e9c1d3b5","local_time":"20181218145045","is_ascension_mode":true,"campfire_choices":[{"data":"Searing Blow","floor":6,"key":"SMITH"},{"data":"Searing Blow+1","floor":11,"key":"SMITH"},{"data":"Searing Blow+2","floor":13,"key":"SMITH"},{"data":"Searing Blow+3","floor":15,"key":"SMITH"},{"data":"Searing Blow+4","floor":23,"key":"SMITH"},{"data":"Searing Blow+5","floor":27,"key":"SMITH"},{"floor":32,"key":"REST"},{"data":"Searing Blow+6","floor":40,"key":"SMITH"},{"floor":49,"key":"REST"}],"neow_cost":"NONE","seed_source_timestamp":2959899527208,"circlet_count":0,"master_deck":["Searing Blow+7","Seeing Red","Sever Soul","Ghostly Armor","Body Slam","Impervious","Shockwave","Sentinel+1","Uppercut+1","Impervious","Headbutt+1","Double Tap","Sentinel+1","Rampage","Searing Blow+7"],"relics":["Burning Blood","NeowsBlessing","Golden Idol","Happy Flower","Vajra","Mercury Hourglass","Membership Card","Pandora\u0027s Box","Pantograph","Omamori","Bird Faced Urn","Red Skull","Runic Dome","Blue Candle","Sundial","Regal Pillow","DollysMirror"],"potions_floor_usage":[16,24,29,33,33,50,50,50],"damage_taken":[{"damage":0,"enemies":"Small Slimes","floor":1,"turns":1},{"damage":0,"enemies":"2 Louse","floor":3,"turns":1},{"damage":0,"enemies":"Gremlin Nob","floor":7,"turns":1},{"damage":7,"enemies":"Jaw Worm","floor":8,"turns":2},{"damage":2,"enemies":"Looter","floor":10,"turns":3},{"damage":29,"enemies":"The Guardian","floor":16,"turns":7},{"damage":12,"enemies":"Chosen","floor":18,"turns":2},{"damage":0,"enemies":"Spheric Guardian","floor":20,"turns":2},{"damage":18,"enemies":"Snake Plant","floor":22,"turns":3},{"damage":17,"enemies":"Slavers","floor":24,"turns":4},{"damage":0,"enemies":"Snecko","floor":28,"turns":3},{"damage":1,"enemies":"Sentry and Sphere","floor":29,"turns":3},{"damage":10,"enemies":"Centurion and Healer","floor":30,"turns":3},{"damage":21,"enemies":"Shelled Parasite and Fungi","floor":31,"turns":3},{"damage":19,"enemies":"Collector","floor":33,"turns":5},{"damage":27,"enemies":"3 Shapes","floor":35,"turns":3},{"damage":0,"enemies":"Orb Walker","floor":36,"turns":3},{"damage":0,"enemies":"Spire Growth","floor":38,"turns":3},{"damage":12,"enemies":"Maw","floor":39,"turns":6},{"damage":42,"enemies":"Giant Head","floor":41,"turns":7},{"damage":0,"enemies":"Transient","floor":45,"turns":5},{"damage":0,"enemies":"Spire Growth","floor":47,"turns":2},{"damage":83,"enemies":"Awakened One","floor":50,"turns":7}],"seed_played":"-288567599030417411","potions_obtained":[{"floor":3,"key":"LiquidBronze"},{"floor":16,"key":"AttackPotion"},{"floor":22,"key":"Energy Potion"},{"floor":24,"key":"Weak Potion"},{"floor":29,"key":"Dexterity Potion"},{"floor":35,"key":"LiquidBronze"},{"floor":38,"key":"SpeedPotion"},{"floor":47,"key":"AttackPotion"}],"is_trial":false,"path_per_floor":["M","?","M","?","T","R","E","M","T","M","R","?","R","$","R","B",null,"M","?","M","$","M","R","E","?","T","R","M","M","M","M","R","B",null,"M","M","?","M","M","R","E","?","T","$","M","$","M","$","R","B"],"character_chosen":"IRONCLAD","items_purchased":["Membership Card","Pantograph","Omamori","Double Tap","Regal Pillow","Rampage","DollysMirror","Explosive Potion","Fire Potion"],"campfire_rested":2,"item_purchase_floors":[14,21,21,44,44,46,46,46,48],"current_hp_per_floor":[78,78,80,60,60,60,66,65,65,69,69,53,53,53,53,30,68,62,62,68,68,56,56,45,45,45,45,51,56,52,37,61,67,77,56,62,62,68,62,62,26,26,26,26,32,32,38,38,77,0],"gold":11,"neow_bonus":"THREE_ENEMY_KILL","is_prod":false,"is_daily":false,"chose_seed":false,"campfire_upgraded":7,"win_rate":0,"timestamp":1545162645,"path_taken":["M","?","M","?","?","R","E","M","T","M","R","?","R","$","R","BOSS","M","?","?","$","M","R","E","?","T","R","M","M","M","M","R","BOSS","M","?","?","M","M","R","E","?","T","$","M","$","M","?","R","BOSS"],"build_version":"2018-12-13","purchased_purges":4,"victory":false,"max_hp_per_floor":[80,80,80,80,80,80,80,80,80,80,80,80,80,80,80,80,80,80,80,80,80,80,80,80,80,80,80,80,80,80,80,80,80,80,80,80,80,80,80,80,80,80,80,80,80,80,80,80,80,80],"card_choices":[{"not_picked":["Thunderclap","Warcry"],"picked":"Searing Blow","floor":1},{"not_picked":["Infernal Blade","Perfected Strike","Sentinel"],"picked":"SKIP","floor":3},{"not_picked":["Pommel Strike","Disarm"],"picked":"Seeing Red","floor":7},{"not_picked":["Pommel Strike","Flame Barrier","Shrug It Off"],"picked":"SKIP","floor":8},{"not_picked":["Havoc","Warcry"],"picked":"Sever Soul","floor":10},{"not_picked":["Flame Barrier+1","Shrug It Off+1","Headbutt"],"picked":"SKIP","floor":18},{"not_picked":["Uppercut","Entrench","Hemokinesis"],"picked":"SKIP","floor":20},{"not_picked":["Searing Blow","Entrench"],"picked":"Sentinel","floor":22},{"not_picked":["Iron Wave+1","Wild Strike"],"picked":"Uppercut+1","floor":24},{"not_picked":["Perfected Strike","Shockwave+1","Heavy Blade"],"picked":"SKIP","floor":28},{"not_picked":["Immolate","Anger","Havoc"],"picked":"SKIP","floor":29},{"not_picked":["Hemokinesis","Heavy Blade","Entrench"],"picked":"SKIP","floor":30},{"not_picked":["Carnage","Perfected Strike","Clothesline"],"picked":"SKIP","floor":31},{"not_picked":["Reaper","Juggernaut"],"picked":"Impervious","floor":33},{"not_picked":["Rage","Burning Pact","Spot Weakness"],"picked":"SKIP","floor":35},{"not_picked":["Inflame","Clash","Armaments+1"],"picked":"SKIP","floor":36},{"not_picked":["Uppercut+1","Warcry+1","Thunderclap+1"],"picked":"SKIP","floor":38},{"not_picked":["Intimidate","Armaments"],"picked":"Headbutt+1","floor":39},{"not_picked":["Shrug It Off+1","Sever Soul+1","Entrench+1"],"picked":"SKIP","floor":41},{"not_picked":["Armaments","Clash"],"picked":"Sentinel+1","floor":45},{"not_picked":["Clash+1","Iron Wave+1","Flex+1"],"picked":"SKIP","floor":47}],"player_experience":284763,"relics_obtained":[{"floor":5,"key":"Happy Flower"},{"floor":7,"key":"Vajra"},{"floor":9,"key":"Mercury Hourglass"},{"floor":24,"key":"Bird Faced Urn"},{"floor":26,"key":"Red Skull"},{"floor":41,"key":"Blue Candle"},{"floor":43,"key":"Sundial"}],"event_choices":[{"cards_removed":["Strike_R"],"damage_healed":0,"gold_gain":0,"player_choice":"Forget","damage_taken":0,"max_hp_gain":0,"max_hp_loss":0,"event_name":"Living Wall","floor":2,"gold_loss":0},{"damage_healed":0,"gold_gain":0,"player_choice":"Take Damage","damage_taken":20,"relics_obtained":["Golden Idol"],"max_hp_gain":0,"max_hp_loss":0,"event_name":"Golden Idol","floor":4,"gold_loss":0},{"damage_healed":0,"gold_gain":0,"player_choice":"Entered Light","damage_taken":16,"max_hp_gain":0,"max_hp_loss":0,"event_name":"Shining Light","floor":12,"gold_loss":0,"cards_upgraded":["Strike_R","Defend_R"]},{"damage_healed":0,"gold_gain":250,"player_choice":"Bet on Owner","damage_taken":0,"max_hp_gain":0,"max_hp_loss":0,"event_name":"The Joust","floor":19,"gold_loss":50},{"cards_removed":["Pummel"],"damage_healed":0,"gold_gain":0,"player_choice":"Upgrade and Remove","damage_taken":0,"max_hp_gain":0,"max_hp_loss":0,"event_name":"Designer","floor":25,"gold_loss":90,"cards_upgraded":["Sentinel"]},{"damage_healed":0,"gold_gain":0,"player_choice":"Ignored","damage_taken":0,"max_hp_gain":0,"max_hp_loss":0,"event_name":"Tomb of Lord Red Mask","floor":37,"gold_loss":0},{"damage_healed":0,"gold_gain":0,"player_choice":"Ignored","damage_taken":0,"max_hp_gain":0,"max_hp_loss":0,"event_name":"Mysterious Sphere","floor":42,"gold_loss":0}],"is_beta":false,"boss_relics":[{"not_picked":["Runic Pyramid","Eternal Feather"],"picked":"Pandora\u0027s Box"},{"not_picked":["Runic Cube","Mark of Pain"],"picked":"Runic Dome"}],"items_purged_floors":[14,21,44,46],"is_endless":false,"potions_floor_spawned":[3,16,22,24,29,35,38,47],"killed_by":"Awakened One","ascension_level":7}