{"gold_per_floor":[111,186,197,211,65,93,93,122,122,122,135,149,149,168,168,272,272,291,308,324,112,112,146,146,175,175,189,209,209,209,209,209,605,605,616,626,43,43,54,82,102,102,154,58,73,91,111,61,61,61],"floor_reached":51,"playtime":3799,"items_purged":["Bash","Defend_R","Defend_B","Strike_G"],"score":881,"play_id":"bee17b93-0f2b-4dbc-8a71-523a1b233bfd","local_time":"20181023005926","daily_mods":["Chimera","Vintage","Careless"],"is_ascension_mode":false,"campfire_choices":[{"data":"Fission","floor":7,"key":"SMITH"},{"data":"Redo","floor":10,"key":"SMITH"},{"data":"Redo","floor":15,"key":"SMITH"},{"data":"Discovery","floor":24,"key":"SMITH"},{"data":"1","floor":29,"key":"LIFT"},{"data":"2","floor":32,"key":"LIFT"},{"data":"3","floor":42,"key":"LIFT"},{"data":"Double Energy","floor":49,"key":"SMITH"}],"neow_cost":"","seed_source_timestamp":0,"circlet_count":0,"master_deck":["Survivor+1","Zap+1","Strike_R","Strike_B","Fission+1","Redo+1","Redo+1","Meteor Strike","Capacitor","Discovery+1","Fusion","Glacier+1","Barrage+1","Double Energy+1","Biased Cognition","Defragment","Aggregate+1","Redo+1"],"relics":["Cracked Core","Pear","Kunai","Orichalcum","Unceasing Top","Blood Vial","Mummified Hand","Shuriken","DataDisk","Smiling Mask","Bag of Marbles","White Beast Statue","Nunchaku","PreservedInsect","Ice Cream","Anchor","Meat on the Bone","Sundial","Regal Pillow","Girya","Old Coin","Busted Crown","Torii","Ginger","Prayer Wheel","Sling","Dead Branch","Toxic Egg 2","Omamori","Bottled Flame","Lantern","Pen Nib","Centennial Puzzle","Happy Flower"],"potions_floor_usage":[6,6,16,16,23,23,28,31,33,33,45,46,47,50,50,50],"damage_taken":[{"damage":2,"enemies":"2 Louse","floor":1,"turns":3},{"damage":6,"enemies":"Jaw Worm","floor":3,"turns":3},{"damage":0,"enemies":"Small Slimes","floor":4,"turns":3},{"damage":12,"enemies":"Lagavulin","floor":6,"turns":7},{"damage":25,"enemies":"Gremlin Nob","floor":8,"turns":5},{"damage":9,"enemies":"Exordium Wildlife","floor":11,"turns":4},{"damage":2,"enemies":"Blue Slaver","floor":12,"turns":3},{"damage":0,"enemies":"Exordium Thugs","floor":14,"turns":3},{"damage":1,"enemies":"Hexaghost","floor":16,"turns":7},{"damage":18,"enemies":"3 Byrds","floor":18,"turns":6},{"damage":10,"enemies":"Shell Parasite","floor":19,"turns":4},{"damage":1,"enemies":"Snecko","floor":20,"turns":4},{"damage":30,"enemies":"Slavers","floor":23,"turns":4},{"damage":0,"enemies":"Gremlin Leader","floor":25,"turns":8},{"damage":0,"enemies":"Shelled Parasite and Fungi","floor":27,"turns":2},{"damage":11,"enemies":"Cultist and Chosen","floor":28,"turns":5},{"damage":2,"enemies":"Colosseum Slavers","floor":31,"turns":2},{"damage":6,"enemies":"Champ","floor":33,"turns":4},{"damage":5,"enemies":"Orb Walker","floor":35,"turns":2},{"damage":1,"enemies":"3 Shapes","floor":36,"turns":4},{"damage":0,"enemies":"Maw","floor":39,"turns":1},{"damage":0,"enemies":"Giant Head","floor":40,"turns":1},{"damage":1,"enemies":"3 Darklings","floor":41,"turns":3},{"damage":0,"enemies":"Sphere and 2 Shapes","floor":45,"turns":3},{"damage":0,"enemies":"4 Shapes","floor":46,"turns":1},{"damage":0,"enemies":"3 Darklings","floor":47,"turns":1},{"damage":11,"enemies":"Awakened One","floor":50,"turns":3}],"seed_played":"-8798045921463101529","potions_obtained":[{"floor":4,"key":"PowerPotion"},{"floor":6,"key":"Fruit Juice"},{"floor":11,"key":"Swift Potion"},{"floor":12,"key":"Poison Potion"},{"floor":18,"key":"FocusPotion"},{"floor":19,"key":"Dexterity Potion"},{"floor":20,"key":"SkillPotion"},{"floor":23,"key":"SteroidPotion"},{"floor":25,"key":"Energy Potion"},{"floor":27,"key":"Weak Potion"},{"floor":28,"key":"Strength Potion"},{"floor":33,"key":"Dexterity Potion"},{"floor":35,"key":"LiquidBronze"},{"floor":36,"key":"Poison Potion"},{"floor":39,"key":"FearPotion"},{"floor":40,"key":"SkillPotion"},{"floor":41,"key":"Energy Potion"},{"floor":45,"key":"SteroidPotion"},{"floor":46,"key":"Ancient Potion"},{"floor":47,"key":"Explosive Potion"}],"is_trial":true,"path_per_floor":["M","?","M","M","$","E","R","E","T","R","M","M","?","M","R","B",null,"M","M","M","$","?","E","R","E","T","M","M","R","?","?","R","B",null,"M","M","$","T","M","E","M","R","T","$","M","M","M","$","R","B"],"character_chosen":"DEFECT","items_purchased":["Fission","Capacitor","Discovery","Prayer Wheel","Sling","Defragment","Redo+1"],"campfire_rested":0,"item_purchase_floors":[5,21,21,37,37,37,44],"current_hp_per_floor":[83,72,66,66,66,59,59,34,34,34,27,27,9,11,11,12,90,72,64,65,65,65,37,37,39,39,53,56,56,56,56,56,52,90,85,86,86,86,88,90,89,89,89,89,90,90,90,90,90,79],"gold":61,"neow_bonus":"","is_prod":false,"is_daily":false,"chose_seed":false,"campfire_upgraded":5,"win_rate":0,"timestamp":1540270766,"path_taken":["M","?","M","M","$","E","R","E","T","R","M","M","?","M","R","BOSS","M","M","M","$","?","E","R","E","T","M","M","R","?","?","R","BOSS","M","?","$","?","M","E","M","R","T","$","M","M","M","$","R","BOSS"],"build_version":"2018-10-18","purchased_purges":4,"victory":true,"max_hp_per_floor":[85,85,85,85,85,90,90,90,90,90,90,90,90,90,90,90,90,90,90,90,90,90,90,90,90,90,90,90,90,90,90,90,90,90,90,90,90,90,90,90,90,90,90,90,90,90,90,90,90,90],"card_choices":[{"not_picked":["Coolheaded","Cold Snap"],"picked":"Redo","floor":6},{"not_picked":["Sweeping Beam","Beam Cell"],"picked":"Redo","floor":8},{"not_picked":["Hyperbeam","Seek"],"picked":"Meteor Strike","floor":16},{"not_picked":["Cold Snap","Sweeping Beam"],"picked":"Glacier+1","floor":23},{"not_picked":["Rebound","Stack+1"],"picked":"Barrage+1","floor":25},{"not_picked":["Echo Form","Electrodynamics"],"picked":"Biased Cognition","floor":33},{"not_picked":[],"picked":"Aggregate+1","floor":40}],"player_experience":204601,"relics_obtained":[{"floor":1,"key":"Pear"},{"floor":3,"key":"Kunai"},{"floor":4,"key":"Orichalcum"},{"floor":6,"key":"Unceasing Top"},{"floor":8,"key":"Blood Vial"},{"floor":9,"key":"Mummified Hand"},{"floor":11,"key":"Shuriken"},{"floor":12,"key":"DataDisk"},{"floor":14,"key":"Smiling Mask"},{"floor":16,"key":"Bag of Marbles"},{"floor":18,"key":"Nunchaku"},{"floor":19,"key":"PreservedInsect"},{"floor":20,"key":"Ice Cream"},{"floor":23,"key":"Anchor"},{"floor":25,"key":"Meat on the Bone"},{"floor":26,"key":"Sundial"},{"floor":27,"key":"Regal Pillow"},{"floor":28,"key":"Girya"},{"floor":33,"key":"Old Coin"},{"floor":35,"key":"Torii"},{"floor":36,"key":"Ginger"},{"floor":38,"key":"Dead Branch"},{"floor":39,"key":"Toxic Egg 2"},{"floor":40,"key":"Omamori"},{"floor":41,"key":"Bottled Flame"},{"floor":43,"key":"Lantern"},{"floor":45,"key":"Pen Nib"},{"floor":46,"key":"Centennial Puzzle"},{"floor":47,"key":"Happy Flower"}],"event_choices":[{"damage_healed":0,"gold_gain":75,"player_choice":"Gather Gold","damage_taken":11,"max_hp_gain":0,"max_hp_loss":0,"event_name":"World of Goop","floor":2,"gold_loss":0},{"damage_healed":0,"gold_gain":0,"player_choice":"Entered Light","damage_taken":18,"max_hp_gain":0,"max_hp_loss":0,"event_name":"Shining Light","floor":13,"gold_loss":0,"cards_upgraded":["Survivor","Zap"]},{"damage_healed":0,"gold_gain":0,"cards_transformed":["Defend_G"],"player_choice":"Transformed","damage_taken":0,"max_hp_gain":0,"max_hp_loss":0,"event_name":"Transmorgrifier","floor":22,"gold_loss":0,"cards_obtained":["Fusion"]},{"damage_healed":0,"gold_gain":0,"player_choice":"Read","damage_taken":0,"max_hp_gain":0,"max_hp_loss":0,"event_name":"The Library","floor":30,"gold_loss":0,"cards_obtained":["Double Energy"]},{"damage_healed":0,"gold_gain":0,"player_choice":"Fight","damage_taken":0,"max_hp_gain":0,"max_hp_loss":0,"event_name":"Colosseum","floor":31,"gold_loss":0},{"damage_healed":0,"gold_gain":0,"player_choice":"Fled From Nobs","damage_taken":0,"max_hp_gain":0,"max_hp_loss":0,"event_name":"Colosseum","floor":31,"gold_loss":0}],"is_beta":false,"boss_relics":[{"not_picked":["Runic Pyramid","Ectoplasm"],"picked":"White Beast Statue"},{"not_picked":["Calling Bell","Tiny House"],"picked":"Busted Crown"}],"items_purged_floors":[21,37,44,48],"is_endless":false,"potions_floor_spawned":[4,6,11,12,18,19,20,23,25,27,28,31,33,35,36,39,40,41,45,46,47],"ascension_level":0}