{"gold_per_floor":[110,35,48,61,11,11,42,42,42,76,42,58,87,4,4,81,81,96,116,116,141,157,192,192,192,192,192,205,205,239,256,256,256],"floor_reached":33,"playtime":1568,"items_purged":["Dualcast"],"score":668,"play_id":"58c30ac9-a3c9-4c53-825f-ae63fdd1745c","local_time":"20190204103500","is_ascension_mode":true,"campfire_choices":[{"data":"Hyperbeam","floor":6,"key":"SMITH"},{"floor":8,"key":"REST"},{"floor":15,"key":"REST"},{"data":"Sunder","floor":24,"key":"SMITH"},{"floor":27,"key":"REST"},{"data":"White Noise","floor":29,"key":"SMITH"},{"floor":32,"key":"REST"}],"neow_cost":"NONE","seed_source_timestamp":1504503419866488,"circlet_count":0,"master_deck":["AscendersBane","Defend_B","Defend_B","Defend_B","Defend_B","Zap","Doom and Gloom","Sunder+1","White Noise+1","Auto Shields","Coolheaded","Hyperbeam+1","Conserve Battery","Conserve Battery+1","Go for the Eyes+1","Genetic Algorithm+1","Trip+1","Seek+1","Hologram+1","Sweeping Beam+1","Bite+1","Bite+1","Bite+1","Bite+1","Bite+1","Steam+1","Undo+1","Steam Power+1","Stack+1","Fission+1","Melter+1"],"relics":["Orrery","Toxic Egg 2","Molten Egg 2","Torii","Black Star","Red Mask","Blood Vial","Centennial Puzzle","Letter Opener","Regal Pillow","Emotion Chip"],"potions_floor_usage":[13,16,19,23,23],"damage_taken":[{"damage":12,"enemies":"Jaw Worm","floor":1,"turns":5},{"damage":0,"enemies":"2 Louse","floor":3,"turns":2},{"damage":0,"enemies":"Cultist","floor":4,"turns":2},{"damage":40,"enemies":"Lagavulin","floor":7,"turns":6},{"damage":0,"enemies":"3 Sentries","floor":10,"turns":2},{"damage":8,"enemies":"Blue Slaver","floor":12,"turns":3},{"damage":17,"enemies":"Lagavulin","floor":13,"turns":8},{"damage":0,"enemies":"Slime Boss","floor":16,"turns":8},{"damage":7,"enemies":"Chosen","floor":18,"turns":4},{"damage":28,"enemies":"Spheric Guardian","floor":19,"turns":6},{"damage":0,"enemies":"Masked Bandits","floor":21,"turns":2},{"damage":3,"enemies":"Shelled Parasite and Fungi","floor":22,"turns":6},{"damage":34,"enemies":"Slavers","floor":23,"turns":7},{"damage":23,"enemies":"Sentry and Sphere","floor":28,"turns":6},{"damage":30,"enemies":"Gremlin Leader","floor":30,"turns":6},{"damage":0,"enemies":"Cultist and Chosen","floor":31,"turns":5},{"damage":82,"enemies":"Automaton","floor":33,"turns":12}],"seed_played":"-184336315430846111","potions_obtained":[{"floor":1,"key":"Strength Potion"},{"floor":7,"key":"PowerPotion"},{"floor":13,"key":"Block Potion"},{"floor":18,"key":"Weak Potion"},{"floor":22,"key":"EssenceOfSteel"},{"floor":30,"key":"LiquidBronze"}],"is_trial":false,"path_per_floor":["M","$","M","M","?","R","E","R","T","E","?","M","E","$","R","B",null,"M","M","?","?","M","E","R","?","T","R","M","R","E","M","R","B"],"character_chosen":"DEFECT","items_purchased":["Trip+1"],"campfire_rested":4,"item_purchase_floors":[14],"current_hp_per_floor":[52,52,52,52,52,52,12,33,33,33,33,25,8,8,29,29,61,54,26,26,32,49,27,27,20,20,36,30,30,20,31,54,0],"gold":256,"neow_bonus":"BOSS_RELIC","is_prod":false,"is_daily":false,"chose_seed":false,"campfire_upgraded":3,"win_rate":0,"timestamp":1549294500,"path_taken":["M","$","M","M","?","R","E","R","T","E","?","M","E","?","R","BOSS","M","M","?","?","M","E","R","?","T","R","M","R","E","M","R","BOSS"],"build_version":"2019-01-23","purchased_purges":1,"victory":false,"max_hp_per_floor":[71,71,71,71,71,71,71,71,71,71,71,71,71,71,71,71,71,71,71,49,49,49,49,49,54,54,54,54,54,54,54,54,54],"card_choices":[{"not_picked":["Streamline","Rebound"],"picked":"Doom and Gloom","floor":0},{"not_picked":["Redo","Steam"],"picked":"Sunder","floor":0},{"not_picked":["Streamline","Doom and Gloom"],"picked":"White Noise","floor":0},{"not_picked":["Leap","Tempest"],"picked":"Auto Shields","floor":0},{"not_picked":["Scrape","Hologram"],"picked":"Coolheaded","floor":0},{"not_picked":["Redo","Leap"],"picked":"Hyperbeam","floor":1},{"not_picked":["Barrage","Hello World","Rip and Tear"],"picked":"SKIP","floor":3},{"not_picked":["Recycle","Rebound"],"picked":"Conserve Battery","floor":4},{"not_picked":["Darkness","Stack","Consume"],"picked":"SKIP","floor":7},{"not_picked":["Gash","Undo+1"],"picked":"Conserve Battery+1","floor":10},{"not_picked":["Compile Driver+1","Sweeping Beam+1"],"picked":"Go for the Eyes+1","floor":12},{"not_picked":["Hello World","Fission+1"],"picked":"Genetic Algorithm+1","floor":13},{"not_picked":["Hyperbeam+1","Rainbow+1"],"picked":"Seek+1","floor":16},{"not_picked":["Heatsinks+1","Coolheaded+1"],"picked":"Hologram+1","floor":18},{"not_picked":["Beam Cell+1","Stack+1"],"picked":"Sweeping Beam+1","floor":19},{"not_picked":["Hologram+1","Rebound+1"],"picked":"Steam+1","floor":21},{"not_picked":["Hologram+1","Doom and Gloom+1"],"picked":"Undo+1","floor":22},{"not_picked":["Glacier+1","Chaos+1"],"picked":"Steam Power+1","floor":23},{"not_picked":["Rebound+1","Go for the Eyes+1"],"picked":"Stack+1","floor":28},{"not_picked":["Leap+1","Redo+1"],"picked":"Fission+1","floor":30},{"not_picked":["Loop","Cold Snap+1"],"picked":"Melter+1","floor":31}],"player_experience":668182,"relics_obtained":[{"floor":7,"key":"Toxic Egg 2"},{"floor":10,"key":"Molten Egg 2"},{"floor":13,"key":"Torii"},{"floor":21,"key":"Red Mask"},{"floor":23,"key":"Blood Vial"},{"floor":23,"key":"Centennial Puzzle"},{"floor":26,"key":"Letter Opener"},{"floor":30,"key":"Regal Pillow"},{"floor":30,"key":"Emotion Chip"}],"event_choices":[{"cards_removed":["Strike_B"],"damage_healed":0,"gold_gain":0,"player_choice":"Card Removal","damage_taken":0,"max_hp_gain":0,"max_hp_loss":0,"event_name":"The Cleric","floor":5,"gold_loss":50},{"damage_healed":0,"gold_gain":0,"player_choice":"Left Gold","damage_taken":0,"max_hp_gain":0,"max_hp_loss":0,"event_name":"World of Goop","floor":11,"gold_loss":34},{"damage_healed":0,"gold_gain":0,"player_choice":"Became a vampire","damage_taken":0,"max_hp_gain":0,"max_hp_loss":22,"event_name":"Vampires","floor":20,"gold_loss":0,"cards_obtained":["Bite","Bite","Bite","Bite","Bite"]},{"damage_healed":0,"gold_gain":0,"player_choice":"Fought Bandits","damage_taken":0,"max_hp_gain":0,"max_hp_loss":0,"event_name":"Masked Bandits","floor":21,"gold_loss":0},{"damage_healed":0,"gold_gain":0,"player_choice":"Shed Blood","damage_taken":12,"max_hp_gain":5,"max_hp_loss":0,"event_name":"Forgotten Altar","floor":25,"gold_loss":0}],"is_beta":false,"boss_relics":[{"not_picked":["Velvet Choker","Coffee Dripper"],"picked":"Black Star"}],"items_purged_floors":[2],"is_endless":false,"potions_floor_spawned":[1,7,12,13,18,22,30],"killed_by":"Automaton","ascension_level":14}