{"gold_per_floor":[111,127,127,146,296,366,366,401,401,401,422,422,447,460,460,460],"floor_reached":16,"playtime":569,"items_purged":[],"score":224,"play_id":"0e2576d6-1099-4ca4-a82f-6c12cc1de194","local_time":"20190305201842","is_ascension_mode":true,"campfire_choices":[{"floor":7.0,"key":"REST"},{"data":"Chaos","floor":10.0,"key":"SMITH"},{"floor":12.0,"key":"REST"},{"floor":15,"key":"REST"}],"neow_cost":"NONE","seed_source_timestamp":451330818648073,"circlet_count":0,"master_deck":["AscendersBane","Strike_B","Strike_B","Strike_B","Strike_B","Defend_B","Defend_B","Defend_B","Defend_B","Zap","Dualcast","Steam","Ball Lightning","Chaos+1","Doubt","Biased Cognition","Gash+1","Hyperbeam+1","Leap","Conserve Battery"],"special_seed":0,"relics":["Cracked Core","Ancient Tea Set","Golden Idol","Tiny Chest","Molten Egg 2","Lantern"],"potions_floor_usage":[14],"damage_taken":[{"damage":0.0,"enemies":"Small Slimes","floor":1.0,"turns":3.0},{"damage":9.0,"enemies":"Jaw Worm","floor":2.0,"turns":4.0},{"damage":6.0,"enemies":"Cultist","floor":4.0,"turns":3.0},{"damage":14.0,"enemies":"Lagavulin","floor":6.0,"turns":7.0},{"damage":15.0,"enemies":"3 Sentries","floor":8.0,"turns":7.0},{"damage":10.0,"enemies":"Gremlin Gang","floor":11.0,"turns":4.0},{"damage":0.0,"enemies":"2 Fungi Beasts","floor":13.0,"turns":1.0},{"damage":6,"enemies":"Looter","floor":14,"turns":2},{"damage":44,"enemies":"The Guardian","floor":16,"turns":7}],"seed_played":"-4346489478928472661","potions_obtained":[{"floor":2.0,"key":"AttackPotion"},{"floor":6.0,"key":"Poison Potion"},{"floor":8.0,"key":"LiquidBronze"},{"floor":11.0,"key":"Swift Potion"}],"is_trial":false,"path_per_floor":["M","M","?","M","?","E","R","E","T","R","M","R","M","M","R","B"],"character_chosen":"DEFECT","items_purchased":[],"campfire_rested":3,"item_purchase_floors":[],"current_hp_per_floor":[64,55,31,25,25,11,32,17,17,17,7,28,28,22,43,0],"gold":460,"neow_bonus":"RANDOM_COMMON_RELIC","is_prod":false,"is_daily":false,"chose_seed":false,"campfire_upgraded":1,"win_rate":0,"timestamp":1551813522,"path_taken":["M","M","?","M","?","E","R","E","T","R","M","R","M","M","R","BOSS"],"build_version":"2019-01-23","purchased_purges":0,"victory":false,"max_hp_per_floor":[71,71,71,71,71,71,71,71,71,71,71,71,71,71,71,71],"card_choices":[{"not_picked":["Sweeping Beam","Compile Driver"],"picked":"Steam","floor":1.0},{"not_picked":["Storm","Rebound"],"picked":"Ball Lightning","floor":2.0},{"not_picked":["Steam","Capacitor"],"picked":"Chaos","floor":4.0},{"not_picked":["Turbo","Consume"],"picked":"Biased Cognition","floor":6.0},{"not_picked":["Leap","Beam Cell"],"picked":"Gash","floor":8.0},{"not_picked":["Gash+1","Turbo"],"picked":"Hyperbeam+1","floor":11.0},{"not_picked":["Capacitor","Steam"],"picked":"Leap","floor":13.0},{"not_picked":["Beam Cell+1","Chaos"],"picked":"Conserve Battery","floor":14}],"player_experience":823913,"relics_obtained":[{"floor":6.0,"key":"Tiny Chest"},{"floor":8.0,"key":"Molten Egg 2"},{"floor":9.0,"key":"Lantern"}],"event_choices":[{"damage_healed":0.0,"max_hp_gain":0.0,"max_hp_loss":0.0,"gold_gain":0.0,"event_name":"Golden Idol","player_choice":"Take Damage","floor":3.0,"gold_loss":0.0,"damage_taken":24.0,"relics_obtained":["Golden Idol"]},{"damage_healed":0.0,"max_hp_gain":0.0,"max_hp_loss":0.0,"gold_gain":150.0,"event_name":"Liars Game","player_choice":"AGREE","floor":5.0,"gold_loss":0.0,"damage_taken":0.0,"cards_obtained":["Doubt"]}],"is_beta":false,"boss_relics":[],"items_purged_floors":[],"is_endless":false,"potions_floor_spawned":[2,6,8,11,13],"killed_by":"The Guardian","ascension_level":20}