{"gold_per_floor":[217,24,24,24,37,37,53,53,53,70,70,84,84,84,84,182,182,198,198,208,10,21,56,56,56,125,125,141,155,155,31,31,131,131,143,143,163,163,178,178,188,188,213,213],"floor_reached":44,"playtime":3330,"items_purged":["Regret"],"score":443,"play_id":"b8987659-9953-45f5-8480-200554132072","local_time":"20190224081213","is_ascension_mode":false,"campfire_choices":[{"data":"Zap","floor":6,"key":"SMITH"},{"data":"Dualcast","floor":8,"key":"SMITH"},{"data":"Go for the Eyes","floor":13,"key":"SMITH"},{"data":"Sweeping Beam","floor":15,"key":"SMITH"},{"floor":25,"key":"REST"},{"data":"Defragment","floor":27,"key":"SMITH"},{"floor":30,"key":"REST"},{"data":"Echo Form","floor":32,"key":"SMITH"},{"floor":40,"key":"REST"}],"neow_cost":"NONE","seed_source_timestamp":88525802697541,"circlet_count":0,"master_deck":["Defend_B","Defend_B","Defend_B","Defend_B+1","Zap+1","Dualcast+1","Go for the Eyes+1","FTL","Sweeping Beam+1","Echo Form+1","Defragment+1","Coolheaded","Melter+1","Bite","Bite","Bite","Bite","Bite","Conserve Battery","Cold Snap","Creative AI","Rebound","Ball Lightning","Finesse","Secret Technique","Writhe"],"relics":["Cracked Core","Regal Pillow","Sundial","Cursed Key","Sling","Anchor","Singing Bowl","Inserter"],"potions_floor_usage":[16,22,23,23],"damage_taken":[{"damage":0,"enemies":"Cultist","floor":1,"turns":3},{"damage":1,"enemies":"Jaw Worm","floor":5,"turns":3},{"damage":1,"enemies":"2 Louse","floor":7,"turns":2},{"damage":0,"enemies":"Looter","floor":10,"turns":2},{"damage":0,"enemies":"Blue Slaver","floor":12,"turns":2},{"damage":10,"enemies":"The Guardian","floor":16,"turns":14},{"damage":0,"enemies":"Chosen","floor":18,"turns":4},{"damage":19,"enemies":"3 Byrds","floor":20,"turns":5},{"damage":19,"enemies":"Centurion and Healer","floor":22,"turns":5},{"damage":30,"enemies":"Slavers","floor":23,"turns":4},{"damage":22,"enemies":"Shelled Parasite and Fungi","floor":28,"turns":6},{"damage":26,"enemies":"Snecko","floor":29,"turns":5},{"damage":30,"enemies":"Automaton","floor":33,"turns":11},{"damage":23,"enemies":"3 Shapes","floor":35,"turns":5},{"damage":33,"enemies":"3 Darklings","floor":37,"turns":7},{"damage":33,"enemies":"4 Shapes","floor":39,"turns":7},{"damage":25,"enemies":"Writhing Mass","floor":41,"turns":9},{"damage":47,"enemies":"3 Darklings","floor":44,"turns":4}],"seed_played":"5607633207525919612","potions_obtained":[{"floor":5,"key":"Energy Potion"},{"floor":7,"key":"EssenceOfSteel"},{"floor":18,"key":"Block Potion"},{"floor":20,"key":"Dexterity Potion"},{"floor":37,"key":"Ancient Potion"},{"floor":41,"key":"Strength Potion"}],"is_trial":false,"path_per_floor":["M","$","?","?","M","R","M","R","T","M","$","M","R","?","R","B",null,"M","?","M","$","M","E","?","R","T","R","M","M","R","$","R","B",null,"M","?","M","?","M","R","M","?","T","M"],"character_chosen":"DEFECT","items_purchased":["Regal Pillow","Go for the Eyes","Sling","Cold Snap"],"campfire_rested":3,"item_purchase_floors":[2,2,21,31],"current_hp_per_floor":[75,75,60,53,52,52,51,51,51,51,51,51,51,51,51,41,75,75,75,56,56,37,7,7,37,37,37,31,17,48,48,48,54,54,39,39,30,30,11,43,42,34,34,0],"gold":213,"neow_bonus":"HUNDRED_GOLD","is_prod":false,"is_daily":false,"chose_seed":false,"campfire_upgraded":6,"win_rate":0,"timestamp":1551024733,"path_taken":["M","$","?","?","M","R","M","R","T","?","$","M","R","?","R","BOSS","M","?","M","$","?","E","?","R","T","R","M","M","R","$","R","BOSS","M","?","?","?","?","R","M","?","T","M"],"build_version":"2019-01-23","purchased_purges":1,"victory":false,"max_hp_per_floor":[75,75,75,75,75,75,75,75,75,75,75,75,75,75,75,75,75,75,75,75,75,75,75,52,52,52,52,52,54,54,54,54,54,54,56,56,56,56,58,58,60,62,62,62],"card_choices":[{"not_picked":["Turbo","Hologram","Stack"],"picked":"SKIP","floor":1},{"not_picked":["Auto Shields","Barrage"],"picked":"FTL","floor":5},{"not_picked":["Aggregate","Melter"],"picked":"Capacitor","floor":7},{"not_picked":["Compile Driver","Leap"],"picked":"Sweeping Beam","floor":10},{"not_picked":["Chaos","Rainbow","Rip and Tear"],"picked":"SKIP","floor":12},{"not_picked":["All For One","Biased Cognition"],"picked":"Echo Form","floor":16},{"not_picked":["Streamline","Fusion"],"picked":"Defragment","floor":18},{"not_picked":["Heatsinks+1","Darkness"],"picked":"Coolheaded","floor":20},{"not_picked":["Aggregate","Leap","Go for the Eyes"],"picked":"SKIP","floor":22},{"not_picked":["Rainbow","Streamline"],"picked":"Melter+1","floor":23},{"not_picked":["Recycle","Capacitor"],"picked":"Conserve Battery","floor":28},{"not_picked":["Sweeping Beam","Recycle","Redo"],"picked":"Singing Bowl","floor":29},{"not_picked":["Hyperbeam","Rainbow"],"picked":"Creative AI","floor":33},{"not_picked":["Leap","Lockon+1","Storm"],"picked":"Singing Bowl","floor":35},{"not_picked":["Sweeping Beam","Go for the Eyes"],"picked":"Ball Lightning","floor":37},{"not_picked":["Gash+1","Aggregate","Beam Cell+1"],"picked":"Singing Bowl","floor":39},{"not_picked":["Storm+1","Coolheaded+1","Barrage+1"],"picked":"Singing Bowl","floor":41},{"not_picked":["Metamorphosis","Panacea","The Bomb"],"picked":"Singing Bowl","floor":42},{"not_picked":["Panacea","Dark Shackles"],"picked":"Finesse","floor":42},{"not_picked":["Swift Strike","Violence"],"picked":"Secret Technique","floor":42}],"player_experience":489531,"relics_obtained":[{"floor":9,"key":"Sundial"},{"floor":23,"key":"Anchor"},{"floor":26,"key":"Singing Bowl"}],"event_choices":[{"damage_healed":0,"gold_gain":0,"player_choice":"Entered Light","damage_taken":15,"max_hp_gain":0,"max_hp_loss":0,"event_name":"Shining Light","floor":3,"gold_loss":0,"cards_upgraded":["Defend_B","Strike_B"]},{"cards_removed":["Strike_B"],"damage_healed":0,"gold_gain":0,"player_choice":"Card Removal","damage_taken":7,"max_hp_gain":0,"max_hp_loss":0,"event_name":"Golden Wing","floor":4,"gold_loss":0},{"damage_healed":0,"gold_gain":0,"cards_transformed":["Strike_B"],"player_choice":"Change","damage_taken":0,"max_hp_gain":0,"max_hp_loss":0,"event_name":"Living Wall","floor":14,"gold_loss":0,"cards_obtained":["Compile Driver"]},{"damage_healed":0,"gold_gain":0,"player_choice":"Bought 0 Potions","damage_taken":0,"max_hp_gain":0,"max_hp_loss":0,"event_name":"The Woman in Blue","floor":19,"gold_loss":0},{"damage_healed":0,"gold_gain":0,"player_choice":"Became a vampire","damage_taken":0,"max_hp_gain":0,"max_hp_loss":23,"event_name":"Vampires","floor":24,"gold_loss":0,"cards_obtained":["Bite","Bite","Bite","Bite","Bite"]},{"damage_healed":0,"gold_gain":0,"cards_transformed":["Capacitor"],"player_choice":"Transformed","damage_taken":0,"max_hp_gain":0,"max_hp_loss":0,"event_name":"Transmorgrifier","floor":36,"gold_loss":0,"cards_obtained":["Rebound"]},{"cards_removed":["Compile Driver"],"damage_healed":0,"gold_gain":0,"player_choice":"Purged","damage_taken":0,"max_hp_gain":0,"max_hp_loss":0,"event_name":"Purifier","floor":38,"gold_loss":0},{"damage_healed":0,"gold_gain":0,"player_choice":"Memory 3","damage_taken":10,"max_hp_gain":0,"max_hp_loss":0,"event_name":"SensoryStone","floor":42,"gold_loss":0}],"is_beta":false,"boss_relics":[{"not_picked":["Empty Cage","Pandora\u0027s Box"],"picked":"Cursed Key"},{"not_picked":["Velvet Choker","Eternal Feather"],"picked":"Inserter"}],"items_purged_floors":[31],"is_endless":false,"potions_floor_spawned":[5,7,18,20,37,41],"killed_by":"3 Darklings","ascension_level":0}