{"gold_per_floor":[109,284,209,209,230,261,285,285,285,285,308,64,64,97,97,187,187,187],"floor_reached":18,"playtime":594,"items_purged":["Doubt","Strike_R"],"score":328,"play_id":"d726f4af-fa87-436f-9ef5-c2905bd6d4bb","local_time":"20190124113755","is_ascension_mode":true,"campfire_choices":[{"data":"Uppercut","floor":8,"key":"SMITH"},{"data":"Bash","floor":10,"key":"SMITH"},{"data":"Shrug It Off","floor":13,"key":"SMITH"},{"data":"Shrug It Off","floor":15,"key":"SMITH"}],"neow_cost":"NONE","seed_source_timestamp":558740974778519,"circlet_count":0,"master_deck":["AscendersBane","Strike_R","Strike_R","Strike_R","Strike_R","Defend_R","Defend_R","Defend_R","Defend_R","Bash+1","Shrug It Off+1","Uppercut+1","Shrug It Off+1","Double Tap"],"relics":["Burning Blood","NeowsBlessing","Golden Idol","StoneCalendar","Champion Belt","Blood Vial","Ice Cream","Ectoplasm"],"potions_floor_usage":[16],"damage_taken":[{"damage":0,"enemies":"Cultist","floor":1,"turns":1},{"damage":0,"enemies":"2 Louse","floor":5,"turns":1},{"damage":0,"enemies":"3 Sentries","floor":6,"turns":1},{"damage":7,"enemies":"Small Slimes","floor":7,"turns":4},{"damage":2,"enemies":"2 Fungi Beasts","floor":11,"turns":4},{"damage":18,"enemies":"Gremlin Nob","floor":14,"turns":5},{"damage":33,"enemies":"The Guardian","floor":16,"turns":13},{"damage":30,"enemies":"3 Byrds","floor":18,"turns":6}],"seed_played":"-7240723124563629963","potions_obtained":[{"floor":6,"key":"Swift Potion"},{"floor":11,"key":"Regen Potion"}],"is_trial":false,"path_per_floor":["M","?","$","?","M","E","M","R","T","R","M","$","R","E","R","B",null,"M"],"character_chosen":"IRONCLAD","items_purchased":["Blood Vial"],"campfire_rested":0,"item_purchase_floors":[12],"current_hp_per_floor":[74,74,74,56,62,68,67,67,67,67,71,71,71,61,61,51,69,41],"gold":187,"neow_bonus":"THREE_ENEMY_KILL","is_prod":false,"is_daily":false,"chose_seed":false,"campfire_upgraded":4,"win_rate":0,"timestamp":1548347875,"path_taken":["M","?","$","?","M","E","M","R","T","R","M","$","R","E","R","BOSS","M"],"build_version":"2019-01-23","purchased_purges":2,"victory":false,"max_hp_per_floor":[75,75,75,75,75,75,75,75,75,75,75,75,75,75,75,75,75,75],"card_choices":[{"not_picked":["Perfected Strike","Uppercut"],"picked":"Shrug It Off","floor":1},{"not_picked":["Corruption","Twin Strike","Perfected Strike"],"picked":"SKIP","floor":5},{"not_picked":["Thunderclap","Feel No Pain"],"picked":"Uppercut","floor":6},{"not_picked":["Searing Blow","Warcry","Power Through"],"picked":"SKIP","floor":7},{"not_picked":["Armaments","Sever Soul","Clash"],"picked":"SKIP","floor":11},{"not_picked":["Hemokinesis","Reaper"],"picked":"Shrug It Off","floor":14},{"not_picked":["Limit Break","Immolate"],"picked":"Double Tap","floor":16}],"player_experience":409531,"relics_obtained":[{"floor":6,"key":"StoneCalendar"},{"floor":9,"key":"Champion Belt"},{"floor":14,"key":"Ice Cream"}],"event_choices":[{"damage_healed":0,"gold_gain":175,"player_choice":"AGREE","damage_taken":0,"max_hp_gain":0,"max_hp_loss":0,"event_name":"Liars Game","floor":2,"gold_loss":0,"cards_obtained":["Doubt"]},{"damage_healed":0,"gold_gain":0,"player_choice":"Take Damage","damage_taken":18,"relics_obtained":["Golden Idol"],"max_hp_gain":0,"max_hp_loss":0,"event_name":"Golden Idol","floor":4,"gold_loss":0}],"is_beta":false,"boss_relics":[{"not_picked":["Busted Crown","Snecko Eye"],"picked":"Ectoplasm"}],"items_purged_floors":[3,12],"is_endless":false,"potions_floor_spawned":[6,11],"killed_by":"3 Byrds","ascension_level":14}