{"path_per_floor":["M","?","M","?","M","$","M","R","T","E","?","R","?","M","R","B",null,"M","?","?","M","M","R","?","M","T","M","E","?","R","$","R","B",null,"M","M","$","?","?","$","R","M","T","E","R","$","M","M","R","B"],"character_chosen":"IRONCLAD","items_purchased":["Peace Pipe","Ornamental Fan"],"gold_per_floor":[365,315,332,332,342,49,67,67,67,99,274,274,274,287,287,388,388,401,401,401,420,440,440,355,368,393,410,441,441,441,112,112,211,211,229,247,147,202,202,77,77,94,169,197,197,197,210,225,225,225],"floor_reached":51,"campfire_rested":5,"playtime":2344,"current_hp_per_floor":[71,71,72,72,72,72,72,72,72,62,62,62,55,50,71,16,72,71,71,71,67,52,52,52,47,47,51,13,13,34,34,55,10,72,72,72,72,86,86,86,86,86,86,86,86,86,86,67,86,86],"items_purged":["Defend_R","Shrug It Off","Clash"],"gold":225,"score":970,"play_id":"c9a5376b-4cef-474b-b7d1-e23a91da9188","local_time":"20180424134547","is_prod":false,"is_daily":false,"chose_seed":false,"is_ascension_mode":false,"campfire_upgraded":1,"timestamp":1524602747,"path_taken":["M","?","M","?","M","$","?","R","T","E","?","R","?","M","R","BOSS","M","?","?","M","M","R","?","M","T","M","E","?","R","$","R","BOSS","M","M","$","?","?","$","R","M","T","E","R","?","M","M","R","BOSS"],"build_version":"2018-04-19","seed_source_timestamp":0,"purchased_purges":3,"victory":true,"master_deck":["Bash+1","Dual Wield+1","Dropkick+1"],"max_hp_per_floor":[72,72,72,72,72,72,72,72,72,72,72,72,72,72,72,72,72,72,72,72,72,72,72,72,72,72,72,72,72,72,72,72,72,72,72,72,72,86,86,86,86,86,86,86,86,86,86,86,86,86],"relics":["Burning Blood","Peace Pipe","Unceasing Top","Gambling Chip","Sozu","Happy Flower","Juzu Bracelet","Omamori","Toxic Egg 2","Ornamental Fan","Astrolabe","Mango","Molten Egg 2","Gremlin Horn"],"card_choices":[{"not_picked":["Warcry","Rupture"],"picked":"Clash","floor":1.0},{"not_picked":["Armaments","Intimidate"],"picked":"Headbutt","floor":3.0},{"not_picked":["Disarm","Intimidate"],"picked":"Shrug It Off","floor":7.0}],"player_experience":128466,"potions_floor_usage":[],"damage_taken":[{"damage":7.0,"enemies":"Small Slimes","floor":1.0,"turns":5.0},{"damage":1.0,"enemies":"Jaw Worm","floor":3.0,"turns":3.0},{"damage":2.0,"enemies":"2 Louse","floor":5.0,"turns":2.0},{"damage":5.0,"enemies":"Looter","floor":7.0,"turns":3.0},{"damage":16.0,"enemies":"3 Sentries","floor":10.0,"turns":9.0},{"damage":11.0,"enemies":"Large Slime","floor":14.0,"turns":4.0},{"damage":61.0,"enemies":"Slime Boss","floor":16.0,"turns":14.0},{"damage":7.0,"enemies":"2 Thieves","floor":18.0,"turns":4.0},{"damage":10.0,"enemies":"3 Byrds","floor":21.0,"turns":5.0},{"damage":21.0,"enemies":"Snake Plant","floor":22.0,"turns":2.0},{"damage":11.0,"enemies":"Sentry and Sphere","floor":25.0,"turns":4.0},{"damage":2.0,"enemies":"Chosen and Byrds","floor":27.0,"turns":5.0},{"damage":44,"enemies":"Slavers","floor":28,"turns":10},{"damage":51,"enemies":"Champ","floor":33,"turns":10},{"damage":0,"enemies":"3 Darklings","floor":35,"turns":6},{"damage":0,"enemies":"Orb Walker","floor":36,"turns":2},{"damage":0,"enemies":"Mysterious Sphere","floor":38,"turns":3},{"damage":0,"enemies":"3 Darklings","floor":42,"turns":2},{"damage":0,"enemies":"Nemesis","floor":44,"turns":1},{"damage":0,"enemies":"Maw","floor":47,"turns":1},{"damage":25,"enemies":"Sphere and 2 Shapes","floor":48,"turns":4},{"damage":0,"enemies":"Awakened One","floor":50,"turns":2}],"event_choices":[{"event_name":"The Cleric","player_choice":"Card Removal","floor":2.0,"damage_taken":0.0},{"event_name":"Living Wall","player_choice":"Grow","floor":4.0,"damage_taken":0.0},{"event_name":"Liars Game","player_choice":"agreed","floor":11.0,"damage_taken":0.0},{"event_name":"Golden Wing","player_choice":"Card Removal","floor":13.0,"damage_taken":0.0},{"event_name":"Back to Basics","player_choice":"Elegance","floor":19.0,"damage_taken":0.0},{"event_name":"The Mausoleum","player_choice":"Yes","floor":20.0,"damage_taken":0.0},{"event_name":"Addict","player_choice":"Obtained Relic","floor":24.0,"damage_taken":0.0},{"event_name":"Purifier","player_choice":"One Purge","floor":29,"damage_taken":0},{"event_name":"Mysterious Sphere","player_choice":"Fight","floor":38,"damage_taken":0},{"event_name":"Purifier","player_choice":"One Purge","floor":39,"damage_taken":0}],"boss_relics":[{"not_picked":["Philosopher\u0027s Stone","Snecko Eye"],"picked":"Astrolabe"}],"potions_floor_spawned":[5,7,18,22,25,28,33,35,36,42,47],"seed_played":"7520217639599800468","ascension_level":0,"is_trial":false}