{"gold_per_floor":[216,229,77,89,89,89,121,121,146,158,186,231,257,284,296,406,418,441,467,404,433,445,457,384,416,428,470,163,163,494,150,150,246,246,262,112,122,122,140,140],"floor_reached":40,"playtime":1868,"items_purged":["Strike_G","Strike_G","Defend_G","Defend_G"],"score":722,"play_id":"0c1cd5a5-b62d-44f1-a4ac-3aa8b593545a","local_time":"20190304164910","is_ascension_mode":true,"campfire_choices":[{"data":"Neutralize","floor":6.0,"key":"SMITH"},{"data":"Adrenaline","floor":8.0,"key":"SMITH"},{"data":"Noxious Fumes","floor":10.0,"key":"SMITH"},{"data":"Noxious Fumes","floor":15.0,"key":"SMITH"},{"floor":23,"key":"REST"},{"floor":29,"key":"REST"},{"data":"Catalyst","floor":32,"key":"SMITH"}],"neow_cost":"NONE","seed_source_timestamp":19208075347617,"circlet_count":0,"master_deck":["Defend_G","Defend_G","Defend_G","Survivor","Neutralize+1","Noxious Fumes+1","Bane+1","Noxious Fumes+1","Bane+1","Adrenaline+1","Noxious Fumes+1","Leg Sweep","Acrobatics","Venomology","PiercingWail","Backflip","Calculated Gamble","Catalyst+1","Escape Plan","Backstab+1","Blur","Footwork","Catalyst+1","Burst","Sucker Punch+1"],"special_seed":0,"relics":["Ring of the Snake","Ancient Tea Set","MawBank","Du-Vu Doll","Empty Cage","Strawberry","Whetstone","Molten Egg 2","Old Coin","Juzu Bracelet"],"potions_floor_usage":[21,21,21,27,30,33,33,35,37,37,39,39,40],"damage_taken":[{"damage":0.0,"enemies":"2 Louse","floor":1.0,"turns":3.0},{"damage":2.0,"enemies":"Cultist","floor":2.0,"turns":4.0},{"damage":3.0,"enemies":"Jaw Worm","floor":4.0,"turns":5.0},{"damage":7.0,"enemies":"Lagavulin","floor":7.0,"turns":6.0},{"damage":1.0,"enemies":"Large Slime","floor":11.0,"turns":4.0},{"damage":12.0,"enemies":"3 Sentries","floor":12.0,"turns":5.0},{"damage":0.0,"enemies":"Looter","floor":13.0,"turns":3.0},{"damage":4.0,"enemies":"3 Louse","floor":14.0,"turns":3.0},{"damage":9.0,"enemies":"Hexaghost","floor":16.0,"turns":8.0},{"damage":3.0,"enemies":"Spheric Guardian","floor":18.0,"turns":5.0},{"damage":0.0,"enemies":"Chosen","floor":19.0,"turns":4.0},{"damage":7,"enemies":"Sentry and Sphere","floor":21,"turns":5},{"damage":5,"enemies":"Snake Plant","floor":25,"turns":5},{"damage":49,"enemies":"Slavers","floor":27,"turns":5},{"damage":0,"enemies":"Gremlin Leader","floor":30,"turns":5},{"damage":0,"enemies":"Automaton","floor":33,"turns":6},{"damage":7,"enemies":"3 Shapes","floor":35,"turns":4},{"damage":15,"enemies":"3 Darklings","floor":37,"turns":5},{"damage":8,"enemies":"Maw","floor":39,"turns":7},{"damage":70,"enemies":"Reptomancer","floor":40,"turns":3}],"seed_played":"-542326327253555538","potions_obtained":[{"floor":7.0,"key":"Weak Potion"},{"floor":11.0,"key":"Poison Potion"},{"floor":12.0,"key":"SpeedPotion"},{"floor":18.0,"key":"Poison Potion"},{"floor":25,"key":"Weak Potion"},{"floor":33,"key":"Regen Potion"},{"floor":37,"key":"Dexterity Potion"},{"floor":39,"key":"PowerPotion"}],"is_trial":false,"path_per_floor":["M","M","$","M","?","R","E","R","T","R","M","E","M","M","R","B",null,"M","M","?","M","?","R","?","M","T","E","$","R","E","$","R","B",null,"M","$","M","?","M","E"],"character_chosen":"THE_SILENT","items_purchased":["Noxious Fumes","Backstab+1","Blur","Footwork","Juzu Bracelet","Catalyst"],"campfire_rested":2,"item_purchase_floors":[3,28,28,28,31,31],"current_hp_per_floor":[63,61,61,58,58,58,51,51,51,51,50,38,38,34,34,25,59,56,56,56,49,49,70,77,72,72,23,23,46,46,46,46,55,72,65,65,65,65,57,0],"gold":140,"neow_bonus":"HUNDRED_GOLD","is_prod":false,"is_daily":false,"chose_seed":false,"campfire_upgraded":5,"win_rate":0,"timestamp":1551685750,"path_taken":["M","M","$","M","?","R","E","R","T","R","M","E","M","?","R","BOSS","M","M","?","M","?","R","?","M","T","E","$","R","E","$","R","BOSS","M","$","M","?","M","E"],"build_version":"2019-01-23","purchased_purges":4,"victory":false,"max_hp_per_floor":[70,70,70,70,70,70,70,70,70,70,70,70,70,70,70,70,70,70,70,70,70,70,70,77,77,77,77,77,77,77,77,77,77,77,77,77,77,77,77,77],"card_choices":[{"not_picked":["Dagger Spray","Bouncing Flask"],"picked":"Noxious Fumes","floor":1.0},{"not_picked":["Backflip","Slice"],"picked":"Bane","floor":2.0},{"not_picked":["Terror","Distraction"],"picked":"Bane","floor":4.0},{"not_picked":["Backflip","Heel Hook"],"picked":"Adrenaline","floor":7.0},{"not_picked":["Underhanded Strike","Flying Knee"],"picked":"Noxious Fumes","floor":11.0},{"not_picked":["All Out Attack","Skewer"],"picked":"Leg Sweep","floor":12.0},{"not_picked":["Underhanded Strike","Distraction","Reflex"],"picked":"SKIP","floor":13.0},{"not_picked":["Dagger Throw","Flying Knee"],"picked":"Acrobatics","floor":14.0},{"not_picked":["Bullet Time","Phantasmal Killer"],"picked":"Venomology","floor":16.0},{"not_picked":["Outmaneuver+1","Bane"],"picked":"PiercingWail","floor":18.0},{"not_picked":["Acrobatics","Deflect"],"picked":"Backflip","floor":19.0},{"not_picked":["Finisher","Expertise+1"],"picked":"Calculated Gamble","floor":21},{"not_picked":["Flying Knee","Accuracy"],"picked":"Catalyst+1","floor":25},{"not_picked":["Calculated Gamble","Accuracy+1"],"picked":"Escape Plan","floor":27},{"not_picked":["Storm of Steel","Eviscerate+1","Outmaneuver"],"picked":"SKIP","floor":30},{"not_picked":["Phantasmal Killer","After Image"],"picked":"Burst","floor":33},{"not_picked":["Bane+1","Blade Dance","Masterful Stab+1"],"picked":"SKIP","floor":35},{"not_picked":["Calculated Gamble","Endless Agony+1","All Out Attack+1"],"picked":"SKIP","floor":37},{"not_picked":["Acrobatics","Skewer+1"],"picked":"Sucker Punch+1","floor":39}],"player_experience":382591,"relics_obtained":[{"floor":7.0,"key":"Ancient Tea Set"},{"floor":9.0,"key":"MawBank"},{"floor":12.0,"key":"Du-Vu Doll"},{"floor":26,"key":"Whetstone"},{"floor":27,"key":"Molten Egg 2"},{"floor":30,"key":"Old Coin"}],"event_choices":[{"damage_healed":0.0,"max_hp_gain":0.0,"max_hp_loss":0.0,"gold_gain":0.0,"event_name":"Upgrade Shrine","player_choice":"Upgraded","floor":5.0,"gold_loss":0.0,"damage_taken":0.0,"cards_upgraded":["Noxious Fumes"]},{"cards_removed":["Strike_G"],"damage_healed":0.0,"max_hp_gain":0.0,"max_hp_loss":0.0,"gold_gain":0.0,"event_name":"Beggar","player_choice":"Gave Gold","floor":20.0,"gold_loss":75.0,"damage_taken":0.0},{"damage_healed":0,"gold_gain":0,"player_choice":"Ignored","damage_taken":0,"max_hp_gain":0,"max_hp_loss":0,"event_name":"Cursed Tome","floor":22,"gold_loss":0},{"damage_healed":0,"gold_gain":0,"player_choice":"Obtained Relic","damage_taken":0,"relics_obtained":["Strawberry"],"max_hp_gain":0,"max_hp_loss":0,"event_name":"Addict","floor":24,"gold_loss":85},{"damage_healed":0,"gold_gain":0,"player_choice":"Ignored","damage_taken":0,"max_hp_gain":0,"max_hp_loss":0,"event_name":"Mysterious Sphere","floor":38,"gold_loss":0}],"is_beta":false,"boss_relics":[{"not_picked":["Ring of the Serpent","Calling Bell"],"picked":"Empty Cage"},{"not_picked":["Runic Pyramid","Philosopher\u0027s Stone","HoveringKite"]}],"items_purged_floors":[3,28,31,36],"is_endless":false,"potions_floor_spawned":[7,11,12,18,25,33,37,39],"killed_by":"Reptomancer","ascension_level":6}