{"gold_per_floor":[113,38,51,51,72,112,112,153,153,153,153,191,191,2,2,2],"floor_reached":16,"playtime":585,"items_purged":["Strike_R","Strike_R"],"score":232,"play_id":"7b046ea9-0777-4337-9238-bfa8d0e36d92","local_time":"20190212224407","is_ascension_mode":true,"campfire_choices":[{"floor":7,"key":"REST"},{"floor":11,"key":"REST"},{"floor":15,"key":"REST"}],"neow_cost":"TEN_PERCENT_HP_LOSS","seed_source_timestamp":2240483274309199,"circlet_count":0,"master_deck":["AscendersBane","Defend_R","Defend_R","Defend_R","Defend_R","Bash","Hemokinesis","Pummel","Pommel Strike","Metallicize","Reaper","Metallicize","Rupture","Whirlwind"],"relics":["Burning Blood","Golden Idol","Gremlin Horn","Mercury Hourglass","Self Forming Clay","Blue Candle"],"potions_floor_usage":[6,16],"damage_taken":[{"damage":6,"enemies":"Jaw Worm","floor":1,"turns":7},{"damage":3,"enemies":"2 Louse","floor":3,"turns":3},{"damage":6,"enemies":"Cultist","floor":5,"turns":4},{"damage":26,"enemies":"3 Sentries","floor":6,"turns":10},{"damage":42,"enemies":"Lagavulin","floor":8,"turns":8},{"damage":29,"enemies":"Gremlin Nob","floor":12,"turns":4},{"damage":54,"enemies":"Slime Boss","floor":16,"turns":6}],"seed_played":"3380725641489210810","potions_obtained":[{"floor":3,"key":"Strength Potion"},{"floor":8,"key":"SpeedPotion"}],"is_trial":false,"path_per_floor":["M","$","M","?","M","E","R","E","T","?","R","E","?","$","R","B"],"character_chosen":"IRONCLAD","items_purchased":["Whirlwind"],"campfire_rested":3,"item_purchase_floors":[14],"current_hp_per_floor":[68,68,68,45,45,25,45,9,9,9,29,10,10,10,30,0],"gold":2,"neow_bonus":"REMOVE_TWO","is_prod":false,"is_daily":false,"chose_seed":false,"campfire_upgraded":0,"win_rate":0,"timestamp":1550029447,"path_taken":["M","$","M","?","M","E","R","E","T","?","R","E","?","?","R","BOSS"],"build_version":"2019-01-23","purchased_purges":2,"victory":false,"max_hp_per_floor":[68,68,68,68,68,68,68,68,68,68,68,68,68,68,68,68],"card_choices":[{"not_picked":["Armaments","True Grit"],"picked":"Hemokinesis","floor":1},{"not_picked":["Corruption","Warcry"],"picked":"Pummel","floor":3},{"not_picked":["Clash","Carnage"],"picked":"Pommel Strike","floor":5},{"not_picked":["Clash","Entrench"],"picked":"Metallicize","floor":6},{"not_picked":["Hemokinesis","Fire Breathing"],"picked":"Reaper","floor":8},{"not_picked":["Juggernaut","Power Through"],"picked":"Rupture","floor":12}],"player_experience":749672,"relics_obtained":[{"floor":6,"key":"Gremlin Horn"},{"floor":8,"key":"Mercury Hourglass"},{"floor":9,"key":"Self Forming Clay"},{"floor":12,"key":"Blue Candle"}],"event_choices":[{"damage_healed":0,"gold_gain":0,"player_choice":"Take Damage","damage_taken":23,"relics_obtained":["Golden Idol"],"max_hp_gain":0,"max_hp_loss":0,"event_name":"Golden Idol","floor":4,"gold_loss":0},{"damage_healed":0,"gold_gain":0,"cards_transformed":["Strike_R"],"player_choice":"Change","damage_taken":0,"max_hp_gain":0,"max_hp_loss":0,"event_name":"Living Wall","floor":10,"gold_loss":0,"cards_obtained":["Metallicize"]},{"damage_healed":0,"gold_gain":0,"player_choice":"Searched \u00270\u0027 times","damage_taken":0,"max_hp_gain":0,"max_hp_loss":0,"event_name":"Dead Adventurer","floor":13,"gold_loss":0}],"is_beta":false,"boss_relics":[],"items_purged_floors":[2,14],"is_endless":false,"potions_floor_spawned":[3,8],"killed_by":"Slime Boss","ascension_level":20}