{"gold_per_floor":[114,131,131,154,178,221,252,264,301,340,372,384,396,32,32,129,129,142,162,162],"floor_reached":20,"playtime":830,"items_purged":[],"score":205,"play_id":"1f4c71d4-c0f1-4653-ba5c-e058b7be10e6","local_time":"20190107203357","is_ascension_mode":true,"campfire_choices":[{"data":"Perfected Strike","floor":8,"key":"SMITH"},{"floor":12,"key":"REST"},{"data":"Armaments","floor":15,"key":"SMITH"}],"neow_cost":"NONE","seed_source_timestamp":36791309159051,"circlet_count":0,"master_deck":["Strike_R","Strike_R","Strike_R","Strike_R","Strike_R","Defend_R","Defend_R","Defend_R","Defend_R","Bash","Headbutt","Perfected Strike+1","Twin Strike","Twin Strike","Shockwave","Barricade","Armaments+1","Spot Weakness","Flame Barrier","Berserk+1","Wild Strike","Wild Strike"],"relics":["Burning Blood","NeowsBlessing","MawBank","Dream Catcher","Bag of Marbles","Darkstone Periapt","Frozen Egg 2","Sozu"],"potions_floor_usage":[6,10,10],"damage_taken":[{"damage":0,"enemies":"Cultist","floor":1,"turns":1},{"damage":0,"enemies":"Small Slimes","floor":2,"turns":1},{"damage":0,"enemies":"Jaw Worm","floor":4,"turns":1},{"damage":21,"enemies":"Gremlin Gang","floor":5,"turns":6},{"damage":31,"enemies":"3 Sentries","floor":6,"turns":9},{"damage":17,"enemies":"3 Louse","floor":7,"turns":3},{"damage":6,"enemies":"Gremlin Nob","floor":10,"turns":3},{"damage":6,"enemies":"Looter","floor":11,"turns":2},{"damage":45,"enemies":"Hexaghost","floor":16,"turns":12},{"damage":16,"enemies":"3 Byrds","floor":18,"turns":7},{"damage":5,"enemies":"Chosen","floor":19,"turns":4},{"damage":84,"enemies":"Centurion and Healer","floor":20,"turns":4}],"seed_played":"5487466199110309608","potions_obtained":[{"floor":4,"key":"Swift Potion"},{"floor":5,"key":"PowerPotion"},{"floor":6,"key":"SkillPotion"},{"floor":11,"key":"Poison Potion"}],"is_trial":false,"path_per_floor":["M","M","?","M","M","E","M","R","T","E","M","R","T","$","R","B",null,"M","M","M"],"character_chosen":"IRONCLAD","items_purchased":["Frozen Egg 2","Spot Weakness","Flame Barrier"],"campfire_rested":1,"item_purchase_floors":[14,14,14],"current_hp_per_floor":[80,80,80,80,65,40,29,29,29,29,29,53,53,53,53,14,80,70,71,0],"gold":162,"neow_bonus":"THREE_ENEMY_KILL","is_prod":false,"is_daily":false,"chose_seed":false,"campfire_upgraded":2,"win_rate":0,"timestamp":1546860837,"path_taken":["M","?","?","?","M","E","M","R","T","E","?","R","?","$","R","BOSS","M","M","M"],"build_version":"2019-01-03v4","purchased_purges":0,"victory":false,"max_hp_per_floor":[80,80,80,80,80,80,80,80,80,80,80,80,80,80,80,80,80,80,80,80],"card_choices":[{"not_picked":["Warcry","Ghostly Armor"],"picked":"Perfected Strike","floor":1},{"not_picked":["Sword Boomerang","Clothesline"],"picked":"Headbutt","floor":2},{"not_picked":["Body Slam","Wild Strike"],"picked":"Perfected Strike","floor":4},{"not_picked":["Reaper","Sword Boomerang"],"picked":"Twin Strike","floor":5},{"not_picked":["Clothesline","Cleave"],"picked":"Twin Strike","floor":6},{"not_picked":["Rupture","Searing Blow"],"picked":"Shockwave","floor":7},{"not_picked":["Shrug It Off","Searing Blow"],"picked":"Barricade","floor":10},{"not_picked":["Thunderclap","Warcry","Shockwave"],"picked":"SKIP","floor":11},{"not_picked":["Hemokinesis","Seeing Red"],"picked":"Armaments","floor":12},{"not_picked":["Bludgeon","Fiend Fire"],"picked":"Berserk+1","floor":16},{"not_picked":["Warcry","Shrug It Off"],"picked":"Wild Strike","floor":18},{"not_picked":["Second Wind+1","Thunderclap"],"picked":"Wild Strike","floor":19}],"player_experience":155632,"relics_obtained":[{"floor":6,"key":"Dream Catcher"},{"floor":10,"key":"Bag of Marbles"},{"floor":13,"key":"Darkstone Periapt"}],"event_choices":[{"cards_removed":["Perfected Strike"],"damage_healed":0,"gold_gain":0,"player_choice":"Gave Card","damage_taken":0,"relics_obtained":["MawBank"],"max_hp_gain":0,"max_hp_loss":0,"event_name":"WeMeetAgain","floor":3,"gold_loss":0}],"is_beta":false,"boss_relics":[{"not_picked":["White Beast Statue","Black Star"],"picked":"Sozu"}],"items_purged_floors":[],"is_endless":false,"potions_floor_spawned":[4,5,6,11],"killed_by":"Centurion and Healer","ascension_level":2}