{"gold_per_floor":[117,117,117,132,146,146,181,181,181,181,199,199,46,69,69,193,193,218,236,89,39,39,39,74,115,170,190,14,30,30,30,30,30],"floor_reached":33,"playtime":1579,"items_purged":["Regret","Shame"],"score":366,"play_id":"db49d6de-7757-48db-a75c-a12794f2726d","local_time":"20181029002506","is_ascension_mode":true,"campfire_choices":[{"data":"Power Through","floor":6,"key":"SMITH"},{"data":"Clothesline","floor":8,"key":"SMITH"},{"data":"Immolate","floor":15,"key":"SMITH"},{"data":"Evolve","floor":23,"key":"SMITH"},{"floor":30,"key":"REST"},{"data":"True Grit","floor":32,"key":"SMITH"}],"neow_cost":"NONE","seed_source_timestamp":1146113479295145,"circlet_count":0,"master_deck":["Bash+1","Power Through+1","Seeing Red","Power Through+1","Clothesline+1","Iron Wave","Immolate+1","Iron Wave","Fiend Fire","Blood for Blood","Iron Wave","Havoc","Iron Wave","True Grit+1","Clothesline","Clothesline","Searing Blow","Burning Pact","Havoc","Wild Strike","Evolve+1","Burning Pact+1","Power Through+1","Havoc+1","Sever Soul","Feel No Pain","Havoc+1","Writhe"],"relics":["Burning Blood","NeowsBlessing","Golden Idol","Dodecahedron","Self Forming Clay","Ancient Tea Set","Pandora\u0027s Box","Sundial","Bag of Marbles","Red Mask","Dream Catcher","Boot"],"potions_floor_usage":[7,16,16,18,29],"damage_taken":[{"damage":0,"enemies":"2 Louse","floor":1,"turns":1},{"damage":0,"enemies":"Small Slimes","floor":4,"turns":1},{"damage":0,"enemies":"Cultist","floor":5,"turns":1},{"damage":47,"enemies":"Lagavulin","floor":7,"turns":10},{"damage":8,"enemies":"Looter","floor":11,"turns":3},{"damage":0,"enemies":"3 Louse","floor":14,"turns":1},{"damage":33,"enemies":"The Guardian","floor":16,"turns":12},{"damage":12,"enemies":"3 Byrds","floor":18,"turns":4},{"damage":13,"enemies":"Shell Parasite","floor":19,"turns":5},{"damage":21,"enemies":"Gremlin Leader","floor":24,"turns":8},{"damage":0,"enemies":"Masked Bandits","floor":25,"turns":1},{"damage":28,"enemies":"Centurion and Healer","floor":27,"turns":9},{"damage":18,"enemies":"Snake Plant","floor":29,"turns":2},{"damage":62,"enemies":"Automaton","floor":33,"turns":10}],"seed_played":"-2792842888101227901","potions_obtained":[{"floor":5,"key":"Strength Potion"},{"floor":7,"key":"Fire Potion"},{"floor":11,"key":"EssenceOfSteel"},{"floor":16,"key":"PowerPotion"},{"floor":18,"key":"FearPotion"},{"floor":24,"key":"Swift Potion"}],"is_trial":false,"path_per_floor":["M","?","?","M","M","R","E","R","T","?","M","?","$","M","R","B",null,"M","M","$","?","?","R","E","?","T","M","$","M","R","?","R"],"character_chosen":"IRONCLAD","items_purchased":["Immolate","Evolve","Sever Soul"],"campfire_rested":1,"item_purchase_floors":[13,20,28],"current_hp_per_floor":[80,80,60,66,72,72,31,31,31,31,29,29,29,35,35,8,80,74,67,67,67,67,67,52,58,58,36,36,24,48,48,48,0],"gold":30,"neow_bonus":"THREE_ENEMY_KILL","is_prod":false,"is_daily":false,"chose_seed":false,"campfire_upgraded":5,"win_rate":0,"timestamp":1540787106,"path_taken":["M","?","?","?","M","R","E","R","T","?","M","?","$","M","R","BOSS","M","M","$","?","?","R","E","?","T","M","?","?","R","?","R","BOSS"],"build_version":"2018-10-25v2","purchased_purges":2,"victory":false,"max_hp_per_floor":[80,80,80,80,80,80,80,80,80,80,80,80,80,80,80,80,80,80,80,80,80,80,80,80,80,80,80,80,80,80,80,80,80],"card_choices":[{"not_picked":["Twin Strike","Entrench"],"picked":"Power Through","floor":1},{"not_picked":["Sword Boomerang","Blood for Blood"],"picked":"Seeing Red","floor":4},{"not_picked":["Perfected Strike","Headbutt"],"picked":"Power Through","floor":5},{"not_picked":["Clash","Perfected Strike"],"picked":"Clothesline","floor":7},{"not_picked":["Bloodletting","Heavy Blade"],"picked":"Iron Wave","floor":11},{"not_picked":["Intimidate","Fire Breathing"],"picked":"Iron Wave","floor":14},{"not_picked":["Impervious","Dark Embrace"],"picked":"Fiend Fire","floor":16},{"not_picked":["Flex+1","Body Slam"],"picked":"Havoc","floor":18},{"not_picked":["Thunderclap","Armaments"],"picked":"Wild Strike","floor":19},{"not_picked":["Entrench","Carnage"],"picked":"Burning Pact+1","floor":24},{"not_picked":["Anger","Bloodletting+1"],"picked":"Power Through+1","floor":25},{"not_picked":["Bloodletting+1","Heavy Blade"],"picked":"Havoc+1","floor":27},{"not_picked":["Sword Boomerang+1","Spot Weakness"],"picked":"Feel No Pain","floor":29},{"not_picked":["Sword Boomerang","Iron Wave+1"],"picked":"Havoc+1","floor":30}],"player_experience":253907,"relics_obtained":[{"floor":7,"key":"Dodecahedron"},{"floor":9,"key":"Self Forming Clay"},{"floor":24,"key":"Bag of Marbles"},{"floor":25,"key":"Red Mask"},{"floor":26,"key":"Dream Catcher"}],"event_choices":[{"damage_healed":0,"gold_gain":0,"player_choice":"Grow","damage_taken":0,"max_hp_gain":0,"max_hp_loss":0,"event_name":"Living Wall","floor":2,"gold_loss":0,"cards_upgraded":["Bash"]},{"damage_healed":0,"gold_gain":0,"player_choice":"Take Damage","damage_taken":20,"relics_obtained":["Golden Idol"],"max_hp_gain":0,"max_hp_loss":0,"event_name":"Golden Idol","floor":3,"gold_loss":0},{"damage_healed":0,"gold_gain":0,"player_choice":"Box","damage_taken":0,"relics_obtained":["Ancient Tea Set"],"max_hp_gain":0,"max_hp_loss":0,"event_name":"Big Fish","floor":10,"gold_loss":0,"cards_obtained":["Regret"]},{"damage_healed":0,"gold_gain":0,"player_choice":"Upgraded","damage_taken":0,"max_hp_gain":0,"max_hp_loss":0,"event_name":"Upgrade Shrine","floor":12,"gold_loss":0,"cards_upgraded":["Power Through"]},{"damage_healed":0,"gold_gain":0,"player_choice":"Bet on Murderer","damage_taken":0,"max_hp_gain":0,"max_hp_loss":0,"event_name":"The Joust","floor":21,"gold_loss":50},{"damage_healed":0,"gold_gain":0,"player_choice":"Stole Relic","damage_taken":0,"relics_obtained":["Sundial"],"max_hp_gain":0,"max_hp_loss":0,"event_name":"Addict","floor":22,"gold_loss":0,"cards_obtained":["Shame"]},{"damage_healed":0,"gold_gain":0,"player_choice":"Fought Bandits","damage_taken":0,"max_hp_gain":0,"max_hp_loss":0,"event_name":"Masked Bandits","floor":25,"gold_loss":0},{"damage_healed":0,"gold_gain":0,"player_choice":"Opened","damage_taken":0,"relics_obtained":["Boot"],"max_hp_gain":0,"max_hp_loss":0,"event_name":"The Mausoleum","floor":31,"gold_loss":0,"cards_obtained":["Writhe"]}],"is_beta":false,"boss_relics":[{"not_picked":["Runic Cube","Ectoplasm"],"picked":"Pandora\u0027s Box"}],"items_purged_floors":[20,28],"is_endless":false,"potions_floor_spawned":[5,7,11,16,18,24],"killed_by":"Automaton","ascension_level":4}