{"gold_per_floor":[12,22,22,32,46,73,73,108,108,108,133,151,169,169],"floor_reached":14,"playtime":1041,"items_purged":[],"score":118,"play_id":"7cad43fe-772d-46d5-ac09-e57011dbf1dd","local_time":"20181014110352","is_ascension_mode":true,"campfire_choices":[{"data":"Defragment","floor":7,"key":"SMITH"},{"floor":10,"key":"REST"}],"neow_cost":"NO_GOLD","seed_source_timestamp":413495089017304,"circlet_count":0,"master_deck":["Strike_B","Strike_B","Defend_B","Defend_B","Defend_B","Defend_B","Zap","Dualcast","Storm","Force Field","Conserve Battery","Forethought","Turbo","Doom and Gloom","Defragment+1","Loop","Biased Cognition","Leap"],"relics":["Cracked Core","Bottled Tornado","Centennial Puzzle","Omamori","Bottled Flame"],"potions_floor_usage":[6,8],"damage_taken":[{"damage":1,"enemies":"Jaw Worm","floor":1,"turns":4},{"damage":1,"enemies":"Cultist","floor":2,"turns":3},{"damage":9,"enemies":"2 Louse","floor":4,"turns":2},{"damage":28,"enemies":"Exordium Thugs","floor":5,"turns":8},{"damage":10,"enemies":"3 Sentries","floor":6,"turns":6},{"damage":9,"enemies":"Lagavulin","floor":8,"turns":7},{"damage":16,"enemies":"Gremlin Nob","floor":11,"turns":3},{"damage":20,"enemies":"Gremlin Gang","floor":12,"turns":3},{"damage":13,"enemies":"3 Louse","floor":13,"turns":2},{"damage":0,"enemies":"Large Slime","floor":14,"turns":1}],"seed_played":"-7642579259222630424","potions_obtained":[{"floor":4,"key":"AttackPotion"},{"floor":6,"key":"Weak Potion"},{"floor":12,"key":"FairyPotion"}],"is_trial":false,"path_per_floor":["M","M","?","M","M","E","R","E","T","R","E","M","M"],"character_chosen":"DEFECT","items_purchased":[],"campfire_rested":1,"item_purchase_floors":[],"current_hp_per_floor":[74,73,73,64,36,26,26,17,17,39,23,3,1,1],"gold":169,"neow_bonus":"REMOVE_TWO","is_prod":false,"is_daily":false,"chose_seed":false,"campfire_upgraded":1,"win_rate":0,"timestamp":1539529432,"path_taken":["M","M","?","M","M","E","R","E","T","R","E","M","M","M"],"build_version":"2018-10-11","purchased_purges":0,"victory":false,"max_hp_per_floor":[75,75,75,75,75,75,75,75,75,75,75,75,75,75],"card_choices":[{"not_picked":["Barrage","Streamline"],"picked":"Storm","floor":1},{"not_picked":["Cold Snap","Blizzard"],"picked":"Force Field","floor":2},{"not_picked":["Sweeping Beam","Redo"],"picked":"Turbo","floor":4},{"not_picked":["Barrage","Streamline"],"picked":"Doom and Gloom","floor":5},{"not_picked":["Storm","Static Discharge"],"picked":"Defragment","floor":6},{"not_picked":["Steam Power","Coolheaded"],"picked":"Loop","floor":8},{"not_picked":["Auto Shields","Leap"],"picked":"Biased Cognition","floor":11},{"not_picked":["Redo","Beam Cell","Aggregate"],"picked":"SKIP","floor":12},{"not_picked":["Blizzard","Hologram"],"picked":"Leap","floor":13}],"player_experience":152406,"relics_obtained":[{"floor":6,"key":"Bottled Tornado"},{"floor":8,"key":"Centennial Puzzle"},{"floor":9,"key":"Omamori"},{"floor":11,"key":"Bottled Flame"}],"event_choices":[{"event_name":"Match and Keep!","player_choice":"2 cards matched","floor":3,"damage_taken":0}],"is_beta":false,"boss_relics":[],"items_purged_floors":[],"is_endless":false,"potions_floor_spawned":[4,6,12],"killed_by":"Large Slime","ascension_level":1}