{"gold_per_floor":[114,114,114,132,145,145,158,158,206,131,131,31,59,76,76,175,175,190,465,308,318,336,336,336],"floor_reached":24,"playtime":630,"items_purged":["Strike_R","Defend_R","Regret"],"score":265,"play_id":"7111bde7-8e40-4cf9-9438-1709dc36ea7c","local_time":"20181218151144","is_ascension_mode":true,"campfire_choices":[{"data":"Bash","floor":6,"key":"SMITH"},{"data":"Rampage","floor":11,"key":"SMITH"},{"floor":15,"key":"REST"},{"floor":23,"key":"REST"}],"neow_cost":"TEN_PERCENT_HP_LOSS","seed_source_timestamp":5104365336809,"circlet_count":0,"master_deck":["Strike_R","Defend_R","Defend_R","Bash+1","Rampage+1","Reaper","Inflame"],"relics":["Burning Blood","Darkstone Periapt","Anchor","The Courier","Black Star"],"potions_floor_usage":[16,21,22,22],"damage_taken":[{"damage":10,"enemies":"2 Louse","floor":1,"turns":5},{"damage":18,"enemies":"Jaw Worm","floor":4,"turns":5},{"damage":6,"enemies":"Cultist","floor":5,"turns":3},{"damage":23,"enemies":"Red Slaver","floor":7,"turns":3},{"damage":29,"enemies":"Gremlin Nob","floor":13,"turns":4},{"damage":12,"enemies":"Looter","floor":14,"turns":3},{"damage":33,"enemies":"Slime Boss","floor":16,"turns":6},{"damage":34,"enemies":"2 Thieves","floor":18,"turns":4},{"damage":39,"enemies":"Shell Parasite","floor":21,"turns":5},{"damage":42,"enemies":"Centurion and Healer","floor":22,"turns":5},{"damage":55,"enemies":"Gremlin Leader","floor":24,"turns":4}],"seed_played":"-6955310043152869113","potions_obtained":[{"floor":4,"key":"Regen Potion"},{"floor":13,"key":"Swift Potion"},{"floor":14,"key":"Weak Potion"},{"floor":21,"key":"SkillPotion"}],"is_trial":false,"path_per_floor":["M","?","T","M","M","R","M","?","T","$","R","$","E","M","R","B",null,"M","?","$","M","M","R","E"],"character_chosen":"IRONCLAD","items_purchased":["BloodPotion"],"campfire_rested":2,"item_purchase_floors":[20],"current_hp_per_floor":[68,68,68,56,56,56,39,39,39,39,39,39,22,22,43,36,63,43,49,49,32,8,31,0],"gold":336,"neow_bonus":"REMOVE_TWO","is_prod":false,"is_daily":false,"chose_seed":false,"campfire_upgraded":2,"win_rate":0,"timestamp":1545163904,"path_taken":["M","?","?","M","M","R","M","?","T","$","R","$","E","M","R","BOSS","M","?","$","M","?","R","E"],"build_version":"2018-12-13","purchased_purges":3,"victory":false,"max_hp_per_floor":[72,72,72,72,72,72,72,72,72,72,72,72,72,72,72,72,72,72,78,78,78,78,78,78],"card_choices":[{"not_picked":["Warcry","Anger","Perfected Strike"],"picked":"SKIP","floor":1},{"not_picked":["Disarm","Headbutt","Flex"],"picked":"SKIP","floor":4},{"not_picked":["Dual Wield","Battle Trance","Anger"],"picked":"SKIP","floor":5},{"not_picked":["Wild Strike","Evolve"],"picked":"Rampage","floor":7},{"not_picked":["Twin Strike","Clash"],"picked":"Inflame","floor":13},{"not_picked":["Ghostly Armor","Clothesline","Armaments"],"picked":"SKIP","floor":14},{"not_picked":["Armaments","Uppercut","Metallicize"],"picked":"SKIP","floor":18},{"not_picked":["Heavy Blade","Perfected Strike","Warcry+1"],"picked":"SKIP","floor":21},{"not_picked":["Body Slam","Dual Wield","Pommel Strike"],"picked":"SKIP","floor":22}],"player_experience":286277,"relics_obtained":[{"floor":3,"key":"Darkstone Periapt"},{"floor":9,"key":"Anchor"},{"floor":13,"key":"The Courier"}],"event_choices":[{"cards_removed":["Defend_R"],"damage_healed":0,"gold_gain":0,"player_choice":"Forget","damage_taken":0,"max_hp_gain":0,"max_hp_loss":0,"event_name":"Living Wall","floor":2,"gold_loss":0},{"damage_healed":0,"gold_gain":0,"cards_transformed":["Strike_R"],"player_choice":"Transformed","damage_taken":0,"max_hp_gain":0,"max_hp_loss":0,"event_name":"Transmorgrifier","floor":8,"gold_loss":0,"cards_obtained":["Reaper"]},{"damage_healed":0,"gold_gain":275,"player_choice":"Desecrate","damage_taken":0,"max_hp_gain":0,"max_hp_loss":0,"event_name":"Golden Shrine","floor":19,"gold_loss":0,"cards_obtained":["Regret"]}],"is_beta":false,"boss_relics":[{"not_picked":["Lizard Tail","Philosopher\u0027s Stone"],"picked":"Black Star"}],"items_purged_floors":[10,12,20],"is_endless":false,"potions_floor_spawned":[4,13,14,21],"killed_by":"Gremlin Leader","ascension_level":7}