{"gold_per_floor":[114,64,77,152,22,48,64,77,123,144,144,144,144,156,156,252,252,262,262,287,306,324,324,324],"floor_reached":24,"playtime":1035,"items_purged":[],"score":332,"play_id":"d938085c-e156-423e-bc7f-2bfd8d1d06d3","local_time":"20190216162213","is_ascension_mode":true,"campfire_choices":[{"data":"Zap","floor":11,"key":"SMITH"},{"data":"Dualcast","floor":13,"key":"SMITH"},{"floor":15,"key":"REST"},{"floor":23,"key":"REST"}],"neow_cost":"NONE","seed_source_timestamp":203254913875076,"circlet_count":0,"master_deck":["AscendersBane","Strike_B","Strike_B","Strike_B","Defend_B","Defend_B","Defend_B","Defend_B","Zap+1","Dualcast+1","Go for the Eyes","Cold Snap","Coolheaded","FTL","Undo","Seek"],"relics":["Cracked Core","NeowsBlessing","Pantograph","Ancient Tea Set","Odd Mushroom","Sozu"],"potions_floor_usage":[6,8,10,24,24],"damage_taken":[{"damage":0,"enemies":"Small Slimes","floor":1,"turns":1},{"damage":0,"enemies":"Jaw Worm","floor":3,"turns":1},{"damage":0,"enemies":"Lagavulin","floor":6,"turns":1},{"damage":0,"enemies":"2 Louse","floor":7,"turns":2},{"damage":19,"enemies":"Exordium Thugs","floor":8,"turns":5},{"damage":18,"enemies":"The Mushroom Lair","floor":10,"turns":4},{"damage":4,"enemies":"Red Slaver","floor":14,"turns":3},{"damage":29,"enemies":"The Guardian","floor":16,"turns":17},{"damage":12,"enemies":"Spheric Guardian","floor":18,"turns":4},{"damage":0,"enemies":"Shell Parasite","floor":21,"turns":7},{"damage":30,"enemies":"Snecko","floor":22,"turns":10},{"damage":40,"enemies":"Slavers","floor":24,"turns":5}],"seed_played":"4064952016564479569","potions_obtained":[{"floor":3,"key":"FocusPotion"},{"floor":6,"key":"Explosive Potion"},{"floor":7,"key":"Poison Potion"},{"floor":10,"key":"Ancient Potion"}],"is_trial":false,"path_per_floor":["M","?","M","?","$","E","M","M","T","?","R","$","R","M","R","B",null,"M","?","T","M","M","R","E"],"character_chosen":"DEFECT","items_purchased":["Cold Snap","Fruit Juice"],"campfire_rested":2,"item_purchase_floors":[5,5],"current_hp_per_floor":[68,68,68,57,57,62,62,43,43,25,25,25,25,21,45,41,70,58,43,43,43,13,38,0],"gold":324,"neow_bonus":"THREE_ENEMY_KILL","is_prod":false,"is_daily":false,"chose_seed":false,"campfire_upgraded":2,"win_rate":0,"timestamp":1550362933,"path_taken":["M","?","M","?","?","E","M","M","T","?","R","$","R","M","R","BOSS","M","?","?","M","?","R","E"],"build_version":"2019-01-23","purchased_purges":0,"victory":false,"max_hp_per_floor":[75,75,75,75,75,80,80,80,80,80,80,80,80,80,80,80,80,80,85,85,85,85,85,85],"card_choices":[{"not_picked":["Sweeping Beam","Rebound","Stack"],"picked":"SKIP","floor":1},{"not_picked":["Auto Shields","Sunder"],"picked":"Go for the Eyes","floor":3},{"not_picked":["Force Field","Turbo","Recycle"],"picked":"SKIP","floor":6},{"not_picked":["Aggregate","Recycle"],"picked":"Coolheaded","floor":7},{"not_picked":["Streamline","Stack","Hologram"],"picked":"SKIP","floor":8},{"not_picked":["Cold Snap","Chill"],"picked":"FTL","floor":10},{"not_picked":["Tempest","Static Discharge"],"picked":"Undo","floor":14},{"not_picked":["Multi-Cast","Rainbow"],"picked":"Seek","floor":16},{"not_picked":["Steam","Reprogram","Darkness"],"picked":"SKIP","floor":18},{"not_picked":["Coolheaded","Sunder","Streamline"],"picked":"SKIP","floor":21},{"not_picked":["Static Discharge","Rebound","Ball Lightning"],"picked":"SKIP","floor":22}],"player_experience":397710,"relics_obtained":[{"floor":6,"key":"Pantograph"},{"floor":9,"key":"Ancient Tea Set"},{"floor":10,"key":"Odd Mushroom"}],"event_choices":[{"cards_removed":["Strike_B"],"damage_healed":0,"gold_gain":0,"player_choice":"Card Removal","damage_taken":0,"max_hp_gain":0,"max_hp_loss":0,"event_name":"The Cleric","floor":2,"gold_loss":50},{"damage_healed":0,"gold_gain":75,"player_choice":"Gather Gold","damage_taken":11,"max_hp_gain":0,"max_hp_loss":0,"event_name":"World of Goop","floor":4,"gold_loss":0},{"damage_healed":0,"gold_gain":0,"player_choice":"Fought Mushrooms","damage_taken":0,"max_hp_gain":0,"max_hp_loss":0,"event_name":"Mushrooms","floor":10,"gold_loss":0},{"damage_healed":0,"gold_gain":0,"player_choice":"Shed Blood","damage_taken":20,"max_hp_gain":5,"max_hp_loss":0,"event_name":"Forgotten Altar","floor":19,"gold_loss":0}],"is_beta":false,"boss_relics":[{"not_picked":["Empty Cage","Eternal Feather"],"picked":"Sozu"}],"items_purged_floors":[],"is_endless":false,"potions_floor_spawned":[3,6,7,10,18],"killed_by":"Slavers","ascension_level":10}