{"gold_per_floor":[117,117,16,16,29,56,56,131,131,131,164,164,55,75,75,75],"floor_reached":16,"playtime":476,"items_purged":["Strike_R"],"score":186,"play_id":"aca5a633-56fe-48cc-9eb6-0cca21c345a4","local_time":"20190211181129","is_ascension_mode":true,"campfire_choices":[{"data":"Whirlwind","floor":7,"key":"SMITH"},{"floor":10,"key":"REST"},{"data":"Bash","floor":15,"key":"SMITH"}],"neow_cost":"NONE","seed_source_timestamp":2137818398816166,"circlet_count":0,"master_deck":["AscendersBane","Strike_R","Strike_R","Strike_R","Defend_R","Defend_R","Defend_R+1","Defend_R+1","Bash+1","Clash","Shrug It Off","Cleave","Whirlwind+1","Shrug It Off","Spot Weakness"],"relics":["Black Star","Du-Vu Doll","War Paint","Singing Bowl","Bird Faced Urn","Centennial Puzzle","Bottled Flame"],"potions_floor_usage":[6,16],"damage_taken":[{"damage":10,"enemies":"Small Slimes","floor":1,"turns":4},{"damage":0,"enemies":"2 Louse","floor":5,"turns":2},{"damage":15,"enemies":"Gremlin Nob","floor":6,"turns":4},{"damage":31,"enemies":"Lagavulin","floor":11,"turns":6},{"damage":0,"enemies":"Jaw Worm","floor":14,"turns":5},{"damage":30,"enemies":"Hexaghost","floor":16,"turns":9}],"seed_played":"-4294506501110613021","potions_obtained":[{"floor":11,"key":"Poison Potion"}],"is_trial":false,"path_per_floor":["M","?","$","?","M","E","R","?","T","R","E","T","$","M","R","B"],"character_chosen":"IRONCLAD","items_purchased":["Cleave","Strength Potion","Spot Weakness"],"campfire_rested":1,"item_purchase_floors":[3,3,13],"current_hp_per_floor":[58,58,58,58,58,43,43,32,32,54,25,25,25,27,27,0],"gold":75,"neow_bonus":"BOSS_RELIC","is_prod":false,"is_daily":false,"chose_seed":false,"campfire_upgraded":2,"win_rate":0,"timestamp":1549926689,"path_taken":["M","?","$","?","M","E","R","?","T","R","E","?","$","M","R","BOSS"],"build_version":"2019-01-23","purchased_purges":1,"victory":false,"max_hp_per_floor":[75,75,75,75,75,75,75,75,75,75,77,77,77,79,79,79],"card_choices":[{"not_picked":["Perfected Strike","Armaments"],"picked":"Clash","floor":1},{"not_picked":["Body Slam","Warcry"],"picked":"Whirlwind","floor":5},{"not_picked":["Entrench","Dropkick"],"picked":"Shrug It Off","floor":6},{"not_picked":["Wild Strike","Fire Breathing","Cleave"],"picked":"Singing Bowl","floor":11},{"not_picked":["True Grit","Headbutt","Warcry"],"picked":"Singing Bowl","floor":14}],"player_experience":744833,"relics_obtained":[{"floor":6,"key":"Du-Vu Doll"},{"floor":6,"key":"War Paint"},{"floor":9,"key":"Singing Bowl"},{"floor":11,"key":"Bird Faced Urn"},{"floor":11,"key":"Centennial Puzzle"},{"floor":12,"key":"Bottled Flame"}],"event_choices":[{"damage_healed":0,"gold_gain":0,"cards_transformed":["Strike_R"],"player_choice":"Change","damage_taken":0,"max_hp_gain":0,"max_hp_loss":0,"event_name":"Living Wall","floor":2,"gold_loss":0,"cards_obtained":["Shrug It Off"]},{"damage_healed":0,"gold_gain":0,"player_choice":"Ignored","damage_taken":0,"max_hp_gain":0,"max_hp_loss":0,"event_name":"Liars Game","floor":4,"gold_loss":0},{"damage_healed":0,"gold_gain":75,"player_choice":"Gather Gold","damage_taken":11,"max_hp_gain":0,"max_hp_loss":0,"event_name":"World of Goop","floor":8,"gold_loss":0}],"is_beta":false,"boss_relics":[],"items_purged_floors":[13],"is_endless":false,"potions_floor_spawned":[11],"killed_by":"Hexaghost","ascension_level":15}