{"gold_per_floor":[113,263,283,35,110,10,26,26,110,136,136,136],"floor_reached":12,"playtime":334,"items_purged":["Doubt","Shame"],"score":152,"play_id":"876ed358-601c-4a29-9323-e2f1da9e5ec6","local_time":"20190201220952","is_ascension_mode":true,"campfire_choices":[{"data":"Uppercut","floor":11,"key":"SMITH"}],"neow_cost":"CURSE","seed_source_timestamp":1288192293601251,"circlet_count":0,"master_deck":["AscendersBane","Strike_R","Strike_R","Strike_R","Strike_R","Strike_R","Defend_R","Defend_R","Defend_R","Defend_R","Bash","Spot Weakness","Rampage","Uppercut+1","Iron Wave"],"relics":["Burning Blood","FossilizedHelix","Orichalcum","Tiny Chest","Ancient Tea Set"],"potions_floor_usage":[10],"damage_taken":[{"damage":10,"enemies":"Small Slimes","floor":1,"turns":5},{"damage":24,"enemies":"Jaw Worm","floor":3,"turns":7},{"damage":2,"enemies":"2 Louse","floor":7,"turns":3},{"damage":30,"enemies":"Gremlin Nob","floor":10,"turns":5},{"damage":18,"enemies":"3 Sentries","floor":12,"turns":4}],"seed_played":"8198758563341129321","potions_obtained":[{"floor":1,"key":"Poison Potion"}],"is_trial":false,"path_per_floor":["M","?","M","$","?","$","M","?","T","E","R","E"],"character_chosen":"IRONCLAD","items_purchased":["Orichalcum"],"campfire_rested":0,"item_purchase_floors":[4],"current_hp_per_floor":[64,64,46,46,35,35,39,39,39,15,15,0],"gold":136,"neow_bonus":"ONE_RARE_RELIC","is_prod":false,"is_daily":false,"chose_seed":false,"campfire_upgraded":1,"win_rate":0,"timestamp":1549076992,"path_taken":["M","?","M","$","?","$","M","?","T","E","R","E"],"build_version":"2019-01-23","purchased_purges":2,"victory":false,"max_hp_per_floor":[75,75,75,75,75,75,75,75,75,75,75,75],"card_choices":[{"not_picked":["Havoc","Armaments"],"picked":"Spot Weakness","floor":1},{"not_picked":["Spot Weakness","Flex"],"picked":"Rampage","floor":3},{"not_picked":["Perfected Strike","Clash"],"picked":"Uppercut","floor":7},{"not_picked":["Perfected Strike","Heavy Blade"],"picked":"Iron Wave","floor":10}],"player_experience":639287,"relics_obtained":[{"floor":9,"key":"Tiny Chest"},{"floor":10,"key":"Ancient Tea Set"}],"event_choices":[{"damage_healed":0,"gold_gain":150,"player_choice":"AGREE","damage_taken":0,"max_hp_gain":0,"max_hp_loss":0,"event_name":"Liars Game","floor":2,"gold_loss":0,"cards_obtained":["Doubt"]},{"damage_healed":0,"gold_gain":75,"player_choice":"Gather Gold","damage_taken":11,"max_hp_gain":0,"max_hp_loss":0,"event_name":"World of Goop","floor":5,"gold_loss":0},{"damage_healed":0,"gold_gain":0,"player_choice":"Leave","damage_taken":0,"max_hp_gain":0,"max_hp_loss":0,"event_name":"The Cleric","floor":8,"gold_loss":0}],"is_beta":false,"boss_relics":[],"items_purged_floors":[4,6],"is_endless":false,"potions_floor_spawned":[1],"killed_by":"3 Sentries","ascension_level":20}