{"gold_per_floor":[110,9,26,26,26,26,61,61,108,142,156,170,183,201,201,302,302,319,331,344,344],"floor_reached":21,"playtime":982,"items_purged":[],"score":240,"play_id":"c66fa6be-86b3-4f67-a7f7-2d399fe08273","local_time":"20190108095019","is_ascension_mode":true,"campfire_choices":[{"data":"Armaments","floor":6,"key":"SMITH"},{"data":"Corruption","floor":8,"key":"SMITH"},{"data":"Rage","floor":15,"key":"SMITH"}],"neow_cost":"NONE","seed_source_timestamp":1726237197093,"circlet_count":0,"master_deck":["Strike_R","Strike_R","Strike_R","Strike_R","Strike_R","Defend_R","Defend_R","Defend_R","Defend_R","Bash","Heavy Blade","Corruption+1","Armaments+1","Headbutt","Battle Trance","Bloodletting","Rage+1","Demon Form","Heavy Blade","Warcry+1","Impervious"],"relics":["Black Blood","NeowsBlessing","Dodecahedron","Sundial","The Courier"],"potions_floor_usage":[19,19,21,21],"damage_taken":[{"damage":0,"enemies":"2 Louse","floor":1,"turns":1},{"damage":0,"enemies":"Cultist","floor":3,"turns":1},{"damage":0,"enemies":"Lagavulin","floor":7,"turns":1},{"damage":18,"enemies":"3 Sentries","floor":10,"turns":9},{"damage":0,"enemies":"Jaw Worm","floor":11,"turns":3},{"damage":9,"enemies":"Looter","floor":12,"turns":3},{"damage":17,"enemies":"Exordium Thugs","floor":13,"turns":5},{"damage":18,"enemies":"Exordium Wildlife","floor":14,"turns":5},{"damage":38,"enemies":"The Guardian","floor":16,"turns":18},{"damage":24,"enemies":"Chosen","floor":18,"turns":6},{"damage":13,"enemies":"3 Byrds","floor":19,"turns":1},{"damage":54,"enemies":"Snake Plant","floor":20,"turns":6},{"damage":33,"enemies":"Cultist and Chosen","floor":21,"turns":5}],"seed_played":"-543070183440800164","potions_obtained":[{"floor":3,"key":"AttackPotion"},{"floor":7,"key":"LiquidBronze"},{"floor":12,"key":"Poison Potion"},{"floor":13,"key":"Explosive Potion"},{"floor":16,"key":"LiquidBronze"},{"floor":19,"key":"Explosive Potion"}],"is_trial":false,"path_per_floor":["M","$","M","$","?","R","E","R","T","E","M","M","M","M","R","B",null,"M","M","M","M"],"character_chosen":"IRONCLAD","items_purchased":["Corruption","Armaments"],"campfire_rested":0,"item_purchase_floors":[2,2],"current_hp_per_floor":[80,80,80,80,80,80,80,80,80,68,74,71,60,48,48,16,80,66,63,19,0],"gold":344,"neow_bonus":"THREE_ENEMY_KILL","is_prod":false,"is_daily":false,"chose_seed":false,"campfire_upgraded":3,"win_rate":0,"timestamp":1546908619,"path_taken":["M","$","M","$","?","R","E","R","T","E","M","M","M","M","R","BOSS","M","?","M","M"],"build_version":"2019-01-03v4","purchased_purges":0,"victory":false,"max_hp_per_floor":[80,80,80,80,80,80,80,80,80,80,80,80,80,80,80,80,80,80,80,80,80],"card_choices":[{"not_picked":["Clash","Disarm"],"picked":"Heavy Blade","floor":1},{"not_picked":["Iron Wave","Havoc","Second Wind"],"picked":"SKIP","floor":3},{"not_picked":["True Grit","Sword Boomerang"],"picked":"Headbutt","floor":7},{"not_picked":["Evolve","Body Slam"],"picked":"Battle Trance","floor":10},{"not_picked":["Second Wind","Sword Boomerang"],"picked":"Bloodletting","floor":11},{"not_picked":["Heavy Blade","Pommel Strike","Anger"],"picked":"SKIP","floor":12},{"not_picked":["Second Wind","Metallicize"],"picked":"Rage","floor":13},{"not_picked":["Burning Pact","Corruption","Rupture"],"picked":"SKIP","floor":14},{"not_picked":["Berserk","Double Tap"],"picked":"Demon Form","floor":16},{"not_picked":["Perfected Strike","Flex"],"picked":"Heavy Blade","floor":18},{"not_picked":["Flex+1","Headbutt"],"picked":"Warcry+1","floor":19},{"not_picked":["True Grit","Carnage"],"picked":"Impervious","floor":20}],"player_experience":165641,"relics_obtained":[{"floor":7,"key":"Sundial"},{"floor":10,"key":"The Courier"}],"event_choices":[{"damage_healed":0,"gold_gain":0,"player_choice":"Gave Potion","damage_taken":0,"relics_obtained":["Dodecahedron"],"max_hp_gain":0,"max_hp_loss":0,"event_name":"WeMeetAgain","floor":5,"gold_loss":0}],"is_beta":false,"boss_relics":[{"not_picked":["Philosopher\u0027s Stone","Fusion Hammer"],"picked":"Black Blood"}],"items_purged_floors":[],"is_endless":false,"potions_floor_spawned":[3,7,12,13,16,19],"killed_by":"Cultist and Chosen","ascension_level":2}