{"gold_per_floor":[360,375,133,133,133,133,148,183,183,218,218,218,198,223,223,297,297,311,491,506,16,16,16,79,96,96,96],"floor_reached":27,"playtime":1009,"items_purged":["Strike_R"],"score":494,"play_id":"374bb22f-1df0-48da-8204-aaf797b8b13d","local_time":"20190201114934","is_ascension_mode":true,"campfire_choices":[{"data":"Immolate","floor":6,"key":"SMITH"},{"data":"Clothesline","floor":12,"key":"SMITH"},{"data":"Bash","floor":15,"key":"SMITH"},{"floor":23,"key":"REST"}],"neow_cost":"PERCENT_DAMAGE","seed_source_timestamp":1250298145759710,"circlet_count":0,"master_deck":["AscendersBane","Strike_R+1","Strike_R+1","Defend_R+1","Defend_R+1","Defend_R+1","Defend_R+1","Bash+1","Pommel Strike","Clothesline+1","Immolate+1","Metallicize","Headbutt","Exhume","Corruption","Impervious","True Grit","Flame Barrier","Apotheosis","Metallicize","Infernal Blade"],"relics":["Burning Blood","Paper Frog","Lantern","Orichalcum","Bag of Preparation","Black Star","Sling","Tiny Chest","Unceasing Top","Shuriken"],"potions_floor_usage":[8,18,20,27],"damage_taken":[{"damage":5,"enemies":"2 Louse","floor":1,"turns":4},{"damage":8,"enemies":"Small Slimes","floor":2,"turns":4},{"damage":0,"enemies":"Cultist","floor":7,"turns":2},{"damage":17,"enemies":"Lagavulin","floor":8,"turns":5},{"damage":6,"enemies":"Gremlin Nob","floor":10,"turns":3},{"damage":9,"enemies":"Lagavulin","floor":14,"turns":3},{"damage":20,"enemies":"Hexaghost","floor":16,"turns":8},{"damage":14,"enemies":"Shell Parasite","floor":18,"turns":3},{"damage":14,"enemies":"Spheric Guardian","floor":20,"turns":5},{"damage":6,"enemies":"Gremlin Leader","floor":24,"turns":4},{"damage":7,"enemies":"Centurion and Healer","floor":25,"turns":5},{"damage":53,"enemies":"Book of Stabbing","floor":27,"turns":6}],"seed_played":"-6012164992466502705","potions_obtained":[{"floor":2,"key":"GamblersBrew"},{"floor":7,"key":"Block Potion"},{"floor":13,"key":"FairyPotion"},{"floor":16,"key":"Explosive Potion"},{"floor":20,"key":"Dexterity Potion"}],"is_trial":false,"path_per_floor":["M","M","$","?","?","R","M","E","T","E","?","R","?","E","R","B",null,"M","?","M","$","?","R","E","M","T","E"],"character_chosen":"IRONCLAD","items_purchased":["Immolate","Sling","Apotheosis","Metallicize"],"campfire_rested":1,"item_purchase_floors":[3,21,21,21],"current_hp_per_floor":[51,49,49,74,74,74,75,64,64,64,57,57,57,54,54,40,66,58,37,29,29,29,51,51,50,50,0],"gold":96,"neow_bonus":"TWO_FIFTY_GOLD","is_prod":false,"is_daily":false,"chose_seed":false,"campfire_upgraded":3,"win_rate":0,"timestamp":1549039774,"path_taken":["M","M","$","?","?","R","M","E","T","E","?","R","?","E","R","BOSS","M","?","?","$","?","R","E","M","T","E"],"build_version":"2019-01-23","purchased_purges":1,"victory":false,"max_hp_per_floor":[75,75,75,75,75,75,75,75,75,75,75,75,75,75,75,75,75,75,75,75,75,75,75,75,75,75,75],"card_choices":[{"not_picked":["Thunderclap","Flex"],"picked":"Pommel Strike","floor":1},{"not_picked":["Heavy Blade","Clash"],"picked":"Clothesline","floor":2},{"not_picked":["Body Slam","Clash"],"picked":"Metallicize","floor":7},{"not_picked":["Combust","Pommel Strike"],"picked":"Headbutt","floor":8},{"not_picked":["Rage","Cleave"],"picked":"Exhume","floor":10},{"not_picked":["Rupture","Sentinel"],"picked":"Corruption","floor":14},{"not_picked":["Fiend Fire","Exhume"],"picked":"Impervious","floor":16},{"not_picked":["Blood for Blood","Anger"],"picked":"True Grit","floor":18},{"not_picked":["Battle Trance","Disarm"],"picked":"Flame Barrier","floor":20},{"not_picked":["Battle Trance","Sword Boomerang"],"picked":"Infernal Blade","floor":24},{"not_picked":["Rage","Cleave","Rupture"],"picked":"SKIP","floor":25}],"player_experience":623514,"relics_obtained":[{"floor":8,"key":"Paper Frog"},{"floor":9,"key":"Lantern"},{"floor":10,"key":"Orichalcum"},{"floor":14,"key":"Bag of Preparation"},{"floor":24,"key":"Tiny Chest"},{"floor":24,"key":"Unceasing Top"},{"floor":26,"key":"Shuriken"}],"event_choices":[{"damage_healed":25,"gold_gain":0,"player_choice":"Banana","damage_taken":0,"max_hp_gain":0,"max_hp_loss":0,"event_name":"Big Fish","floor":4,"gold_loss":0},{"cards_removed":["Strike_R"],"damage_healed":0,"gold_gain":0,"player_choice":"Forget","damage_taken":0,"max_hp_gain":0,"max_hp_loss":0,"event_name":"Living Wall","floor":5,"gold_loss":0},{"cards_removed":["Strike_R"],"damage_healed":0,"gold_gain":0,"player_choice":"Card Removal","damage_taken":7,"max_hp_gain":0,"max_hp_loss":0,"event_name":"Golden Wing","floor":11,"gold_loss":0},{"damage_healed":0,"gold_gain":0,"player_choice":"Bought 1 Potion","damage_taken":0,"max_hp_gain":0,"max_hp_loss":0,"event_name":"The Woman in Blue","floor":13,"gold_loss":0},{"damage_healed":0,"gold_gain":180,"player_choice":"GOLD GOLD ","damage_taken":21,"max_hp_gain":0,"max_hp_loss":0,"event_name":"Knowing Skull","floor":19,"potions_obtained":[],"gold_loss":0,"cards_obtained":[]},{"damage_healed":0,"gold_gain":0,"player_choice":"Simplicity","damage_taken":0,"max_hp_gain":0,"max_hp_loss":0,"event_name":"Back to Basics","floor":22,"gold_loss":0,"cards_upgraded":["Strike_R","Strike_R","Defend_R","Defend_R","Defend_R","Defend_R"]}],"is_beta":false,"boss_relics":[{"not_picked":["Eternal Feather","Runic Pyramid"],"picked":"Black Star"}],"items_purged_floors":[3],"is_endless":false,"potions_floor_spawned":[2,7,16,20],"killed_by":"Book of Stabbing","ascension_level":20}