{"gold_per_floor":[118,129,109,121,132,132,147,48,48,48,69,69,69,99,99,176,176,193,193,193,175,175],"floor_reached":22,"playtime":1106,"items_purged":[],"score":322,"play_id":"5376a220-a9fd-4fa8-b184-c3fe0f749de0","local_time":"20190210160749","is_ascension_mode":true,"campfire_choices":[{"data":"Neutralize","floor":6.0,"key":"SMITH"},{"floor":10.0,"key":"REST"},{"floor":13.0,"key":"REST"},{"data":"Venomology","floor":15.0,"key":"SMITH"}],"neow_cost":"NONE","seed_source_timestamp":243211901723732,"circlet_count":0,"master_deck":["AscendersBane","Defend_G","Defend_G","Defend_G","Defend_G","Defend_G","Strike_G","Strike_G","Strike_G","Strike_G","Survivor","Neutralize+1","Deadly Poison","Bullet Time","Dagger Spray","Flying Knee","Masterful Stab","Noxious Fumes","PiercingWail","Dodge and Roll","Backstab","Venomology+1","A Thousand Cuts","Cloak And Dagger","Catalyst","Bouncing Flask","Deadly Poison"],"special_seed":0,"relics":["Ring of the Snake","Lantern","Mummified Hand","Odd Mushroom","Dead Branch","HoveringKite"],"potions_floor_usage":[22],"damage_taken":[{"damage":6.0,"enemies":"Cultist","floor":1.0,"turns":5.0},{"damage":0.0,"enemies":"2 Louse","floor":2.0,"turns":3.0},{"damage":2.0,"enemies":"Jaw Worm","floor":4.0,"turns":4.0},{"damage":10.0,"enemies":"2 Fungi Beasts","floor":5.0,"turns":3.0},{"damage":13.0,"enemies":"Exordium Thugs","floor":7.0,"turns":5.0},{"damage":19.0,"enemies":"The Mushroom Lair","floor":11.0,"turns":4.0},{"damage":2.0,"enemies":"Lagavulin","floor":14.0,"turns":8.0},{"damage":19.0,"enemies":"Hexaghost","floor":16.0,"turns":10.0},{"damage":10.0,"enemies":"3 Byrds","floor":18.0,"turns":5.0},{"damage":15.0,"enemies":"2 Thieves","floor":21.0,"turns":4.0},{"damage":39,"enemies":"Cultist and Chosen","floor":22,"turns":5}],"seed_played":"-8077716490299642827","potions_obtained":[{"floor":3.0,"key":"Weak Potion"},{"floor":4.0,"key":"SkillPotion"},{"floor":7.0,"key":"PowerPotion"},{"floor":16.0,"key":"Explosive Potion"},{"floor":18.0,"key":"PowerPotion"}],"is_trial":false,"path_per_floor":["M","M","?","M","M","R","M","$","T","R","?","?","R","E","R","B",null,"M","?","?","M","M"],"character_chosen":"THE_SILENT","items_purchased":["Noxious Fumes","PiercingWail"],"campfire_rested":2,"item_purchase_floors":[8,8],"current_hp_per_floor":[53,53,53,51,41,41,28,28,28,47,28,28,47,45,45,26,56,46,46,46,31,0],"gold":175,"neow_bonus":"RANDOM_COMMON_RELIC","is_prod":false,"is_daily":false,"chose_seed":false,"campfire_upgraded":2,"win_rate":0,"timestamp":1549832869,"path_taken":["M","?","?","?","M","R","M","$","T","R","?","?","R","E","R","BOSS","M","?","?","?","M"],"build_version":"2019-01-23","purchased_purges":0,"victory":false,"max_hp_per_floor":[66,66,66,66,66,66,66,66,66,66,66,66,66,66,66,66,66,66,66,66,66,66],"card_choices":[{"not_picked":["Deflect","Bane"],"picked":"Deadly Poison","floor":1.0},{"not_picked":["Outmaneuver","Finisher"],"picked":"Bullet Time","floor":2.0},{"not_picked":["Predator","Deadly Poison"],"picked":"Dagger Spray","floor":4.0},{"not_picked":["Poisoned Stab","Underhanded Strike"],"picked":"Flying Knee","floor":5.0},{"not_picked":["Sucker Punch","Quick Slash"],"picked":"Masterful Stab","floor":7.0},{"not_picked":["All Out Attack","Distraction"],"picked":"Dodge and Roll","floor":11.0},{"not_picked":["Slice","PiercingWail"],"picked":"Venomology","floor":14.0},{"not_picked":["Tools of the Trade","Grand Finale"],"picked":"A Thousand Cuts","floor":16.0},{"not_picked":["Outmaneuver","Masterful Stab"],"picked":"Cloak And Dagger","floor":18.0},{"not_picked":["Dagger Throw+1","Underhanded Strike+1"],"picked":"Deadly Poison","floor":21.0}],"player_experience":439574,"relics_obtained":[{"floor":9.0,"key":"Mummified Hand"},{"floor":11.0,"key":"Odd Mushroom"},{"floor":14.0,"key":"Dead Branch"}],"event_choices":[{"damage_healed":0.0,"max_hp_gain":0.0,"max_hp_loss":0.0,"gold_gain":0.0,"event_name":"The Woman in Blue","player_choice":"Bought 1 Potion","floor":3.0,"gold_loss":0.0,"damage_taken":0.0},{"damage_healed":0.0,"max_hp_gain":0.0,"max_hp_loss":0.0,"gold_gain":0.0,"event_name":"Mushrooms","player_choice":"Fought Mushrooms","floor":11.0,"gold_loss":0.0,"damage_taken":0.0},{"damage_healed":0.0,"max_hp_gain":0.0,"max_hp_loss":0.0,"gold_gain":0.0,"event_name":"Match and Keep!","player_choice":"1 cards matched","floor":12.0,"gold_loss":0.0,"damage_taken":0.0,"cards_obtained":["Backstab"]},{"damage_healed":0.0,"max_hp_gain":0.0,"max_hp_loss":0.0,"gold_gain":0.0,"event_name":"The Library","player_choice":"Read","floor":19.0,"gold_loss":0.0,"damage_taken":0.0,"cards_obtained":["Catalyst"]},{"damage_healed":0.0,"max_hp_gain":0.0,"max_hp_loss":0.0,"gold_gain":0.0,"cards_transformed":["Strike_G"],"event_name":"Transmorgrifier","player_choice":"Transformed","floor":20.0,"gold_loss":0.0,"damage_taken":0.0,"cards_obtained":["Bouncing Flask"]}],"is_beta":false,"boss_relics":[{"not_picked":["Lizard Tail","Velvet Choker"],"picked":"HoveringKite"}],"items_purged_floors":[],"is_endless":false,"potions_floor_spawned":[4,7,16,18],"killed_by":"Cultist and Chosen","ascension_level":15}