{"gold_per_floor":[119,138,156,27,38,38,70,70,95,124,147,176,255,255],"floor_reached":14,"playtime":575,"items_purged":["Strike_R"],"score":216,"play_id":"6137372f-255c-4fb7-ba87-07dc7b2fbfeb","local_time":"20190201221949","is_ascension_mode":true,"campfire_choices":[{"data":"Clothesline","floor":6,"key":"SMITH"},{"data":"Iron Wave","floor":8,"key":"SMITH"}],"neow_cost":"NONE","seed_source_timestamp":1288543742906150,"circlet_count":0,"master_deck":["AscendersBane","Strike_R","Strike_R","Strike_R","Strike_R","Defend_R+1","Defend_R","Defend_R","Defend_R+1","Bash","Clothesline+1","Juggernaut","Iron Wave+1","Pommel Strike","Flame Barrier","Sentinel","Sever Soul"],"relics":["Burning Blood","Centennial Puzzle","War Paint","Happy Flower","Odd Mushroom","Ornamental Fan","Sundial"],"potions_floor_usage":[7,10,11],"damage_taken":[{"damage":8,"enemies":"2 Louse","floor":1,"turns":4},{"damage":8,"enemies":"Jaw Worm","floor":2,"turns":5},{"damage":6,"enemies":"Cultist","floor":3,"turns":4},{"damage":6,"enemies":"Red Slaver","floor":5,"turns":5},{"damage":25,"enemies":"3 Sentries","floor":7,"turns":8},{"damage":24,"enemies":"Lagavulin","floor":10,"turns":8},{"damage":10,"enemies":"The Mushroom Lair","floor":11,"turns":4},{"damage":15,"enemies":"Gremlin Nob","floor":12,"turns":5},{"damage":21,"enemies":"Exordium Wildlife","floor":14,"turns":1}],"seed_played":"-1323320345931582908","potions_obtained":[{"floor":5,"key":"Fire Potion"},{"floor":7,"key":"Explosive Potion"}],"is_trial":false,"path_per_floor":["M","M","M","$","M","R","E","R","T","E","?","E","T","M"],"character_chosen":"IRONCLAD","items_purchased":["PowerPotion"],"campfire_rested":0,"item_purchase_floors":[4],"current_hp_per_floor":[73,71,71,71,71,71,52,52,52,34,30,21,21,0],"gold":255,"neow_bonus":"TEN_PERCENT_HP_BONUS","is_prod":false,"is_daily":false,"chose_seed":false,"campfire_upgraded":2,"win_rate":0,"timestamp":1549077589,"path_taken":["M","M","M","$","M","R","E","R","T","E","?","E","?","?"],"build_version":"2019-01-23","purchased_purges":1,"victory":false,"max_hp_per_floor":[82,82,82,82,82,82,82,82,82,82,82,82,82,82],"card_choices":[{"not_picked":["Warcry","Combust"],"picked":"Clothesline","floor":1},{"not_picked":["Iron Wave","Rampage"],"picked":"Juggernaut","floor":2},{"not_picked":["Wild Strike","Flex"],"picked":"Iron Wave","floor":3},{"not_picked":["Heavy Blade","Rampage"],"picked":"Pommel Strike","floor":5},{"not_picked":["Infernal Blade","Entrench"],"picked":"Flame Barrier","floor":7},{"not_picked":["Clothesline","Perfected Strike"],"picked":"Sentinel","floor":10},{"not_picked":["Twin Strike","Heavy Blade"],"picked":"Sever Soul","floor":11},{"not_picked":["Wild Strike","Warcry","Clash"],"picked":"SKIP","floor":12}],"player_experience":639621,"relics_obtained":[{"floor":7,"key":"Centennial Puzzle"},{"floor":9,"key":"War Paint"},{"floor":10,"key":"Happy Flower"},{"floor":11,"key":"Odd Mushroom"},{"floor":12,"key":"Ornamental Fan"},{"floor":13,"key":"Sundial"}],"event_choices":[{"damage_healed":0,"gold_gain":0,"player_choice":"Fought Mushrooms","damage_taken":0,"max_hp_gain":0,"max_hp_loss":0,"event_name":"Mushrooms","floor":11,"gold_loss":0}],"is_beta":false,"boss_relics":[],"items_purged_floors":[4],"is_endless":false,"potions_floor_spawned":[5,7],"killed_by":"Exordium Wildlife","ascension_level":20}