{"gold_per_floor":[119,67,80,100,50,76,76,151,178,197,213,213,246,257,257,359,359,377,388,407,142,142,142,176,193,193,224,240,92,92,119,119,224,224,240,83,83,102,102,102,324,324,351,351,361,373,408,419,419,419],"floor_reached":51,"playtime":3548,"items_purged":["Normality"],"score":886,"play_id":"b764087f-cc5b-42ee-98cf-dec37e41beb4","local_time":"20190306005842","is_ascension_mode":true,"campfire_choices":[{"data":"Zap","floor":7,"key":"SMITH"},{"data":"Redo","floor":12,"key":"SMITH"},{"data":"Beam Cell","floor":15,"key":"SMITH"},{"data":"J.A.X.","floor":23,"key":"SMITH"},{"floor":32,"key":"REST"},{"floor":40,"key":"REST"},{"data":"Madness","floor":42,"key":"SMITH"},{"floor":44,"key":"REST"},{"data":"Madness","floor":49,"key":"SMITH"}],"neow_cost":"NONE","seed_source_timestamp":211085586150900,"circlet_count":0,"master_deck":["Strike_B","Strike_B","Strike_B","Strike_B","Defend_B+1","Defend_B","Defend_B","Defend_B","Zap+1","Dualcast+1","Self Repair","BootSequence","Compile Driver","Cold Snap","Beam Cell+1","Redo+1","Sweeping Beam+1","Ball Lightning","Seek","Conserve Battery","Rip and Tear+1","Glacier","Defragment","J.A.X.+1","Blizzard","Ball Lightning+1","Auto Shields","Static Discharge","Echo Form","Cold Snap","Machine Learning","Stack+1","Madness+1","Madness+1","Glacier+1","Conserve Battery+1","Streamline+1","Cold Snap","Scrape","Skim+1"],"relics":["Cracked Core","War Paint","Omamori","Pocketwatch","Anchor","DataDisk","Calling Bell","Emotion Chip","Ornamental Fan","Bag of Preparation","Happy Flower","Bottled Flame","Juzu Bracelet","Dream Catcher","Oddly Smooth Stone","Red Mask","Sozu","Whetstone","Bag of Marbles","Pantograph"],"potions_floor_usage":[6,13,16,20,25,38,50,50],"damage_taken":[{"damage":0,"enemies":"2 Louse","floor":1,"turns":2},{"damage":1,"enemies":"Cultist","floor":3,"turns":3},{"damage":0,"enemies":"Small Slimes","floor":4,"turns":4},{"damage":13,"enemies":"Lagavulin","floor":6,"turns":7},{"damage":0,"enemies":"Red Slaver","floor":10,"turns":3},{"damage":0,"enemies":"3 Louse","floor":11,"turns":2},{"damage":0,"enemies":"3 Sentries","floor":13,"turns":6},{"damage":0,"enemies":"2 Fungi Beasts","floor":14,"turns":2},{"damage":41,"enemies":"Hexaghost","floor":16,"turns":8},{"damage":12,"enemies":"Shell Parasite","floor":18,"turns":4},{"damage":1,"enemies":"Spheric Guardian","floor":19,"turns":3},{"damage":10,"enemies":"Snecko","floor":20,"turns":3},{"damage":8,"enemies":"Book of Stabbing","floor":24,"turns":4},{"damage":18,"enemies":"Sentry and Sphere","floor":25,"turns":4},{"damage":3,"enemies":"Gremlin Leader","floor":27,"turns":7},{"damage":11,"enemies":"Snake Plant","floor":28,"turns":5},{"damage":8,"enemies":"Masked Bandits","floor":31,"turns":3},{"damage":35,"enemies":"Automaton","floor":33,"turns":8},{"damage":0,"enemies":"3 Shapes","floor":35,"turns":3},{"damage":36,"enemies":"3 Darklings","floor":38,"turns":4},{"damage":16,"enemies":"Transient","floor":45,"turns":5},{"damage":4,"enemies":"Sphere and 2 Shapes","floor":46,"turns":6},{"damage":16,"enemies":"Nemesis","floor":47,"turns":9},{"damage":0,"enemies":"3 Darklings","floor":48,"turns":6},{"damage":33,"enemies":"Awakened One","floor":50,"turns":16}],"seed_played":"-1668387720825809599","potions_obtained":[{"floor":3,"key":"Swift Potion"},{"floor":6,"key":"Block Potion"},{"floor":13,"key":"Strength Potion"},{"floor":14,"key":"Ancient Potion"},{"floor":18,"key":"Block Potion"},{"floor":20,"key":"EssenceOfSteel"},{"floor":27,"key":"SteroidPotion"},{"floor":33,"key":"SkillPotion"}],"is_trial":false,"path_per_floor":["M","?","M","M","$","E","R","?","T","M","M","R","E","M","R","B",null,"M","M","M","$","?","R","E","M","T","E","M","$","?","?","R","B",null,"M","$","?","M","?","R","?","R","T","R","M","M","E","M","R","B",null],"character_chosen":"DEFECT","items_purchased":["Block Potion","Defragment","Happy Flower","Oddly Smooth Stone","Whetstone"],"campfire_rested":3,"item_purchase_floors":[5,21,21,29,36],"current_hp_per_floor":[75,75,75,75,75,69,69,62,62,69,69,69,75,75,75,41,75,70,75,72,72,72,72,71,53,53,57,53,53,53,52,74,46,75,75,75,66,37,37,59,59,59,59,75,66,69,67,74,74,49],"gold":419,"neow_bonus":"RANDOM_COMMON_RELIC","is_prod":false,"is_daily":false,"chose_seed":false,"campfire_upgraded":6,"win_rate":0,"timestamp":1551830322,"path_taken":["M","?","M","?","?","E","R","?","T","M","M","R","E","M","R","BOSS","M","M","M","$","?","R","E","M","T","E","M","$","?","?","R","BOSS","M","$","?","M","?","R","?","R","T","R","M","M","E","M","R","BOSS"],"build_version":"2019-01-23","purchased_purges":1,"victory":true,"max_hp_per_floor":[75,75,75,75,75,75,75,75,75,75,75,75,75,75,75,75,75,75,75,75,75,75,75,75,75,75,75,75,75,75,75,75,75,75,75,75,75,75,75,75,75,75,75,75,75,75,75,75,75,75],"card_choices":[{"not_picked":["Coolheaded","Skim"],"picked":"Self Repair","floor":1},{"not_picked":["Hologram","Compile Driver"],"picked":"BootSequence","floor":3},{"not_picked":["Rebound","Steam Power"],"picked":"Compile Driver","floor":4},{"not_picked":["Creative AI","Rebound"],"picked":"Cold Snap","floor":6},{"not_picked":["Chaos","Stack"],"picked":"Beam Cell","floor":10},{"not_picked":["Hello World","Creative AI"],"picked":"Redo","floor":11},{"not_picked":["Stack","Compile Driver"],"picked":"Sweeping Beam","floor":13},{"not_picked":["Barrage","Go for the Eyes"],"picked":"Ball Lightning","floor":14},{"not_picked":["Buffer","Biased Cognition"],"picked":"Seek","floor":16},{"not_picked":["Go for the Eyes","Recycle"],"picked":"Conserve Battery","floor":18},{"not_picked":["Beam Cell","Cold Snap"],"picked":"Rip and Tear+1","floor":19},{"not_picked":["Rebound","White Noise"],"picked":"Glacier","floor":20},{"not_picked":["Compile Driver","Scrape+1"],"picked":"Blizzard","floor":24},{"not_picked":["BootSequence+1","Rip and Tear"],"picked":"Ball Lightning","floor":25},{"not_picked":["Recycle","Sunder"],"picked":"Auto Shields","floor":27},{"not_picked":["Rebound","Barrage"],"picked":"Static Discharge","floor":28},{"not_picked":["Go for the Eyes","Beam Cell"],"picked":"Echo Form","floor":31},{"not_picked":["Compile Driver+1","Coolheaded"],"picked":"Cold Snap","floor":32},{"not_picked":["Multi-Cast","Biased Cognition"],"picked":"Machine Learning","floor":33},{"not_picked":["Barrage+1","Gash"],"picked":"Stack+1","floor":35},{"not_picked":["Storm","Aggregate+1"],"picked":"Glacier+1","floor":38},{"not_picked":["Cold Snap","Rip and Tear+1"],"picked":"Conserve Battery+1","floor":40},{"not_picked":["Lockon","Skim"],"picked":"Streamline+1","floor":44},{"not_picked":["Defragment","Compile Driver"],"picked":"Cold Snap","floor":45},{"not_picked":["Compile Driver","Conserve Battery"],"picked":"Scrape","floor":46},{"not_picked":["Sweeping Beam+1","Hello World+1","Cold Snap"],"picked":"SKIP","floor":47},{"not_picked":["Sweeping Beam","Hologram"],"picked":"Skim+1","floor":48}],"player_experience":539554,"relics_obtained":[{"floor":6,"key":"Pocketwatch"},{"floor":9,"key":"Anchor"},{"floor":13,"key":"DataDisk"},{"floor":17,"key":"Emotion Chip"},{"floor":17,"key":"Ornamental Fan"},{"floor":17,"key":"Bag of Preparation"},{"floor":24,"key":"Bottled Flame"},{"floor":26,"key":"Juzu Bracelet"},{"floor":27,"key":"Dream Catcher"},{"floor":31,"key":"Red Mask"},{"floor":43,"key":"Bag of Marbles"},{"floor":47,"key":"Pantograph"}],"event_choices":[{"damage_healed":0,"gold_gain":0,"player_choice":"Paid Gold","damage_taken":0,"relics_obtained":["Omamori"],"max_hp_gain":0,"max_hp_loss":0,"event_name":"WeMeetAgain","floor":2,"gold_loss":52},{"damage_healed":0,"gold_gain":75,"player_choice":"Touch","damage_taken":7,"max_hp_gain":0,"max_hp_loss":0,"event_name":"FaceTrader","floor":8,"gold_loss":0},{"damage_healed":0,"gold_gain":0,"player_choice":"Obtain J.A.X.","damage_taken":0,"max_hp_gain":0,"max_hp_loss":0,"event_name":"Drug Dealer","floor":22,"gold_loss":0,"cards_obtained":["J.A.X."]},{"damage_healed":0,"gold_gain":0,"player_choice":"Ignored","damage_taken":0,"max_hp_gain":0,"max_hp_loss":0,"event_name":"Ghosts","floor":30,"gold_loss":0},{"damage_healed":0,"gold_gain":0,"player_choice":"Fought Bandits","damage_taken":0,"max_hp_gain":0,"max_hp_loss":0,"event_name":"Masked Bandits","floor":31,"gold_loss":0},{"damage_healed":0,"gold_gain":0,"player_choice":"Embrace Madness","damage_taken":9,"max_hp_gain":0,"max_hp_loss":0,"event_name":"Winding Halls","floor":37,"gold_loss":0,"cards_obtained":["Madness","Madness"]},{"damage_healed":0,"gold_gain":0,"player_choice":"Ignored","damage_taken":0,"max_hp_gain":0,"max_hp_loss":0,"event_name":"Mysterious Sphere","floor":39,"gold_loss":0},{"damage_healed":0,"gold_gain":222,"player_choice":"Wore Mask","damage_taken":0,"max_hp_gain":0,"max_hp_loss":0,"event_name":"Tomb of Lord Red Mask","floor":41,"gold_loss":0}],"is_beta":false,"boss_relics":[{"not_picked":["White Beast Statue","Lizard Tail"],"picked":"Calling Bell"},{"not_picked":["Snecko Eye","FrozenCore"],"picked":"Sozu"}],"items_purged_floors":[21],"is_endless":false,"potions_floor_spawned":[3,6,13,14,18,20,27,28,33,38,48],"ascension_level":3}