{"gold_per_floor":[116,41,41,52,68,95,95,123,123,123,123,149,163,178,178,178],"floor_reached":16,"playtime":436,"items_purged":["Decay"],"score":240,"play_id":"5624400e-a43b-44ce-a877-506f4736108e","local_time":"20190201152740","is_ascension_mode":true,"campfire_choices":[{"data":"Carnage","floor":7,"key":"SMITH"},{"data":"Immolate","floor":11,"key":"SMITH"},{"data":"Uppercut","floor":15,"key":"SMITH"}],"neow_cost":"CURSE","seed_source_timestamp":1263957518489070,"circlet_count":0,"master_deck":["AscendersBane","Strike_R","Strike_R","Strike_R","Strike_R","Defend_R","Defend_R","Defend_R","Defend_R","Bash","Immolate+1","Uppercut+1","Carnage+1","Havoc","Metallicize","Havoc","Uppercut+1","Combust","Warcry"],"relics":["Burning Blood","The Courier","Paper Frog","Blue Candle","Smiling Mask"],"potions_floor_usage":[12,16,16],"damage_taken":[{"damage":4,"enemies":"Jaw Worm","floor":1,"turns":4},{"damage":0,"enemies":"Cultist","floor":4,"turns":3},{"damage":0,"enemies":"2 Louse","floor":5,"turns":1},{"damage":20,"enemies":"3 Sentries","floor":6,"turns":4},{"damage":26,"enemies":"Gremlin Nob","floor":8,"turns":4},{"damage":17,"enemies":"Lagavulin","floor":12,"turns":4},{"damage":16,"enemies":"Lots of Slimes","floor":13,"turns":3},{"damage":0,"enemies":"Gremlin Gang","floor":14,"turns":1},{"damage":27,"enemies":"Hexaghost","floor":16,"turns":7}],"seed_played":"-2923291755544670113","potions_obtained":[{"floor":6,"key":"LiquidBronze"},{"floor":8,"key":"Energy Potion"},{"floor":14,"key":"Swift Potion"}],"is_trial":false,"path_per_floor":["M","$","?","M","M","E","R","E","T","?","R","E","M","M","R","B"],"character_chosen":"IRONCLAD","items_purchased":[],"campfire_rested":0,"item_purchase_floors":[],"current_hp_per_floor":[70,70,70,75,75,61,61,41,41,41,41,30,20,26,26,0],"gold":178,"neow_bonus":"THREE_RARE_CARDS","is_prod":false,"is_daily":false,"chose_seed":false,"campfire_upgraded":3,"win_rate":0,"timestamp":1549052860,"path_taken":["M","$","?","?","M","E","R","E","T","?","R","E","M","?","R","BOSS"],"build_version":"2019-01-23","purchased_purges":1,"victory":false,"max_hp_per_floor":[75,75,75,75,75,75,75,75,75,75,75,75,75,75,75,75],"card_choices":[{"not_picked":["Bludgeon","Impervious"],"picked":"Immolate","floor":0},{"not_picked":["Dropkick","Cleave"],"picked":"Uppercut","floor":1},{"not_picked":["Thunderclap","Pummel"],"picked":"Carnage","floor":4},{"not_picked":["Body Slam","Metallicize"],"picked":"Havoc","floor":5},{"not_picked":["Pommel Strike","Wild Strike"],"picked":"Metallicize","floor":6},{"not_picked":["Shrug It Off","Dropkick"],"picked":"Havoc","floor":8},{"not_picked":["Warcry","Clash"],"picked":"Uppercut","floor":12},{"not_picked":["Clash","Thunderclap"],"picked":"Combust","floor":13},{"not_picked":["Thunderclap","Perfected Strike"],"picked":"Warcry","floor":14}],"player_experience":626278,"relics_obtained":[{"floor":6,"key":"The Courier"},{"floor":8,"key":"Paper Frog"},{"floor":9,"key":"Blue Candle"},{"floor":12,"key":"Smiling Mask"}],"event_choices":[{"damage_healed":0,"gold_gain":0,"player_choice":"Forge","damage_taken":0,"max_hp_gain":0,"max_hp_loss":0,"event_name":"Accursed Blacksmith","floor":3,"gold_loss":0,"cards_upgraded":["Uppercut"]},{"cards_removed":["Strike_R"],"damage_healed":0,"gold_gain":0,"player_choice":"Purged","damage_taken":0,"max_hp_gain":0,"max_hp_loss":0,"event_name":"Purifier","floor":10,"gold_loss":0}],"is_beta":false,"boss_relics":[],"items_purged_floors":[2],"is_endless":false,"potions_floor_spawned":[6,8,14],"killed_by":"Hexaghost","ascension_level":20}