{"gold_per_floor":[118,132,132,151,164,164,89,104,104,104,119,136,147,147,147,244,244,255,255,273,291,191,191,191,191,191,203,78,78,92,118,118,219,219,232,5,5,24,44,70,70,20,20,20,38,53,63,63,63,63],"floor_reached":51,"playtime":3468,"items_purged":["Pain","Doubt","Decay","Decay","Writhe"],"score":985,"play_id":"6e4f555c-fe29-4d49-837b-b6b553485319","local_time":"20190215220733","is_ascension_mode":true,"campfire_choices":[{"floor":6.0,"key":"REST"},{"data":"Dash","floor":10.0,"key":"SMITH"},{"data":"Neutralize","floor":15.0,"key":"SMITH"},{"floor":23.0,"key":"REST"},{"data":"Backstab","floor":25.0,"key":"SMITH"},{"data":"Adrenaline","floor":29.0,"key":"SMITH"},{"floor":32.0,"key":"REST"},{"floor":41.0,"key":"REST"},{"floor":49.0,"key":"REST"}],"neow_cost":"NONE","seed_source_timestamp":0,"circlet_count":0,"master_deck":["AscendersBane","Defend_G","Defend_G","Defend_G","Defend_G","Defend_G","Strike_G","Strike_G","Strike_G","Survivor","Neutralize+1","Cloak And Dagger","Cloak And Dagger","Dash+1","Backflip","Noxious Fumes+1","Well Laid Plans+1","Backstab+1","Adrenaline+1","Dagger Spray","Terror","Malaise","Predator"],"special_seed":0,"relics":["Calling Bell","Pen Nib","Frozen Egg 2","Tough Bandages","WarpedTongs","Bottled Flame","Velvet Choker","Mummified Hand","Kunai","Pear","Regal Pillow","Busted Crown","Smiling Mask","StoneCalendar","CultistMask"],"potions_floor_usage":[50,50],"damage_taken":[{"damage":22.0,"enemies":"Cultist","floor":1.0,"turns":7.0},{"damage":3.0,"enemies":"Jaw Worm","floor":2.0,"turns":3.0},{"damage":8.0,"enemies":"Small Slimes","floor":4.0,"turns":5.0},{"damage":3.0,"enemies":"Red Slaver","floor":5.0,"turns":5.0},{"damage":4.0,"enemies":"2 Fungi Beasts","floor":8.0,"turns":5.0},{"damage":6.0,"enemies":"Exordium Wildlife","floor":11.0,"turns":5.0},{"damage":0.0,"enemies":"Blue Slaver","floor":12.0,"turns":3.0},{"damage":0.0,"enemies":"3 Louse","floor":13.0,"turns":4.0},{"damage":19.0,"enemies":"Hexaghost","floor":16.0,"turns":12.0},{"damage":30.0,"enemies":"Chosen","floor":18.0,"turns":7.0},{"damage":0.0,"enemies":"3 Byrds","floor":20.0,"turns":5.0},{"damage":0.0,"enemies":"Centurion and Healer","floor":21.0,"turns":7.0},{"damage":14.0,"enemies":"Snecko","floor":27.0,"turns":8.0},{"damage":13.0,"enemies":"Snake Plant","floor":30.0,"turns":6.0},{"damage":41.0,"enemies":"Collector","floor":33.0,"turns":10.0},{"damage":19.0,"enemies":"Orb Walker","floor":35.0,"turns":5.0},{"damage":22.0,"enemies":"3 Shapes","floor":38.0,"turns":5.0},{"damage":26.0,"enemies":"Sphere and 2 Shapes","floor":39.0,"turns":8.0},{"damage":2.0,"enemies":"Giant Head","floor":40.0,"turns":12.0},{"damage":23.0,"enemies":"Jaw Worm Horde","floor":45.0,"turns":6.0},{"damage":0.0,"enemies":"Maw","floor":46.0,"turns":7.0},{"damage":6.0,"enemies":"Transient","floor":47.0,"turns":5.0},{"damage":34,"enemies":"Time Eater","floor":50,"turns":13}],"seed_played":"95257244723266027","potions_obtained":[{"floor":1.0,"key":"Fire Potion"},{"floor":8.0,"key":"SkillPotion"},{"floor":11.0,"key":"LiquidBronze"},{"floor":16.0,"key":"Strength Potion"},{"floor":18.0,"key":"Fruit Juice"},{"floor":20.0,"key":"Swift Potion"},{"floor":27.0,"key":"LiquidBronze"},{"floor":38.0,"key":"AttackPotion"},{"floor":39.0,"key":"Swift Potion"},{"floor":40.0,"key":"FearPotion"},{"floor":47.0,"key":"Strength Potion"}],"is_trial":false,"path_per_floor":["M","M","?","M","M","R","$","M","T","R","M","M","M","?","R","B",null,"M","T","M","M","$","R","?","R","T","M","$","R","M","T","R","B",null,"M","$","?","M","M","E","R","$","T","?","M","M","M","?","R","B",null],"character_chosen":"THE_SILENT","items_purchased":["Predator"],"campfire_rested":5,"item_purchase_floors":[36],"current_hp_per_floor":[41,38,38,30,27,48,48,44,44,44,38,38,38,38,38,19,57,27,27,32,32,32,54,54,54,64,50,50,50,37,37,77,36,73,54,54,54,32,6,4,44,44,44,44,21,21,15,15,55,21],"gold":63,"neow_bonus":"BOSS_RELIC","is_prod":false,"is_daily":false,"chose_seed":false,"campfire_upgraded":4,"win_rate":0,"timestamp":1550297253,"path_taken":["M","?","?","?","M","R","$","M","T","R","M","M","M","?","R","BOSS","M","?","M","M","$","R","?","R","T","M","?","R","M","?","R","BOSS","M","$","?","M","M","E","R","$","T","?","M","M","?","?","R","BOSS"],"build_version":"2019-01-23","purchased_purges":5,"victory":true,"max_hp_per_floor":[70,70,70,70,70,70,70,70,70,70,70,70,70,70,70,70,70,70,70,75,75,75,75,75,75,85,85,85,85,85,85,85,85,85,85,85,85,85,85,85,85,85,85,85,85,85,85,85,85,85],"card_choices":[{"not_picked":["Dodge and Roll","Sucker Punch"],"picked":"Cloak And Dagger","floor":1.0},{"not_picked":["Underhanded Strike","Dodge and Roll","Setup"],"picked":"SKIP","floor":2.0},{"not_picked":["Eviscerate","Underhanded Strike"],"picked":"Cloak And Dagger","floor":4.0},{"not_picked":["Expertise","Outmaneuver"],"picked":"Dash","floor":5.0},{"not_picked":["Unload","Underhanded Strike"],"picked":"Backflip","floor":8.0},{"not_picked":["Calculated Gamble","Blade Dance"],"picked":"Noxious Fumes+1","floor":11.0},{"not_picked":["Slice","Bane"],"picked":"Well Laid Plans+1","floor":12.0},{"not_picked":["Predator","Escape Plan","Underhanded Strike"],"picked":"SKIP","floor":13.0},{"not_picked":["Bullet Time","Storm of Steel"],"picked":"Adrenaline","floor":16.0},{"not_picked":["Sucker Punch","Acrobatics"],"picked":"Dagger Spray","floor":18.0},{"not_picked":["Dagger Throw","Expertise","Masterful Stab+1"],"picked":"SKIP","floor":20.0},{"not_picked":["Cloak And Dagger+1","Dagger Spray","Predator"],"picked":"SKIP","floor":21.0},{"not_picked":["Setup+1","Underhanded Strike+1","Slice"],"picked":"SKIP","floor":27.0},{"not_picked":["Quick Slash","Slice"],"picked":"Terror","floor":30.0},{"not_picked":["Bullet Time","Corpse Explosion"],"picked":"Malaise","floor":33.0},{"not_picked":["Skewer+1"],"picked":"SKIP","floor":35.0},{"not_picked":["Heel Hook+1"],"picked":"SKIP","floor":38.0},{"not_picked":["Distraction+1"],"picked":"SKIP","floor":39.0},{"not_picked":["Terror+1"],"picked":"SKIP","floor":40.0},{"not_picked":["Masterful Stab+1"],"picked":"SKIP","floor":45.0},{"not_picked":["Underhanded Strike+1"],"picked":"SKIP","floor":46.0},{"not_picked":["Outmaneuver"],"picked":"SKIP","floor":47.0}],"player_experience":383626,"relics_obtained":[{"floor":0.0,"key":"Pen Nib"},{"floor":0.0,"key":"Frozen Egg 2"},{"floor":0.0,"key":"Tough Bandages"},{"floor":9.0,"key":"Bottled Flame"},{"floor":19.0,"key":"Mummified Hand"},{"floor":26.0,"key":"Pear"},{"floor":31.0,"key":"Regal Pillow"},{"floor":40.0,"key":"Smiling Mask"},{"floor":43.0,"key":"StoneCalendar"}],"event_choices":[{"damage_healed":0.0,"max_hp_gain":0.0,"max_hp_loss":0.0,"gold_gain":0.0,"event_name":"Accursed Blacksmith","player_choice":"Rummage","floor":3.0,"gold_loss":0.0,"damage_taken":0.0,"relics_obtained":["WarpedTongs"],"cards_obtained":["Pain"]},{"damage_healed":0.0,"max_hp_gain":0.0,"max_hp_loss":0.0,"gold_gain":0.0,"cards_transformed":["Strike_G"],"event_name":"Transmorgrifier","player_choice":"Transformed","floor":14.0,"gold_loss":0.0,"damage_taken":0.0,"cards_obtained":["Backstab"]},{"damage_healed":0.0,"max_hp_gain":0.0,"max_hp_loss":0.0,"gold_gain":0.0,"event_name":"The Mausoleum","player_choice":"Opened","floor":24.0,"gold_loss":0.0,"damage_taken":0.0,"relics_obtained":["Kunai"],"cards_obtained":["Writhe"]},{"cards_removed":["Strike_G"],"damage_healed":0.0,"max_hp_gain":0.0,"max_hp_loss":0.0,"gold_gain":0.0,"event_name":"Falling","player_choice":"Removed Attack","floor":37.0,"gold_loss":0.0,"damage_taken":0.0},{"damage_healed":0.0,"max_hp_gain":0.0,"max_hp_loss":0.0,"gold_gain":0.0,"event_name":"FaceTrader","player_choice":"Trade","floor":44.0,"gold_loss":0.0,"damage_taken":0.0,"relics_obtained":["CultistMask"]},{"damage_healed":0.0,"max_hp_gain":0.0,"max_hp_loss":0.0,"gold_gain":0.0,"event_name":"Mysterious Sphere","player_choice":"Ignored","floor":48.0,"gold_loss":0.0,"damage_taken":0.0}],"is_beta":false,"boss_relics":[{"not_picked":["White Beast Statue","Fusion Hammer"],"picked":"Velvet Choker"},{"not_picked":["Coffee Dripper","Cursed Key"],"picked":"Busted Crown"}],"items_purged_floors":[7,22,28,36,42],"is_endless":false,"potions_floor_spawned":[1,8,11,16,18,20,27,38,39,40,47],"ascension_level":10}