{"gold_per_floor":[118,118,118,133,133,167,167,183,238,5,46,46,65,80,80,170,170,183,183,195,195,47,47,47,47,123,134,149,184,184,99,99,99],"floor_reached":33,"playtime":2853,"items_purged":["Injury"],"score":517,"play_id":"f666b82d-9b07-4579-bce9-09f0957f9f01","local_time":"20190223094141","is_ascension_mode":true,"campfire_choices":[{"data":"Dualcast","floor":7.0,"key":"SMITH"},{"data":"Conserve Battery","floor":12.0,"key":"SMITH"},{"data":"Consume","floor":15.0,"key":"SMITH"},{"data":"Seek","floor":23.0,"key":"SMITH"},{"data":"Glacier","floor":25.0,"key":"SMITH"},{"data":"Loop","floor":32,"key":"SMITH"}],"neow_cost":"NONE","seed_source_timestamp":56214532411761,"circlet_count":0,"master_deck":["AscendersBane","Strike_B+1","Strike_B","Defend_B","Defend_B+1","Defend_B","Defend_B","Zap+1","Dualcast+1","Chill","Consume+1","Loop+1","Conserve Battery+1","Seek+1","Coolheaded","Cold Snap","Go for the Eyes","Glacier+1","Go for the Eyes"],"special_seed":0,"relics":["Cracked Core","NeowsBlessing","Bloody Idol","Pen Nib","Anchor","Mango","Velvet Choker","Omamori","Singing Bowl","Blood Vial","Meat on the Bone","Dream Catcher"],"potions_floor_usage":[29,29,33],"damage_taken":[{"damage":0.0,"enemies":"Jaw Worm","floor":1.0,"turns":1.0},{"damage":0.0,"enemies":"Small Slimes","floor":4.0,"turns":1.0},{"damage":0.0,"enemies":"Lagavulin","floor":6.0,"turns":1.0},{"damage":0.0,"enemies":"2 Louse","floor":8.0,"turns":2.0},{"damage":26.0,"enemies":"Gremlin Nob","floor":11.0,"turns":4.0},{"damage":0.0,"enemies":"Blue Slaver","floor":13.0,"turns":3.0},{"damage":0.0,"enemies":"2 Fungi Beasts","floor":14.0,"turns":4.0},{"damage":13.0,"enemies":"The Guardian","floor":16.0,"turns":11.0},{"damage":11.0,"enemies":"Spheric Guardian","floor":18.0,"turns":3.0},{"damage":0.0,"enemies":"Chosen","floor":20.0,"turns":6.0},{"damage":9.0,"enemies":"3 Cultists","floor":27.0,"turns":10.0},{"damage":9,"enemies":"Cultist and Chosen","floor":28,"turns":13},{"damage":8,"enemies":"Slavers","floor":29,"turns":8},{"damage":84,"enemies":"Automaton","floor":33,"turns":30}],"seed_played":"-5321695354381744888","potions_obtained":[{"floor":6.0,"key":"Poison Potion"},{"floor":11.0,"key":"FocusPotion"},{"floor":18.0,"key":"Strength Potion"},{"floor":29,"key":"FocusPotion"}],"is_trial":false,"path_per_floor":["M","?","?","M","?","E","R","M","T","$","E","R","M","M","R","B",null,"M","?","M","?","$","R","?","R","T","M","M","E","T","?","R","B"],"character_chosen":"DEFECT","items_purchased":["Consume","Loop","Omamori"],"campfire_rested":0,"item_purchase_floors":[10,10,22],"current_hp_per_floor":[68,53,53,53,53,53,53,53,53,53,41,41,41,41,41,28,74,63,63,68,68,68,68,68,68,73,71,69,68,68,68,68,0],"gold":99,"neow_bonus":"THREE_ENEMY_KILL","is_prod":false,"is_daily":false,"chose_seed":false,"campfire_upgraded":6,"win_rate":0,"timestamp":1550943701,"path_taken":["M","?","?","M","?","E","R","M","T","?","E","R","M","M","R","BOSS","M","?","M","?","$","R","?","R","T","M","?","E","?","?","R","BOSS"],"build_version":"2019-01-23","purchased_purges":1,"victory":false,"max_hp_per_floor":[75,75,75,75,75,75,75,75,75,75,89,89,89,89,89,89,89,89,89,89,89,89,89,89,89,89,91,93,95,95,95,95,95],"card_choices":[{"not_picked":["Leap","Compile Driver"],"picked":"Chill","floor":1.0},{"not_picked":["Streamline","Hologram","Hello World"],"picked":"SKIP","floor":4.0},{"not_picked":["Turbo","Melter","Meteor Strike"],"picked":"SKIP","floor":6.0},{"not_picked":["Auto Shields","Gash","Darkness"],"picked":"SKIP","floor":8.0},{"not_picked":["Sweeping Beam","Tempest"],"picked":"Conserve Battery","floor":11.0},{"not_picked":["Compile Driver","Redo","Streamline"],"picked":"SKIP","floor":13.0},{"not_picked":["Turbo","Steam","Redo"],"picked":"SKIP","floor":14.0},{"not_picked":["Meteor Strike","Core Surge"],"picked":"Seek","floor":16.0},{"not_picked":["Ball Lightning","Stack"],"picked":"Coolheaded","floor":18.0},{"not_picked":["Barrage","Redo"],"picked":"Cold Snap","floor":20.0},{"not_picked":["Streamline+1","Reprogram","Cold Snap"],"picked":"Singing Bowl","floor":27.0},{"not_picked":["Redo","Beam Cell+1","Conserve Battery"],"picked":"Singing Bowl","floor":28},{"not_picked":["Hologram","Streamline","Gash"],"picked":"Singing Bowl","floor":29}],"player_experience":478206,"relics_obtained":[{"floor":6.0,"key":"Pen Nib"},{"floor":9.0,"key":"Anchor"},{"floor":11.0,"key":"Mango"},{"floor":26.0,"key":"Singing Bowl"},{"floor":29,"key":"Blood Vial"},{"floor":30,"key":"Meat on the Bone"}],"event_choices":[{"damage_healed":0.0,"max_hp_gain":0.0,"max_hp_loss":0.0,"gold_gain":0.0,"event_name":"Shining Light","player_choice":"Entered Light","floor":2.0,"gold_loss":0.0,"damage_taken":15.0,"cards_upgraded":["Defend_B","Strike_B"]},{"damage_healed":0.0,"max_hp_gain":0.0,"max_hp_loss":0.0,"gold_gain":0.0,"event_name":"Golden Idol","player_choice":"Take Wound","floor":3.0,"gold_loss":0.0,"damage_taken":0.0,"relics_obtained":["Golden Idol"],"cards_obtained":["Injury"]},{"damage_healed":0.0,"max_hp_gain":0.0,"max_hp_loss":0.0,"gold_gain":0.0,"event_name":"Living Wall","player_choice":"Grow","floor":5.0,"gold_loss":0.0,"damage_taken":0.0,"cards_upgraded":["Zap"]},{"damage_healed":0.0,"max_hp_gain":0.0,"max_hp_loss":0.0,"gold_gain":0.0,"event_name":"Forgotten Altar","player_choice":"Gave Idol","floor":19.0,"relics_lost":["Golden Idol"],"gold_loss":0.0,"damage_taken":0.0,"relics_obtained":["Bloody Idol"]},{"damage_healed":0.0,"max_hp_gain":0.0,"max_hp_loss":0.0,"gold_gain":0.0,"event_name":"The Library","player_choice":"Read","floor":21.0,"gold_loss":0.0,"damage_taken":0.0,"cards_obtained":["Go for the Eyes"]},{"damage_healed":0.0,"max_hp_gain":0.0,"max_hp_loss":0.0,"gold_gain":0.0,"cards_transformed":["Strike_B","Strike_B"],"event_name":"Drug Dealer","player_choice":"Became Test Subject","floor":24.0,"gold_loss":0.0,"damage_taken":0.0,"cards_obtained":["Glacier","Go for the Eyes"]},{"damage_healed":0,"gold_gain":0,"player_choice":"Obtained Relic","damage_taken":0,"relics_obtained":["Dream Catcher"],"max_hp_gain":0,"max_hp_loss":0,"event_name":"Addict","floor":31,"gold_loss":85}],"is_beta":false,"boss_relics":[{"not_picked":["Coffee Dripper","Fusion Hammer"],"picked":"Velvet Choker"}],"items_purged_floors":[10],"is_endless":false,"potions_floor_spawned":[6,11,16,18,20,29],"killed_by":"Automaton","ascension_level":13}