{"path_per_floor":["M","$","?","?","M","R","E","R","T","M","R","E","R","T","R","B",null,"M","?","M","$","M"],"character_chosen":"IRONCLAD","items_purchased":["Shrug It Off","Oddly Smooth Stone","Toxic Egg 2","Whirlwind"],"gold_per_floor":[118,64,64,64,80,80,108,108,133,153,153,185,185,256,256,351,351,362,612,628,192,204,204],"floor_reached":23,"campfire_rested":0,"playtime":1227,"current_hp_per_floor":[80,80,80,73,67,67,59,59,59,64,64,70,70,80,80,68,90,77,77,69,69,54,0],"items_purged":[],"gold":204,"score":266,"play_id":"ffdf56d6-a228-4dac-b1b1-e6acbff1653d","local_time":"20180517101049","is_prod":false,"is_daily":false,"chose_seed":false,"is_ascension_mode":true,"campfire_upgraded":5,"timestamp":1526577049,"path_taken":["M","?","?","?","M","R","E","R","T","M","R","E","R","?","R","BOSS","M","?","M","$","M","E"],"build_version":"2018-05-10","seed_source_timestamp":726906608027212,"purchased_purges":0,"victory":false,"master_deck":["Strike_R","Strike_R","Strike_R","Strike_R","Defend_R","Defend_R","Defend_R","Bash+1","Shrug It Off+1","Battle Trance","Shrug It Off+1","Fiend Fire","Cleave+1","Headbutt","Clothesline+1","Offering","True Grit","Regret","Infernal Blade+1","Whirlwind"],"max_hp_per_floor":[80,80,80,80,80,80,80,80,80,80,80,80,80,90,90,90,90,90,90,90,90,90,90],"relics":["Black Blood","Pen Nib","Happy Flower","Bird Faced Urn","Pear","Oddly Smooth Stone","Toxic Egg 2"],"card_choices":[{"not_picked":["Clothesline","Ghostly Armor"],"picked":"Shrug It Off","floor":0},{"not_picked":["Sever Soul","Sentinel"],"picked":"Battle Trance","floor":1},{"not_picked":["Wild Strike","Shrug It Off"],"picked":"Cleave","floor":7},{"not_picked":["Sword Boomerang","Clothesline"],"picked":"Headbutt","floor":10},{"not_picked":["Armaments","Juggernaut"],"picked":"Clothesline","floor":12},{"not_picked":["Bludgeon","Barricade"],"picked":"Offering","floor":16},{"not_picked":["Havoc","Perfected Strike"],"picked":"True Grit","floor":18},{"not_picked":["Dropkick","Metallicize"],"picked":"Infernal Blade","floor":20}],"player_experience":177460,"potions_floor_usage":[18,23,23],"damage_taken":[{"damage":5,"enemies":"Cultist","floor":1,"turns":4},{"damage":12,"enemies":"Small Slimes","floor":5,"turns":3},{"damage":14,"enemies":"3 Sentries","floor":7,"turns":12},{"damage":1,"enemies":"Jaw Worm","floor":10,"turns":2},{"damage":0,"enemies":"Lagavulin","floor":12,"turns":6},{"damage":18,"enemies":"Slime Boss","floor":16,"turns":7},{"damage":23,"enemies":"2 Thieves","floor":18,"turns":2},{"damage":18,"enemies":"Shell Parasite","floor":20,"turns":5},{"damage":25,"enemies":"Centurion and Healer","floor":22,"turns":8},{"damage":58,"enemies":"Slavers","floor":23,"turns":4}],"event_choices":[{"event_name":"Living Wall","player_choice":"Change","floor":3,"damage_taken":0},{"event_name":"Golden Wing","player_choice":"Card Removal","floor":4,"damage_taken":0},{"event_name":"Golden Shrine","player_choice":"Desecrate","floor":19,"damage_taken":0}],"boss_relics":[{"not_picked":["Astrolabe","Tiny House"],"picked":"Black Blood"}],"potions_floor_spawned":[1,10,20],"seed_played":"-4430489128154025457","killed_by":"Slavers","ascension_level":4,"is_trial":false}