{"gold_per_floor":[116,133,149,2,2,30,30,47,74,100,100,8,8,33,33,129,129,140,153,164,88,88,88,13,13,36,46,58,78,78,90,90,90],"floor_reached":33,"playtime":2030,"items_purged":["Strike_G"],"score":336,"play_id":"f0a68371-e138-40cb-ae77-95864ba3a06d","local_time":"20190119010731","is_ascension_mode":true,"campfire_choices":[{"floor":7.0,"key":"REST"},{"data":"Catalyst","floor":13.0,"key":"SMITH"},{"data":"Night Terror","floor":15.0,"key":"SMITH"},{"floor":23.0,"key":"REST"},{"data":"Adrenaline","floor":25.0,"key":"SMITH"},{"data":"Footwork","floor":30.0,"key":"SMITH"},{"floor":32,"key":"REST"}],"neow_cost":"NONE","seed_source_timestamp":35441511881712,"circlet_count":0,"master_deck":["Defend_G+1","Defend_G","Defend_G","Defend_G","Defend_G","Strike_G","Strike_G","Survivor+1","Neutralize","Footwork+1","Deadly Poison","Catalyst+1","Night Terror+1","Backstab","Adrenaline+1","Prepared","Dark Shackles","After Image","Blur","Catalyst+1","Well Laid Plans"],"special_seed":0,"relics":["Ring of the Snake","Art of War","War Paint","Centennial Puzzle","Pen Nib","Anchor"],"potions_floor_usage":[],"damage_taken":[{"damage":4.0,"enemies":"Small Slimes","floor":1.0,"turns":5.0},{"damage":1.0,"enemies":"Jaw Worm","floor":2.0,"turns":7.0},{"damage":1.0,"enemies":"2 Louse","floor":3.0,"turns":4.0},{"damage":29.0,"enemies":"Lagavulin","floor":6.0,"turns":8.0},{"damage":0.0,"enemies":"Exordium Wildlife","floor":8.0,"turns":3.0},{"damage":19.0,"enemies":"3 Sentries","floor":10.0,"turns":13.0},{"damage":13.0,"enemies":"Lagavulin","floor":14.0,"turns":8.0},{"damage":16.0,"enemies":"The Guardian","floor":16.0,"turns":9.0},{"damage":14.0,"enemies":"Spheric Guardian","floor":18.0,"turns":5.0},{"damage":0.0,"enemies":"Shell Parasite","floor":19.0,"turns":6.0},{"damage":12.0,"enemies":"Snake Plant","floor":20.0,"turns":5.0},{"damage":0.0,"enemies":"Chosen and Byrds","floor":27.0,"turns":6.0},{"damage":2.0,"enemies":"Shelled Parasite and Fungi","floor":28.0,"turns":7.0},{"damage":22.0,"enemies":"Cultist and Chosen","floor":29.0,"turns":14.0},{"damage":12,"enemies":"Sentry and Sphere","floor":31,"turns":9},{"damage":86,"enemies":"Automaton","floor":33,"turns":6}],"seed_played":"-8722719872793834794","potions_obtained":[{"floor":1.0,"key":"Dexterity Potion"},{"floor":3.0,"key":"Dexterity Potion"},{"floor":6.0,"key":"Swift Potion"},{"floor":19.0,"key":"Dexterity Potion"},{"floor":27.0,"key":"SkillPotion"}],"is_trial":false,"path_per_floor":["M","M","M","$","?","E","R","M","T","E","?","$","R","E","R","B",null,"M","M","M","$","?","R","?","R","T","M","M","M","R","M","R","B"],"character_chosen":"THE_SILENT","items_purchased":["Night Terror","Dark Shackles","Well Laid Plans"],"campfire_rested":3,"item_purchase_floors":[4,12,21],"current_hp_per_floor":[66,65,64,64,64,35,56,56,56,37,60,60,60,47,47,31,70,56,56,44,44,44,65,65,65,65,65,63,41,41,29,50,0],"gold":90,"neow_bonus":"REMOVE_CARD","is_prod":false,"is_daily":false,"chose_seed":false,"campfire_upgraded":4,"win_rate":0,"timestamp":1547827651,"path_taken":["M","M","M","$","?","E","R","M","T","E","?","?","R","E","R","BOSS","M","M","M","$","?","R","?","R","T","M","M","M","R","M","R","BOSS"],"build_version":"2019-01-17v2","purchased_purges":1,"victory":false,"max_hp_per_floor":[70,70,70,70,70,70,70,70,70,70,70,70,70,70,70,70,70,70,70,70,70,70,70,70,70,70,70,70,70,70,70,70,70],"card_choices":[{"not_picked":["Backflip","Reflex"],"picked":"Footwork","floor":1.0},{"not_picked":["Underhanded Strike","Dagger Throw"],"picked":"Deadly Poison","floor":2.0},{"not_picked":["Leg Sweep","Underhanded Strike"],"picked":"Catalyst","floor":3.0},{"not_picked":["Prepared","Sucker Punch"],"picked":"Backstab","floor":6.0},{"not_picked":["Outmaneuver","Eviscerate"],"picked":"Adrenaline","floor":8.0},{"not_picked":["Outmaneuver","Distraction"],"picked":"Prepared","floor":10.0},{"not_picked":["Outmaneuver","Cloak And Dagger","Flying Knee"],"picked":"SKIP","floor":14.0},{"not_picked":["Envenom","Bullet Time"],"picked":"After Image","floor":16.0},{"not_picked":["Deflect+1","Dagger Spray"],"picked":"Blur","floor":18.0},{"not_picked":["Blade Dance","Heel Hook"],"picked":"Catalyst+1","floor":19.0},{"not_picked":["Flying Knee","Endless Agony","Cloak And Dagger+1"],"picked":"SKIP","floor":20.0},{"not_picked":["Endless Agony","Dash","Poisoned Stab"],"picked":"SKIP","floor":27.0},{"not_picked":["Dash+1","Flying Knee+1","Riddle With Holes"],"picked":"SKIP","floor":28.0},{"not_picked":["Concentrate","Dagger Throw+1","Outmaneuver"],"picked":"SKIP","floor":29.0},{"not_picked":["Dagger Throw","Slice+1","Sucker Punch"],"picked":"SKIP","floor":31}],"player_experience":250244,"relics_obtained":[{"floor":6.0,"key":"Art of War"},{"floor":9.0,"key":"War Paint"},{"floor":10.0,"key":"Centennial Puzzle"},{"floor":14.0,"key":"Pen Nib"},{"floor":26.0,"key":"Anchor"}],"event_choices":[{"damage_healed":0.0,"max_hp_gain":0.0,"max_hp_loss":0.0,"gold_gain":0.0,"event_name":"The Cleric","player_choice":"Leave","floor":5.0,"gold_loss":0.0,"damage_taken":0.0},{"damage_healed":23.0,"max_hp_gain":0.0,"max_hp_loss":0.0,"gold_gain":0.0,"event_name":"Big Fish","player_choice":"Banana","floor":11.0,"gold_loss":0.0,"damage_taken":0.0},{"damage_healed":0.0,"max_hp_gain":0.0,"max_hp_loss":0.0,"gold_gain":0.0,"event_name":"The Mausoleum","player_choice":"Ignored","floor":22.0,"gold_loss":0.0,"damage_taken":0.0},{"cards_removed":["Strike_G"],"damage_healed":0.0,"max_hp_gain":0.0,"max_hp_loss":0.0,"gold_gain":0.0,"event_name":"Beggar","player_choice":"Gave Gold","floor":24.0,"gold_loss":75.0,"damage_taken":0.0}],"is_beta":false,"boss_relics":[{"not_picked":["Cursed Key","WristBlade","Calling Bell"]}],"items_purged_floors":[4],"is_endless":false,"potions_floor_spawned":[1,3,6,10,19,20,27],"killed_by":"Automaton","ascension_level":3}