{"gold_per_floor":[214,289,307,317,74,74,224,224,247,247,172,172,185,201,201,277,277,243,254,454,470,21,21,47,47,72,91,16,31,41,72,72,144,194,208,158,173,192,38,38,51,51,51,51,51,51,66,85,85,85],"floor_reached":51,"playtime":3667,"items_purged":["Defend_G"],"score":1126,"play_id":"e0ae89d4-5c32-4fb7-a41e-6aff1899aff7","local_time":"20190225195528","is_ascension_mode":true,"campfire_choices":[{"data":"Footwork","floor":6.0,"key":"SMITH"},{"data":"Neutralize","floor":8.0,"key":"SMITH"},{"data":"Survivor","floor":10.0,"key":"SMITH"},{"floor":15.0,"key":"REST"},{"floor":23.0,"key":"REST"},{"floor":25.0,"key":"REST"},{"data":"Noxious Fumes","floor":32.0,"key":"SMITH"},{"data":"Noxious Fumes","floor":40.0,"key":"SMITH"},{"floor":42.0,"key":"REST"},{"data":"Cloak And Dagger","floor":45.0,"key":"SMITH"},{"floor":49.0,"key":"REST"}],"neow_cost":"NONE","seed_source_timestamp":0,"circlet_count":0,"master_deck":["AscendersBane","Defend_G","Defend_G+1","Defend_G","Strike_G+1","Strike_G","Strike_G","Survivor+1","Neutralize+1","Footwork+1","Malaise+1","After Image","Adrenaline+1","Storm of Steel+1","After Image+1","Noxious Fumes+1","Flash of Steel","Cloak And Dagger+1","Infinite Blades","A Thousand Cuts","Dash","Blade Dance","Backstab","Noxious Fumes+1","Panache"],"special_seed":0,"relics":["Ring of the Snake","Kunai","Art of War","Paper Crane","Astrolabe","Strawberry","TwistedFunnel","Anchor","Bronze Scales","PreservedInsect","Tiny House","Molten Egg 2","SsserpentHead"],"potions_floor_usage":[50,50],"damage_taken":[{"damage":4.0,"enemies":"Jaw Worm","floor":1.0,"turns":5.0},{"damage":0.0,"enemies":"Small Slimes","floor":3.0,"turns":5.0},{"damage":0.0,"enemies":"2 Louse","floor":4.0,"turns":4.0},{"damage":0.0,"enemies":"Looter","floor":13.0,"turns":5.0},{"damage":0.0,"enemies":"Exordium Wildlife","floor":14.0,"turns":7.0},{"damage":11.0,"enemies":"The Guardian","floor":16.0,"turns":26.0},{"damage":30.0,"enemies":"2 Thieves","floor":18.0,"turns":5.0},{"damage":0.0,"enemies":"Spheric Guardian","floor":19.0,"turns":10.0},{"damage":0.0,"enemies":"Snecko","floor":21.0,"turns":9.0},{"damage":28.0,"enemies":"Gremlin Leader","floor":24.0,"turns":13.0},{"damage":0.0,"enemies":"Centurion and Healer","floor":27.0,"turns":10.0},{"damage":0.0,"enemies":"Snake Plant","floor":29.0,"turns":5.0},{"damage":0.0,"enemies":"Chosen and Byrds","floor":30.0,"turns":7.0},{"damage":3.0,"enemies":"Book of Stabbing","floor":31.0,"turns":6.0},{"damage":12.0,"enemies":"Collector","floor":33.0,"turns":12.0},{"damage":1.0,"enemies":"Orb Walker","floor":35.0,"turns":5.0},{"damage":20.0,"enemies":"3 Darklings","floor":37.0,"turns":5.0},{"damage":3.0,"enemies":"Maw","floor":38.0,"turns":10.0},{"damage":22.0,"enemies":"Jaw Worm Horde","floor":41.0,"turns":5.0},{"damage":5.0,"enemies":"Writhing Mass","floor":47.0,"turns":7.0},{"damage":8.0,"enemies":"Transient","floor":48.0,"turns":5.0},{"damage":46,"enemies":"Donu and Deca","floor":50,"turns":11}],"seed_played":"726736486185256252","potions_obtained":[{"floor":4.0,"key":"SteroidPotion"},{"floor":13.0,"key":"SpeedPotion"},{"floor":16.0,"key":"EntropicBrew"},{"floor":18.0,"key":"Dexterity Potion"},{"floor":27.0,"key":"Strength Potion"}],"is_trial":false,"path_per_floor":["M","?","M","M","$","R","?","R","T","R","?","?","M","M","R","B",null,"M","M","?","M","$","R","E","R","T","M","$","M","M","E","R","B",null,"M","?","M","M","$","R","M","R","T","?","R","?","M","M","R","B",null],"character_chosen":"THE_SILENT","items_purchased":["Kunai","Strawberry","TwistedFunnel","Flash of Steel","Backstab","Noxious Fumes","Dexterity Potion"],"campfire_rested":5,"item_purchase_floors":[5,22,22,22,39,39,39],"current_hp_per_floor":[55,44,44,44,44,44,44,44,44,44,44,9,9,9,28,17,54,24,24,24,24,31,52,24,45,45,45,45,45,45,42,42,30,67,66,66,46,43,43,43,21,44,44,44,44,44,39,31,54,8],"gold":85,"neow_bonus":"HUNDRED_GOLD","is_prod":false,"is_daily":false,"chose_seed":false,"campfire_upgraded":6,"win_rate":0,"timestamp":1551153328,"path_taken":["M","?","M","M","$","R","?","R","T","R","?","?","M","M","R","BOSS","M","M","?","?","$","R","E","R","T","M","$","M","M","E","R","BOSS","M","?","M","M","$","R","?","R","T","?","R","?","M","M","R","BOSS"],"build_version":"2019-01-23","purchased_purges":1,"victory":true,"max_hp_per_floor":[66,66,66,66,66,66,66,66,66,66,66,66,66,66,66,66,66,66,66,66,66,73,73,73,73,73,73,73,73,73,73,73,73,78,78,78,78,78,78,78,78,78,78,78,78,78,78,78,78,78],"card_choices":[{"not_picked":["Sucker Punch","Flying Knee","Quick Slash"],"picked":"SKIP","floor":1.0},{"not_picked":["Acrobatics","Flying Knee","Bouncing Flask"],"picked":"SKIP","floor":3.0},{"not_picked":["Deflect","Acrobatics"],"picked":"Footwork","floor":4.0},{"not_picked":["Underhanded Strike","Deadly Poison","Dodge and Roll"],"picked":"SKIP","floor":13.0},{"not_picked":["Sucker Punch","Blur"],"picked":"Malaise","floor":14.0},{"not_picked":["Malaise","Storm of Steel"],"picked":"After Image","floor":16.0},{"not_picked":["Sucker Punch","Bouncing Flask","Dodge and Roll"],"picked":"SKIP","floor":18.0},{"not_picked":["Sucker Punch","Dodge and Roll+1"],"picked":"Noxious Fumes","floor":19.0},{"not_picked":["Calculated Gamble","Blade Dance","Reflex"],"picked":"SKIP","floor":21.0},{"not_picked":["Deadly Poison","Blade Dance","Slice"],"picked":"SKIP","floor":24.0},{"not_picked":["Blade Dance","PiercingWail"],"picked":"Cloak And Dagger","floor":27.0},{"not_picked":["Dodge and Roll","Concentrate","Bouncing Flask"],"picked":"SKIP","floor":29.0},{"not_picked":["Sucker Punch","Catalyst"],"picked":"Infinite Blades","floor":30.0},{"not_picked":["Heel Hook+1","Underhanded Strike+1","Deflect+1"],"picked":"SKIP","floor":31.0},{"not_picked":["Burst","Tools of the Trade"],"picked":"A Thousand Cuts","floor":33.0},{"not_picked":["PiercingWail","Bane","Leg Sweep"],"picked":"SKIP","floor":35.0},{"not_picked":["Choke","Flying Knee"],"picked":"Dash","floor":37.0},{"not_picked":["Prepared+1","Dagger Spray"],"picked":"Blade Dance","floor":38.0},{"not_picked":["Dagger Spray","Poisoned Stab+1","Underhanded Strike"],"picked":"SKIP","floor":41.0},{"not_picked":["Deep Breath","Bandage Up"],"picked":"Panache","floor":44.0},{"not_picked":["Dagger Spray+1","Sucker Punch+1","Prepared+1"],"picked":"SKIP","floor":47.0},{"not_picked":["Flechettes+1","Finisher+1","Riddle With Holes+1"],"picked":"SKIP","floor":48.0}],"player_experience":521474,"relics_obtained":[{"floor":9.0,"key":"Art of War"},{"floor":24.0,"key":"Anchor"},{"floor":26.0,"key":"Bronze Scales"},{"floor":31.0,"key":"PreservedInsect"},{"floor":43.0,"key":"Molten Egg 2"}],"event_choices":[{"damage_healed":0.0,"max_hp_gain":0.0,"max_hp_loss":0.0,"gold_gain":75.0,"event_name":"World of Goop","player_choice":"Gather Gold","floor":2.0,"gold_loss":0.0,"damage_taken":11.0},{"damage_healed":0.0,"max_hp_gain":0.0,"max_hp_loss":0.0,"gold_gain":150.0,"event_name":"Liars Game","player_choice":"AGREE","floor":7.0,"gold_loss":0.0,"damage_taken":0.0,"cards_obtained":["Doubt"]},{"cards_removed":["Doubt"],"damage_healed":0.0,"max_hp_gain":0.0,"max_hp_loss":0.0,"gold_gain":0.0,"event_name":"The Cleric","player_choice":"Card Removal","floor":11.0,"gold_loss":75.0,"damage_taken":0.0},{"damage_healed":0.0,"max_hp_gain":0.0,"max_hp_loss":0.0,"gold_gain":0.0,"event_name":"Scrap Ooze","player_choice":"Success","floor":12.0,"gold_loss":0.0,"damage_taken":35.0,"relics_obtained":["Paper Crane"]},{"damage_healed":0.0,"max_hp_gain":0.0,"max_hp_loss":0.0,"gold_gain":250.0,"event_name":"The Joust","player_choice":"Bet on Owner","floor":20.0,"gold_loss":50.0,"damage_taken":0.0},{"damage_healed":0.0,"max_hp_gain":0.0,"max_hp_loss":0.0,"gold_gain":0.0,"event_name":"Designer","player_choice":"Upgraded Two","floor":36.0,"gold_loss":50.0,"damage_taken":0.0,"cards_upgraded":["Defend_G","Malaise"]},{"damage_healed":0.0,"max_hp_gain":0.0,"max_hp_loss":0.0,"gold_gain":0.0,"event_name":"SensoryStone","player_choice":"Memory 1","floor":44.0,"gold_loss":0.0,"damage_taken":0.0},{"damage_healed":0.0,"max_hp_gain":0.0,"max_hp_loss":0.0,"gold_gain":0.0,"event_name":"FaceTrader","player_choice":"Trade","floor":46.0,"gold_loss":0.0,"damage_taken":0.0,"relics_obtained":["SsserpentHead"]}],"is_beta":false,"boss_relics":[{"not_picked":["Eternal Feather","HoveringKite"],"picked":"Astrolabe"},{"not_picked":["Snecko Eye","Pandora\u0027s Box"],"picked":"Tiny House"}],"items_purged_floors":[28],"is_endless":false,"potions_floor_spawned":[4,13,16,18,24,27,31,33,47],"ascension_level":15}