{"gold_per_floor":[219,394,394,412,431,465,24,24,24,24,38,64,64,76,76,175,175,187,187,112,112,112,145,145,70,70,70,89,89,102,118,118,223,223,233,333,9,0,0,0,0,0,26,42,42,42,52,62,62,62],"floor_reached":50,"playtime":1839,"items_purged":["Doubt"],"score":612,"play_id":"4fa28ec6-421c-43a1-b0e1-59eb0f1e9f3b","local_time":"20181221235403","is_ascension_mode":true,"campfire_choices":[{"floor":10,"key":"REST"},{"floor":13,"key":"REST"},{"floor":15,"key":"RECALL"},{"data":"Crippling Poison","floor":24,"key":"SMITH"},{"data":"Venomology","floor":27,"key":"SMITH"},{"data":"Noxious Fumes","floor":32,"key":"SMITH"},{"data":"Caltrops","floor":40,"key":"SMITH"},{"data":"Poisoned Stab","floor":42,"key":"SMITH"},{"data":"Deadly Poison","floor":45,"key":"SMITH"},{"floor":49,"key":"REST"}],"neow_cost":"NONE","seed_source_timestamp":76140084112013,"circlet_count":0,"master_deck":["Defend_G","Defend_G","Defend_G","Defend_G","Strike_G","Strike_G","Strike_G","Strike_G","Survivor","Neutralize+1","Crippling Poison+1","Deadly Poison+1","Backflip","Bane","Deadly Poison","Bane","Deadly Poison","Venomology+1","Poisoned Stab+1","Noxious Fumes+1","Caltrops+1","Deadly Poison+1"],"relics":["Ring of the Snake","Mummified Hand","PreservedInsect","Thread and Needle","Meat on the Bone","Velvet Choker","Strawberry","Art of War","Singing Bowl","Sundial","Eternal Feather","WingedGreaves","Letter Opener","Red Mask","Bronze Scales"],"potions_floor_usage":[6,6,16,23,23,29,29,33,33,33,35,44,50,50,50],"damage_taken":[{"damage":0,"enemies":"2 Louse","floor":1,"turns":4},{"damage":0,"enemies":"Small Slimes","floor":4,"turns":3},{"damage":7,"enemies":"Jaw Worm","floor":5,"turns":5},{"damage":52,"enemies":"Gremlin Nob","floor":6,"turns":6},{"damage":0,"enemies":"Red Slaver","floor":11,"turns":4},{"damage":23,"enemies":"3 Sentries","floor":12,"turns":7},{"damage":0,"enemies":"Blue Slaver","floor":14,"turns":4},{"damage":15,"enemies":"Hexaghost","floor":16,"turns":9},{"damage":12,"enemies":"3 Byrds","floor":18,"turns":7},{"damage":27,"enemies":"Colosseum Slavers","floor":21,"turns":5},{"damage":16,"enemies":"Book of Stabbing","floor":23,"turns":5},{"damage":9,"enemies":"Spheric Guardian","floor":28,"turns":4},{"damage":0,"enemies":"Snake Plant","floor":29,"turns":1},{"damage":7,"enemies":"Cultist and Chosen","floor":30,"turns":6},{"damage":9,"enemies":"Snecko","floor":31,"turns":5},{"damage":46,"enemies":"Collector","floor":33,"turns":8},{"damage":8,"enemies":"3 Darklings","floor":35,"turns":5},{"damage":26,"enemies":"Mind Bloom Boss Battle","floor":36,"turns":6},{"damage":14,"enemies":"3 Shapes","floor":44,"turns":4},{"damage":2,"enemies":"Jaw Worm Horde","floor":47,"turns":3},{"damage":27,"enemies":"3 Darklings","floor":48,"turns":3},{"damage":95,"enemies":"Donu and Deca","floor":50,"turns":6}],"seed_played":"-5348769639130464792","potions_obtained":[{"floor":4,"key":"Swift Potion"},{"floor":5,"key":"Swift Potion"},{"floor":11,"key":"Fire Potion"},{"floor":14,"key":"Dexterity Potion"},{"floor":18,"key":"SteroidPotion"},{"floor":28,"key":"EssenceOfSteel"},{"floor":48,"key":"LiquidBronze"}],"is_trial":false,"path_per_floor":["M","?","?","M","M","E","$","$","T","R","M","E","R","M","R","B",null,"M","?","$","?","T","E","R","?","T","R","M","M","M","M","R","B",null,"M","?","$","?","$","R","?","R","T","M","R","?","M","M","R","B"],"character_chosen":"THE_SILENT","items_purchased":["PreservedInsect","Thread and Needle","Letter Opener","GhostInAJar"],"campfire_rested":3,"item_purchase_floors":[7,7,37,37],"current_hp_per_floor":[70,70,70,70,63,11,11,11,11,32,32,9,30,42,42,39,70,58,65,65,50,50,46,46,46,46,46,49,49,42,47,47,15,81,73,49,49,49,49,61,61,73,73,61,73,73,73,48,85,0],"gold":62,"neow_bonus":"HUNDRED_GOLD","is_prod":false,"is_daily":false,"chose_seed":false,"campfire_upgraded":6,"win_rate":0,"timestamp":1545454443,"path_taken":["M","?","?","M","M","E","?","$","T","R","M","E","R","M","R","BOSS","M","?","$","?","?","E","R","?","T","R","M","M","M","M","R","BOSS","M","?","$","?","$","R","?","R","T","M","R","?","M","?","R","BOSS"],"build_version":"2018-12-20","purchased_purges":1,"victory":false,"max_hp_per_floor":[70,70,70,70,70,70,70,70,70,70,70,70,70,70,70,70,70,70,77,77,77,77,77,77,77,77,77,77,77,77,79,79,81,81,81,83,83,83,83,83,79,79,79,81,81,81,83,85,85,85],"card_choices":[{"not_picked":["Slice","Backflip"],"picked":"Crippling Poison","floor":1},{"not_picked":["Tactician","Underhanded Strike"],"picked":"Deadly Poison","floor":4},{"not_picked":["Blade Dance","Outmaneuver"],"picked":"Backflip","floor":5},{"not_picked":["Well Laid Plans","Dagger Throw"],"picked":"Bane","floor":6},{"not_picked":["Cloak And Dagger","Underhanded Strike"],"picked":"Deadly Poison","floor":11},{"not_picked":["Flying Knee","Setup"],"picked":"Bane","floor":12},{"not_picked":["Dash","Flying Knee"],"picked":"Deadly Poison","floor":14},{"not_picked":["Bullet Time","Glass Knife"],"picked":"Venomology","floor":16},{"not_picked":["PiercingWail+1","Outmaneuver","Dagger Spray"],"picked":"SKIP","floor":18},{"not_picked":["Dagger Throw","Terror"],"picked":"Poisoned Stab","floor":23},{"not_picked":["Tactician+1","Predator"],"picked":"Noxious Fumes","floor":28},{"not_picked":["PiercingWail","Eviscerate"],"picked":"Caltrops","floor":30},{"not_picked":["Predator+1","Quick Slash","Flying Knee"],"picked":"Singing Bowl","floor":31},{"not_picked":["A Thousand Cuts","Burst","Malaise"],"picked":"Singing Bowl","floor":33},{"not_picked":["Leg Sweep+1","Prepared"],"picked":"Deadly Poison+1","floor":35},{"not_picked":["Dash+1","PiercingWail+1","Flying Knee"],"picked":"Singing Bowl","floor":36},{"not_picked":["Reflex+1","Skewer+1","Dagger Spray+1"],"picked":"Singing Bowl","floor":44},{"not_picked":["Sucker Punch","Predator","Underhanded Strike"],"picked":"Singing Bowl","floor":47},{"not_picked":["Accuracy","Sucker Punch","Deadly Poison"],"picked":"Singing Bowl","floor":48}],"player_experience":304365,"relics_obtained":[{"floor":6,"key":"Mummified Hand"},{"floor":12,"key":"Meat on the Bone"},{"floor":22,"key":"Art of War"},{"floor":23,"key":"Singing Bowl"},{"floor":26,"key":"Sundial"},{"floor":36,"key":"WingedGreaves"},{"floor":43,"key":"Bronze Scales"}],"event_choices":[{"damage_healed":0,"gold_gain":175,"player_choice":"AGREE","damage_taken":0,"max_hp_gain":0,"max_hp_loss":0,"event_name":"Liars Game","floor":2,"gold_loss":0,"cards_obtained":["Doubt"]},{"damage_healed":0,"gold_gain":0,"player_choice":"Grow","damage_taken":0,"max_hp_gain":0,"max_hp_loss":0,"event_name":"Living Wall","floor":3,"gold_loss":0,"cards_upgraded":["Neutralize"]},{"damage_healed":0,"gold_gain":0,"player_choice":"Opened","damage_taken":0,"relics_obtained":["Strawberry"],"max_hp_gain":0,"max_hp_loss":0,"event_name":"The Mausoleum","floor":19,"gold_loss":0},{"damage_healed":0,"gold_gain":0,"player_choice":"Fight","damage_taken":0,"max_hp_gain":0,"max_hp_loss":0,"event_name":"Colosseum","floor":21,"gold_loss":0},{"damage_healed":0,"gold_gain":0,"player_choice":"Fled From Nobs","damage_taken":0,"max_hp_gain":0,"max_hp_loss":0,"event_name":"Colosseum","floor":21,"gold_loss":0},{"cards_removed":["Strike_G"],"damage_healed":0,"gold_gain":0,"player_choice":"Gave Gold","damage_taken":0,"max_hp_gain":0,"max_hp_loss":0,"event_name":"Beggar","floor":25,"gold_loss":75},{"damage_healed":0,"gold_gain":0,"player_choice":"Fight","damage_taken":0,"max_hp_gain":0,"max_hp_loss":0,"event_name":"MindBloom","floor":36,"gold_loss":0},{"damage_healed":0,"gold_gain":0,"player_choice":"Paid","damage_taken":0,"relics_obtained":["Red Mask"],"max_hp_gain":0,"max_hp_loss":0,"event_name":"Tomb of Lord Red Mask","floor":38,"gold_loss":9},{"damage_healed":0,"gold_gain":0,"player_choice":"Max HP","damage_taken":0,"max_hp_gain":0,"max_hp_loss":4,"event_name":"Winding Halls","floor":41,"gold_loss":0},{"cards_removed":["Defend_G"],"damage_healed":0,"gold_gain":0,"player_choice":"Removed Skill","damage_taken":0,"max_hp_gain":0,"max_hp_loss":0,"event_name":"Falling","floor":46,"gold_loss":0}],"is_beta":false,"boss_relics":[{"not_picked":["Busted Crown","Ectoplasm"],"picked":"Velvet Choker"},{"not_picked":["Calling Bell","WristBlade"],"picked":"Eternal Feather"}],"items_purged_floors":[20],"is_endless":false,"potions_floor_spawned":[4,5,11,14,18,28,30,48],"killed_by":"Donu and Deca","ascension_level":4}