{"gold_per_floor":[118,129,148,148,73,73,100,100,100,119,129,157,5,24,24,99,99,113,113,113,131,148,178,178,178],"floor_reached":25,"playtime":1037,"items_purged":["Strike_R","Strike_R"],"score":468,"play_id":"346617c6-acc2-4899-8962-5d783f45e30c","local_time":"20190128224231","is_ascension_mode":true,"campfire_choices":[{"data":"Carnage","floor":6.0,"key":"SMITH"},{"data":"Carnage","floor":8.0,"key":"SMITH"},{"data":"Warcry","floor":15.0,"key":"SMITH"},{"floor":24,"key":"REST"}],"neow_cost":"NONE","seed_source_timestamp":0,"circlet_count":0,"master_deck":["AscendersBane","Defend_R","Defend_R","Defend_R","Defend_R","Bash","Carnage+1","Carnage+1","Spot Weakness","Impervious","True Grit","Offering","True Grit","Warcry+1","Double Tap","Bite","Bite","Bite","Bite","Bite","Cleave"],"special_seed":0,"relics":["Burning Blood","NeowsBlessing","Shovel","Pen Nib","Gremlin Horn","Regal Pillow","White Beast Statue","Art of War"],"potions_floor_usage":[22,23,23],"damage_taken":[{"damage":0.0,"enemies":"Jaw Worm","floor":1.0,"turns":1.0},{"damage":0.0,"enemies":"Cultist","floor":2.0,"turns":1.0},{"damage":0.0,"enemies":"Small Slimes","floor":3.0,"turns":1.0},{"damage":8.0,"enemies":"Gremlin Nob","floor":7.0,"turns":3.0},{"damage":7.0,"enemies":"2 Fungi Beasts","floor":10.0,"turns":3.0},{"damage":0.0,"enemies":"Large Slime","floor":11.0,"turns":3.0},{"damage":25.0,"enemies":"3 Sentries","floor":12.0,"turns":6.0},{"damage":12.0,"enemies":"Blue Slaver","floor":14.0,"turns":3.0},{"damage":23.0,"enemies":"Hexaghost","floor":16.0,"turns":9.0},{"damage":6,"enemies":"Spheric Guardian","floor":18,"turns":4},{"damage":44,"enemies":"3 Byrds","floor":21,"turns":6},{"damage":18,"enemies":"Centurion and Healer","floor":22,"turns":8},{"damage":53,"enemies":"Slavers","floor":23,"turns":5},{"damage":51,"enemies":"Book of Stabbing","floor":25,"turns":3}],"seed_played":"-1255154709877765281","potions_obtained":[{"floor":1.0,"key":"LiquidBronze"},{"floor":3.0,"key":"AttackPotion"},{"floor":7.0,"key":"EssenceOfSteel"},{"floor":16.0,"key":"PowerPotion"},{"floor":22,"key":"Explosive Potion"},{"floor":23,"key":"Ancient Potion"}],"is_trial":false,"path_per_floor":["M","M","M","?","$","R","E","R","T","M","M","E","$","M","R","B",null,"M","$","?","M","M","E","R","E"],"character_chosen":"IRONCLAD","items_purchased":["True Grit"],"campfire_rested":1,"item_purchase_floors":[13],"current_hp_per_floor":[74,75,75,75,75,75,73,73,73,72,75,56,56,50,50,33,65,65,65,52,34,50,19,49,0],"gold":178,"neow_bonus":"THREE_ENEMY_KILL","is_prod":false,"is_daily":false,"chose_seed":false,"campfire_upgraded":3,"win_rate":0,"timestamp":1548733351,"path_taken":["M","M","M","?","?","R","E","R","T","?","M","E","?","M","R","BOSS","M","$","?","M","M","E","R","E"],"build_version":"2019-01-23","purchased_purges":2,"victory":false,"max_hp_per_floor":[75,75,75,75,75,75,75,75,75,75,75,75,75,75,75,75,75,75,75,52,52,52,52,52,52],"card_choices":[{"not_picked":["Clash","Hemokinesis"],"picked":"Carnage","floor":1.0},{"not_picked":["Seeing Red","Anger"],"picked":"Carnage","floor":2.0},{"not_picked":["Twin Strike","Body Slam"],"picked":"Sentinel","floor":3.0},{"not_picked":["Armaments","Sword Boomerang"],"picked":"Spot Weakness","floor":7.0},{"not_picked":["Shockwave","Iron Wave"],"picked":"Impervious","floor":10.0},{"not_picked":["Clash","Dropkick"],"picked":"True Grit","floor":11.0},{"not_picked":["Flame Barrier","Armaments"],"picked":"Offering","floor":12.0},{"not_picked":["Rampage","Rupture"],"picked":"Warcry","floor":14.0},{"not_picked":["Fiend Fire","Brutality"],"picked":"Double Tap","floor":16.0},{"not_picked":["Clothesline","Body Slam","Heavy Blade"],"picked":"SKIP","floor":18},{"not_picked":["Rage+1","Headbutt","Clothesline"],"picked":"SKIP","floor":21},{"not_picked":["Rage+1","Headbutt","Clothesline"],"picked":"SKIP","floor":21},{"not_picked":["Headbutt","Body Slam","Sever Soul"],"picked":"SKIP","floor":22},{"not_picked":["Dropkick","Entrench"],"picked":"Cleave","floor":23}],"player_experience":531334,"relics_obtained":[{"floor":7.0,"key":"Pen Nib"},{"floor":9.0,"key":"Gremlin Horn"},{"floor":12.0,"key":"Regal Pillow"},{"floor":23,"key":"Art of War"}],"event_choices":[{"cards_removed":["Sentinel"],"damage_healed":0.0,"max_hp_gain":0.0,"max_hp_loss":0.0,"gold_gain":0.0,"event_name":"WeMeetAgain","player_choice":"Gave Card","floor":4.0,"gold_loss":0.0,"damage_taken":0.0,"relics_obtained":["Shovel"]},{"damage_healed":0,"gold_gain":0,"player_choice":"Became a vampire","damage_taken":0,"max_hp_gain":0,"max_hp_loss":23,"event_name":"Vampires","floor":20,"gold_loss":0,"cards_obtained":["Bite","Bite","Bite","Bite","Bite"]}],"is_beta":false,"boss_relics":[{"not_picked":["Coffee Dripper","Lizard Tail"],"picked":"White Beast Statue"}],"items_purged_floors":[5,13],"is_endless":false,"potions_floor_spawned":[1,3,7,11,16,18,21,22,23],"killed_by":"Book of Stabbing","ascension_level":18}