{"gold_per_floor":[109,34,34,34,34,63,80,108,108,11,11,24,52,52,52,125,125,136,61,73,90,104,104,104,104,104,121,221,221,236,271,271,271],"floor_reached":33,"playtime":1591,"items_purged":["Strike_R"],"score":539,"play_id":"3208ace0-5743-4150-b185-429668313901","local_time":"20190125115410","is_ascension_mode":true,"campfire_choices":[{"data":"Searing Blow+1","floor":11,"key":"SMITH"},{"data":"Searing Blow+2","floor":15,"key":"SMITH"},{"data":"Searing Blow+3","floor":23,"key":"SMITH"},{"data":"Searing Blow+4","floor":25,"key":"SMITH"},{"data":"Armaments","floor":29,"key":"SMITH"},{"data":"Searing Blow+5","floor":32,"key":"SMITH"}],"neow_cost":"NONE","seed_source_timestamp":645116324021784,"circlet_count":0,"master_deck":["AscendersBane","Strike_R","Defend_R","Defend_R","Defend_R","Defend_R","Bash","Searing Blow+6","Headbutt","Shrug It Off","Finesse","Armaments+1","Metallicize","Brutality","Intimidate","Iron Wave+1","Ghostly Armor"],"relics":["Burning Blood","Matryoshka","Bird Faced Urn","Happy Flower","Kunai","Darkstone Periapt","Coffee Dripper","Nloth\u0027s Gift","Sundial","Ornamental Fan","StoneCalendar","Shuriken","Pocketwatch"],"potions_floor_usage":[16,21,28,28,33,33],"damage_taken":[{"damage":0,"enemies":"Small Slimes","floor":1,"turns":1},{"damage":0,"enemies":"3 Sentries","floor":6,"turns":2},{"damage":0,"enemies":"2 Louse","floor":7,"turns":1},{"damage":20,"enemies":"Gremlin Nob","floor":8,"turns":4},{"damage":4,"enemies":"Cultist","floor":12,"turns":3},{"damage":28,"enemies":"3 Sentries","floor":13,"turns":6},{"damage":23,"enemies":"The Guardian","floor":16,"turns":11},{"damage":14,"enemies":"3 Byrds","floor":18,"turns":5},{"damage":13,"enemies":"Spheric Guardian","floor":20,"turns":5},{"damage":6,"enemies":"3 Cultists","floor":21,"turns":5},{"damage":21,"enemies":"Snake Plant","floor":22,"turns":6},{"damage":13,"enemies":"Shelled Parasite and Fungi","floor":27,"turns":5},{"damage":14,"enemies":"Colosseum Slavers","floor":28,"turns":5},{"damage":0,"enemies":"Colosseum Nobs","floor":28,"turns":7},{"damage":4,"enemies":"3 Cultists","floor":30,"turns":5},{"damage":30,"enemies":"Book of Stabbing","floor":31,"turns":5},{"damage":40,"enemies":"Collector","floor":33,"turns":7}],"seed_played":"6767675517116125766","potions_obtained":[{"floor":6,"key":"SteroidPotion"},{"floor":13,"key":"SpeedPotion"},{"floor":20,"key":"Block Potion"},{"floor":22,"key":"Energy Potion"},{"floor":28,"key":"Explosive Potion"},{"floor":30,"key":"Explosive Potion"}],"is_trial":false,"path_per_floor":["M","?","?","?","?","E","M","E","T","$","R","M","E","$","R","B",null,"M","$","M","M","M","R","?","R","T","M","?","R","M","E","R","B"],"character_chosen":"IRONCLAD","items_purchased":["Finesse"],"campfire_rested":0,"item_purchase_floors":[10],"current_hp_per_floor":[74,74,67,67,67,73,75,61,61,61,61,63,41,41,41,26,63,59,59,56,60,49,49,49,49,49,46,50,50,56,36,36,0],"gold":271,"neow_bonus":"THREE_ENEMY_KILL","is_prod":false,"is_daily":false,"chose_seed":false,"campfire_upgraded":6,"win_rate":0,"timestamp":1548435250,"path_taken":["M","?","?","?","?","E","M","E","T","$","R","?","E","$","R","BOSS","M","$","M","M","M","R","?","R","T","?","?","R","M","E","R","BOSS"],"build_version":"2019-01-23","purchased_purges":1,"victory":false,"max_hp_per_floor":[75,75,75,75,75,75,75,75,75,75,75,75,75,75,75,75,75,75,75,75,75,75,75,75,75,75,75,75,75,75,75,75,75],"card_choices":[{"not_picked":["Flex","Havoc"],"picked":"Searing Blow","floor":1},{"not_picked":["Flame Barrier","Flex","Heavy Blade"],"picked":"SKIP","floor":6},{"not_picked":["Wild Strike","Flex"],"picked":"Headbutt","floor":7},{"not_picked":["Carnage","Sentinel"],"picked":"Shrug It Off","floor":8},{"not_picked":["Blood for Blood","Heavy Blade"],"picked":"Armaments","floor":12},{"not_picked":["Corruption","Cleave"],"picked":"Metallicize","floor":13},{"not_picked":["Juggernaut","Offering"],"picked":"Brutality","floor":16},{"not_picked":["Rampage","Twin Strike"],"picked":"Intimidate","floor":18},{"not_picked":["Wild Strike","Havoc+1","Armaments"],"picked":"SKIP","floor":20},{"not_picked":["Headbutt","Bloodletting+1","Clothesline"],"picked":"SKIP","floor":21},{"not_picked":["Pommel Strike","Body Slam"],"picked":"Iron Wave+1","floor":22},{"not_picked":["Iron Wave","Second Wind","Hemokinesis"],"picked":"SKIP","floor":27},{"not_picked":["Dark Embrace","Sword Boomerang"],"picked":"Ghostly Armor","floor":28},{"not_picked":["Cleave","Headbutt","Sword Boomerang"],"picked":"SKIP","floor":30},{"not_picked":["Wild Strike","Juggernaut","Anger"],"picked":"SKIP","floor":31}],"player_experience":437524,"relics_obtained":[{"floor":6,"key":"Matryoshka"},{"floor":8,"key":"Bird Faced Urn"},{"floor":9,"key":"Happy Flower"},{"floor":9,"key":"Kunai"},{"floor":13,"key":"Darkstone Periapt"},{"floor":26,"key":"Sundial"},{"floor":26,"key":"Ornamental Fan"},{"floor":28,"key":"StoneCalendar"},{"floor":28,"key":"Shuriken"},{"floor":31,"key":"Pocketwatch"}],"event_choices":[{"cards_removed":["Strike_R"],"damage_healed":0,"gold_gain":0,"player_choice":"Card Removal","damage_taken":0,"max_hp_gain":0,"max_hp_loss":0,"event_name":"The Cleric","floor":2,"gold_loss":75},{"cards_removed":["Strike_R"],"damage_healed":0,"gold_gain":0,"player_choice":"Card Removal","damage_taken":7,"max_hp_gain":0,"max_hp_loss":0,"event_name":"Golden Wing","floor":3,"gold_loss":0},{"cards_removed":["Strike_R"],"damage_healed":0,"gold_gain":0,"player_choice":"Forget","damage_taken":0,"max_hp_gain":0,"max_hp_loss":0,"event_name":"Living Wall","floor":4,"gold_loss":0},{"damage_healed":0,"gold_gain":0,"player_choice":"Upgraded","damage_taken":0,"max_hp_gain":0,"max_hp_loss":0,"event_name":"Upgrade Shrine","floor":5,"gold_loss":0,"cards_upgraded":["Searing Blow"]},{"damage_healed":0,"gold_gain":0,"player_choice":"Traded Relic","damage_taken":0,"relics_obtained":["Nloth\u0027s Gift"],"max_hp_gain":0,"max_hp_loss":0,"event_name":"N\u0027loth","floor":24,"relics_lost":["NeowsBlessing"],"gold_loss":0},{"damage_healed":0,"gold_gain":0,"player_choice":"Fight","damage_taken":0,"max_hp_gain":0,"max_hp_loss":0,"event_name":"Colosseum","floor":28,"gold_loss":0},{"damage_healed":0,"gold_gain":0,"player_choice":"Fought Nobs","damage_taken":0,"max_hp_gain":0,"max_hp_loss":0,"event_name":"Colosseum","floor":28,"gold_loss":0}],"is_beta":false,"boss_relics":[{"not_picked":["Lizard Tail","Runic Dome"],"picked":"Coffee Dripper"}],"items_purged_floors":[19],"is_endless":false,"potions_floor_spawned":[6,13,20,22,27,28,30],"killed_by":"Collector","ascension_level":15}