{"gold_per_floor":[211,225,78,89,104,104,119,119,119,119,153,153,188,202,202,280,280,293,308,308,233,251,251,261,290,290,290,324,72,72,90,90,165,165,179,179,4,21,21],"floor_reached":39,"playtime":2234,"items_purged":["Defend_B"],"score":733,"play_id":"adc327ca-db9c-4554-a110-4af0b2973613","local_time":"20190210201048","is_ascension_mode":true,"campfire_choices":[{"data":"Zap","floor":6.0,"key":"SMITH"},{"data":"Go for the Eyes","floor":8.0,"key":"SMITH"},{"floor":10.0,"key":"REST"},{"data":"White Noise","floor":12.0,"key":"SMITH"},{"data":"Echo Form","floor":15.0,"key":"SMITH"},{"floor":23.0,"key":"REST"},{"floor":27.0,"key":"REST"},{"floor":30.0,"key":"REST"},{"floor":32.0,"key":"REST"}],"neow_cost":"NONE","seed_source_timestamp":0,"circlet_count":0,"master_deck":["AscendersBane","Strike_B","Defend_B","Defend_B","Defend_B","Zap+1","Dualcast","Leap","Leap","Gash","Go for the Eyes+1","White Noise+1","Rebound","Ball Lightning","Echo Form+1","Steam","All For One","Melter","Turbo","Gash","Static Discharge","Leap","Thunder Strike","Double Energy","Madness","Madness","Stack","Hologram+1"],"special_seed":0,"relics":["Cracked Core","Oddly Smooth Stone","Lantern","Bottled Flame","Lizard Tail","Blood Vial","Gambling Chip","Kunai","Mercury Hourglass","ClockworkSouvenir","Empty Cage","PreservedInsect"],"potions_floor_usage":[39],"damage_taken":[{"damage":1.0,"enemies":"Cultist","floor":1.0,"turns":4.0},{"damage":3.0,"enemies":"2 Louse","floor":2.0,"turns":3.0},{"damage":0.0,"enemies":"Jaw Worm","floor":4.0,"turns":3.0},{"damage":2.0,"enemies":"Looter","floor":5.0,"turns":3.0},{"damage":10.0,"enemies":"2 Fungi Beasts","floor":7.0,"turns":3.0},{"damage":26.0,"enemies":"Gremlin Nob","floor":11.0,"turns":4.0},{"damage":12.0,"enemies":"3 Sentries","floor":13.0,"turns":7.0},{"damage":0.0,"enemies":"Large Slime","floor":14.0,"turns":3.0},{"damage":13.0,"enemies":"Slime Boss","floor":16.0,"turns":10.0},{"damage":13.0,"enemies":"3 Byrds","floor":18.0,"turns":6.0},{"damage":0.0,"enemies":"Spheric Guardian","floor":19.0,"turns":2.0},{"damage":19.0,"enemies":"Snake Plant","floor":22.0,"turns":5.0},{"damage":9.0,"enemies":"Centurion and Healer","floor":24.0,"turns":6.0},{"damage":24.0,"enemies":"Gremlin Leader","floor":25.0,"turns":6.0},{"damage":77.0,"enemies":"Slavers","floor":28.0,"turns":5.0},{"damage":10.0,"enemies":"Sentry and Sphere","floor":31.0,"turns":4.0},{"damage":49.0,"enemies":"Collector","floor":33.0,"turns":10.0},{"damage":8.0,"enemies":"Orb Walker","floor":35.0,"turns":5.0},{"damage":38.0,"enemies":"3 Darklings","floor":38.0,"turns":8.0},{"damage":42,"enemies":"Transient","floor":39,"turns":5}],"seed_played":"7890813299237678343","potions_obtained":[{"floor":4.0,"key":"Block Potion"},{"floor":5.0,"key":"FocusPotion"},{"floor":11.0,"key":"Ancient Potion"},{"floor":16.0,"key":"SkillPotion"},{"floor":22.0,"key":"Block Potion"},{"floor":24.0,"key":"Regen Potion"},{"floor":25.0,"key":"Energy Potion"},{"floor":28.0,"key":"Explosive Potion"},{"floor":31.0,"key":"Fire Potion"},{"floor":33.0,"key":"Regen Potion"},{"floor":38.0,"key":"Swift Potion"}],"is_trial":false,"path_per_floor":["M","M","$","M","M","R","M","R","T","R","E","R","E","M","R","B",null,"M","M","T","?","M","R","M","E","T","R","E","$","R","M","R","B",null,"M","?","$","M","M"],"character_chosen":"DEFECT","items_purchased":["Gash","Go for the Eyes","ClockworkSouvenir","Leap","PreservedInsect","Stack"],"campfire_rested":5,"item_purchase_floors":[3,3,29,29,37,37],"current_hp_per_floor":[63,60,60,60,58,58,48,48,48,69,43,43,31,31,31,18,58,45,45,45,45,28,49,42,35,35,56,20,20,41,33,54,7,55,63,54,54,18,0],"gold":21,"neow_bonus":"HUNDRED_GOLD","is_prod":false,"is_daily":false,"chose_seed":false,"campfire_upgraded":4,"win_rate":0,"timestamp":1549797048,"path_taken":["M","M","$","M","M","R","M","R","T","R","E","R","E","M","R","BOSS","M","M","?","?","M","R","M","E","T","R","E","$","R","M","R","BOSS","M","?","?","M","M"],"build_version":"2019-01-23","purchased_purges":1,"victory":false,"max_hp_per_floor":[71,71,71,71,71,71,71,71,71,71,71,71,71,71,71,71,71,71,71,71,71,71,71,71,71,71,71,71,71,71,71,71,71,71,71,71,71,71,71],"card_choices":[{"not_picked":["Beam Cell","Stack"],"picked":"Leap","floor":1.0},{"not_picked":["Tempest","Double Energy"],"picked":"Leap","floor":2.0},{"not_picked":["Go for the Eyes","Conserve Battery"],"picked":"White Noise","floor":4.0},{"not_picked":["BootSequence","Conserve Battery"],"picked":"Rebound","floor":5.0},{"not_picked":["Recycle","Scrape","Hello World"],"picked":"SKIP","floor":7.0},{"not_picked":["Double Energy","Thunder Strike"],"picked":"Ball Lightning","floor":11.0},{"not_picked":["Hyperbeam","Fission"],"picked":"Echo Form","floor":13.0},{"not_picked":["Sweeping Beam","Hello World"],"picked":"Steam","floor":14.0},{"not_picked":["Echo Form","Machine Learning"],"picked":"All For One","floor":16.0},{"not_picked":["Fusion","Sweeping Beam"],"picked":"Melter","floor":18.0},{"not_picked":["Barrage","Streamline"],"picked":"Turbo","floor":19.0},{"not_picked":["Ball Lightning","Stack"],"picked":"Gash","floor":22.0},{"not_picked":["Streamline","Redo","Blizzard"],"picked":"SKIP","floor":24.0},{"not_picked":["Streamline","Conserve Battery"],"picked":"Static Discharge","floor":25.0},{"not_picked":["Hyperbeam","Sunder","Barrage"],"picked":"SKIP","floor":28.0},{"not_picked":["Scrape","Rebound","Steam"],"picked":"SKIP","floor":31.0},{"not_picked":["Buffer","Core Surge"],"picked":"Thunder Strike","floor":33.0},{"not_picked":["Barrage","Aggregate"],"picked":"Double Energy","floor":35.0},{"not_picked":["Force Field+1","Defragment"],"picked":"Hologram+1","floor":38.0}],"player_experience":325852,"relics_obtained":[{"floor":9.0,"key":"Oddly Smooth Stone"},{"floor":11.0,"key":"Lantern"},{"floor":13.0,"key":"Bottled Flame"},{"floor":20.0,"key":"Blood Vial"},{"floor":25.0,"key":"Gambling Chip"},{"floor":26.0,"key":"Kunai"},{"floor":28.0,"key":"Mercury Hourglass"}],"event_choices":[{"cards_removed":["Strike_B"],"damage_healed":0.0,"max_hp_gain":0.0,"max_hp_loss":0.0,"gold_gain":0.0,"event_name":"Beggar","player_choice":"Gave Gold","floor":21.0,"gold_loss":75.0,"damage_taken":0.0},{"damage_healed":0.0,"max_hp_gain":0.0,"max_hp_loss":0.0,"gold_gain":0.0,"event_name":"Winding Halls","player_choice":"Embrace Madness","floor":36.0,"gold_loss":0.0,"damage_taken":9.0,"cards_obtained":["Madness","Madness"]}],"is_beta":false,"boss_relics":[{"not_picked":["Philosopher\u0027s Stone","Pandora\u0027s Box"],"picked":"Lizard Tail"},{"not_picked":["Tiny House","Velvet Choker"],"picked":"Empty Cage"}],"items_purged_floors":[3],"is_endless":false,"potions_floor_spawned":[4,5,11,16,22,24,25,28,31,33,38],"killed_by":"Transient","ascension_level":14}