{"gold_per_floor":[110,122,142,160,173,183,198,217,217,252,327,327,46,46,46,147,197,211,223,223,148,50,50,60,60,60,76,76,96,106,31,31,31],"floor_reached":33,"playtime":1766,"items_purged":["Skewer"],"score":303,"play_id":"38f77392-9ac4-463f-ae3d-ba59437a5eeb","local_time":"20190102200515","is_ascension_mode":false,"campfire_choices":[{"floor":12,"key":"REST"},{"floor":15,"key":"REST"},{"data":"Corpse Explosion","floor":23,"key":"SMITH"},{"data":"Corpse Explosion","floor":28,"key":"SMITH"},{"floor":32,"key":"REST"}],"neow_cost":"NONE","seed_source_timestamp":15919715832556,"circlet_count":0,"master_deck":["Defend_G","Defend_G","Defend_G","Defend_G","Survivor","Neutralize","Blur","Riddle With Holes","Well Laid Plans","Corpse Explosion+1","Deflect","Poisoned Stab","Dash","Predator","PiercingWail","Corpse Explosion+1","Riddle With Holes","Bouncing Flask","Leg Sweep+1","Bite","Bite","Bite","Bite","Bite","Footwork","Dodge and Roll","Bouncing Flask","Noxious Fumes","After Image"],"relics":["Ring of the Snake","Bag of Preparation","Dodecahedron","Paper Crane","Sundial","Tiny House","Meat on the Bone"],"potions_floor_usage":[6,10,16,24,27,29],"damage_taken":[{"damage":3,"enemies":"Jaw Worm","floor":1,"turns":4},{"damage":1,"enemies":"Cultist","floor":2,"turns":6},{"damage":0,"enemies":"2 Louse","floor":3,"turns":3},{"damage":9,"enemies":"2 Fungi Beasts","floor":4,"turns":5},{"damage":2,"enemies":"Blue Slaver","floor":5,"turns":5},{"damage":3,"enemies":"3 Louse","floor":6,"turns":3},{"damage":0,"enemies":"Large Slime","floor":7,"turns":7},{"damage":10,"enemies":"Red Slaver","floor":8,"turns":4},{"damage":31,"enemies":"Gremlin Nob","floor":10,"turns":5},{"damage":19,"enemies":"The Guardian","floor":16,"turns":14},{"damage":23,"enemies":"Shell Parasite","floor":18,"turns":8},{"damage":8,"enemies":"Spheric Guardian","floor":19,"turns":4},{"damage":23,"enemies":"Snake Plant","floor":24,"turns":5},{"damage":7,"enemies":"3 Cultists","floor":27,"turns":3},{"damage":33,"enemies":"Sentry and Sphere","floor":29,"turns":4},{"damage":10,"enemies":"Chosen and Byrds","floor":30,"turns":6},{"damage":73,"enemies":"Champ","floor":33,"turns":16}],"seed_played":"4102287231494087422","potions_obtained":[{"floor":1,"key":"Poison Potion"},{"floor":3,"key":"EssenceOfSteel"},{"floor":4,"key":"Fire Potion"},{"floor":6,"key":"GhostInAJar"},{"floor":8,"key":"SteroidPotion"},{"floor":17,"key":"Strength Potion"},{"floor":18,"key":"EssenceOfSteel"},{"floor":24,"key":"SkillPotion"},{"floor":27,"key":"FearPotion"}],"is_trial":false,"path_per_floor":["M","M","M","M","M","M","M","M","T","E","?","R","$","T","R","B",null,"M","M","?","?","$","R","M","?","T","M","R","M","M","$","R","B"],"character_chosen":"THE_SILENT","items_purchased":["PiercingWail","Paper Crane","Footwork","Dodge and Roll"],"campfire_rested":3,"item_purchase_floors":[13,13,22,22],"current_hp_per_floor":[74,73,73,64,62,59,59,49,49,18,11,34,34,34,57,38,82,59,51,51,51,51,51,32,23,23,32,32,15,19,19,37,0],"gold":31,"neow_bonus":"TEN_PERCENT_HP_BONUS","is_prod":false,"is_daily":false,"chose_seed":false,"campfire_upgraded":2,"win_rate":0.0,"timestamp":1546427115,"path_taken":["M","M","M","M","M","M","M","M","T","E","?","R","$","?","R","BOSS","M","M","?","?","$","R","M","?","T","M","R","M","M","?","R","BOSS"],"build_version":"2018-12-20","purchased_purges":1,"victory":false,"max_hp_per_floor":[77,77,77,77,77,77,77,77,77,77,77,77,77,77,77,77,82,82,82,57,57,57,57,57,62,62,62,62,62,62,62,62,62],"card_choices":[{"not_picked":["Outmaneuver","Prepared"],"picked":"Blur","floor":1},{"not_picked":["Flying Knee","Prepared"],"picked":"Riddle With Holes","floor":2},{"not_picked":["PiercingWail","Flying Knee"],"picked":"Well Laid Plans","floor":3},{"not_picked":["Bouncing Flask","Terror"],"picked":"Corpse Explosion","floor":4},{"not_picked":["Quick Slash","Backflip"],"picked":"Deflect","floor":5},{"not_picked":["Flying Knee","Choke"],"picked":"Poisoned Stab","floor":6},{"not_picked":["Escape Plan","Skewer"],"picked":"Dash","floor":7},{"not_picked":["Expertise","Calculated Gamble"],"picked":"Predator","floor":8},{"not_picked":["Outmaneuver","Acrobatics"],"picked":"Skewer","floor":10},{"not_picked":["Night Terror","Glass Knife"],"picked":"Corpse Explosion","floor":16},{"not_picked":["Flying Knee","Eviscerate"],"picked":"Riddle With Holes","floor":17},{"not_picked":["Dodge and Roll","Deflect"],"picked":"Bouncing Flask","floor":18},{"not_picked":["Calculated Gamble","Sucker Punch"],"picked":"Leg Sweep+1","floor":19},{"not_picked":["Underhanded Strike+1","Cloak And Dagger"],"picked":"Bouncing Flask","floor":24},{"not_picked":["Heel Hook","Dagger Throw"],"picked":"Noxious Fumes","floor":27},{"not_picked":["Dagger Spray","Slice"],"picked":"After Image","floor":29},{"not_picked":["Flying Knee","Quick Slash","Blade Dance"],"picked":"SKIP","floor":30}],"player_experience":50982,"relics_obtained":[{"floor":9,"key":"Bag of Preparation"},{"floor":10,"key":"Dodecahedron"},{"floor":14,"key":"Sundial"},{"floor":26,"key":"Meat on the Bone"}],"event_choices":[{"damage_healed":0,"gold_gain":75,"player_choice":"Touch","damage_taken":7,"max_hp_gain":0,"max_hp_loss":0,"event_name":"FaceTrader","floor":11,"gold_loss":0},{"damage_healed":0,"gold_gain":0,"player_choice":"Became a vampire","damage_taken":0,"max_hp_gain":0,"max_hp_loss":25,"event_name":"Vampires","floor":20,"gold_loss":0,"cards_obtained":["Bite","Bite","Bite","Bite","Bite"]},{"cards_removed":["Defend_G"],"damage_healed":0,"gold_gain":0,"player_choice":"Gave Gold","damage_taken":0,"max_hp_gain":0,"max_hp_loss":0,"event_name":"Beggar","floor":21,"gold_loss":75},{"damage_healed":0,"gold_gain":0,"player_choice":"Shed Blood","damage_taken":14,"max_hp_gain":5,"max_hp_loss":0,"event_name":"Forgotten Altar","floor":25,"gold_loss":0}],"is_beta":false,"boss_relics":[{"not_picked":["Fusion Hammer","Black Star"],"picked":"Tiny House"}],"items_purged_floors":[31],"is_endless":false,"potions_floor_spawned":[1,3,4,6,8,18,24,27],"killed_by":"Champ","ascension_level":0}