{"gold_per_floor":[360,2,18,33,51,51,68,68,146,146,165,165,200,25,25,121,121,136,136,151,161,177,206,206,219,268,283,283,7,7,7,7,103,103,123,23,23,33,33,67,67,101,182,182,200,200,21,46,46,46],"floor_reached":51,"playtime":3140,"items_purged":["Strike_B","Electrodynamics"],"score":956,"play_id":"04c4750d-1035-48d7-99c7-8ed69b5b847e","local_time":"20190210235317","is_ascension_mode":true,"campfire_choices":[{"data":"Zap","floor":6,"key":"SMITH"},{"floor":8,"key":"REST"},{"data":"Defragment","floor":10,"key":"SMITH"},{"data":"Apotheosis","floor":15,"key":"SMITH"},{"floor":24,"key":"REST"},{"data":"Dualcast","floor":30,"key":"SMITH"},{"floor":32,"key":"REST"},{"data":"Go for the Eyes","floor":41,"key":"SMITH"},{"data":"Seek","floor":44,"key":"SMITH"},{"data":"Chill","floor":46,"key":"SMITH"},{"data":"Barrage","floor":49,"key":"SMITH"}],"neow_cost":"PERCENT_DAMAGE","seed_source_timestamp":2680266170250335,"circlet_count":0,"master_deck":["Strike_B","Defend_B","Defend_B","Defend_B","Zap+1","Dualcast+1","Defragment+1","Master of Strategy","Conserve Battery","Cold Snap","Chill+1","Cold Snap","Consume","Apotheosis+1","All For One","White Noise+1","Self Repair+1","Loop+1","Echo Form+1","Defragment+1","Coolheaded+1","Electrodynamics+1","Go for the Eyes+1","Seek+1","Barrage+1"],"relics":["Cracked Core","Matryoshka","Mango","Inserter","CultistMask","Potion Belt","Centennial Puzzle","Regal Pillow","MealTicket","Astrolabe","DataDisk","Bag of Preparation","Pen Nib","Kunai","Strawberry","Bird Faced Urn"],"potions_floor_usage":[13,23,23,25,38,42,50,50,50,50],"damage_taken":[{"damage":6,"enemies":"Cultist","floor":1,"turns":3},{"damage":5,"enemies":"Jaw Worm","floor":3,"turns":3},{"damage":1,"enemies":"2 Louse","floor":4,"turns":2},{"damage":9,"enemies":"Exordium Thugs","floor":5,"turns":4},{"damage":5,"enemies":"Large Slime","floor":7,"turns":4},{"damage":0,"enemies":"2 Fungi Beasts","floor":11,"turns":2},{"damage":10,"enemies":"3 Sentries","floor":13,"turns":2},{"damage":25,"enemies":"Hexaghost","floor":16,"turns":9},{"damage":9,"enemies":"Shell Parasite","floor":18,"turns":5},{"damage":27,"enemies":"3 Byrds","floor":20,"turns":4},{"damage":0,"enemies":"Cultist and Chosen","floor":21,"turns":4},{"damage":2,"enemies":"Sentry and Sphere","floor":22,"turns":3},{"damage":27,"enemies":"Book of Stabbing","floor":23,"turns":5},{"damage":33,"enemies":"Snake Plant","floor":25,"turns":4},{"damage":9,"enemies":"Centurion and Healer","floor":27,"turns":3},{"damage":21,"enemies":"Champ","floor":33,"turns":11},{"damage":0,"enemies":"3 Shapes","floor":35,"turns":1},{"damage":18,"enemies":"3 Darklings","floor":38,"turns":6},{"damage":47,"enemies":"Giant Head","floor":40,"turns":10},{"damage":23,"enemies":"Reptomancer","floor":42,"turns":6},{"damage":27,"enemies":"Maw","floor":45,"turns":5},{"damage":6,"enemies":"Giant Head","floor":48,"turns":8},{"damage":60,"enemies":"Awakened One","floor":50,"turns":9}],"seed_played":"7361827438419417844","potions_obtained":[{"floor":1,"key":"FocusPotion"},{"floor":4,"key":"SkillPotion"},{"floor":11,"key":"FearPotion"},{"floor":18,"key":"SneckoOil"},{"floor":21,"key":"AttackPotion"},{"floor":23,"key":"Weak Potion"},{"floor":27,"key":"Energy Potion"},{"floor":33,"key":"Energy Potion"},{"floor":35,"key":"Regen Potion"},{"floor":42,"key":"Energy Potion"},{"floor":45,"key":"Explosive Potion"},{"floor":48,"key":"Dexterity Potion"}],"is_trial":false,"path_per_floor":["M","$","M","M","M","R","M","R","T","R","M","?","E","$","R","B",null,"M","?","M","M","M","E","R","M","T","M","?","$","R","?","R","B",null,"M","$","?","M","$","E","R","E","T","R","M","R","$","E","R","B",null],"character_chosen":"DEFECT","items_purchased":["Electrodynamics","Master of Strategy","Conserve Battery","Apotheosis","MealTicket","Barrage","Strawberry"],"campfire_rested":3,"item_purchase_floors":[2,2,2,14,29,47,47],"current_hp_per_floor":[48,48,43,42,33,33,28,50,50,50,50,50,54,54,54,29,74,65,65,38,38,36,9,35,12,12,13,42,42,42,42,83,72,85,85,89,89,81,89,52,52,63,63,63,46,46,68,82,82,50],"gold":46,"neow_bonus":"TWO_FIFTY_GOLD","is_prod":false,"is_daily":false,"chose_seed":false,"campfire_upgraded":8,"win_rate":0,"timestamp":1549871597,"path_taken":["M","$","M","M","M","R","M","R","T","R","?","?","E","?","R","BOSS","M","?","M","M","?","E","R","M","T","M","?","?","R","?","R","BOSS","M","$","?","?","$","E","R","E","T","R","M","R","$","E","R","BOSS"],"build_version":"2019-01-23","purchased_purges":2,"victory":true,"max_hp_per_floor":[75,75,75,75,75,75,75,75,75,75,75,75,89,89,89,89,89,89,89,89,89,89,89,89,89,89,89,89,89,89,89,89,89,89,89,89,89,89,89,89,89,89,89,89,89,89,96,96,96,96],"card_choices":[{"not_picked":["Coolheaded","Conserve Battery"],"picked":"Defragment","floor":1},{"not_picked":["Recycle","Aggregate"],"picked":"Cold Snap","floor":3},{"not_picked":["Rebound","Redo","Streamline"],"picked":"SKIP","floor":4},{"not_picked":["Barrage","Turbo"],"picked":"Chill","floor":5},{"not_picked":["Stack","Conserve Battery"],"picked":"Cold Snap","floor":7},{"not_picked":["Go for the Eyes","Cold Snap"],"picked":"Consume","floor":11},{"not_picked":["Multi-Cast","Melter","Scrape"],"picked":"SKIP","floor":13},{"not_picked":["Reboot","Amplify"],"picked":"All For One","floor":16},{"not_picked":["Hello World","Double Energy+1"],"picked":"White Noise+1","floor":18},{"not_picked":["Stack","Conserve Battery","Sweeping Beam"],"picked":"SKIP","floor":20},{"not_picked":["Ball Lightning+1","Stack","Sweeping Beam"],"picked":"SKIP","floor":21},{"not_picked":["BootSequence","Lockon+1"],"picked":"Self Repair+1","floor":22},{"not_picked":["Storm+1","Darkness+1"],"picked":"Loop+1","floor":23},{"not_picked":["Leap","Gash","Scrape"],"picked":"SKIP","floor":25},{"not_picked":["Fusion","Cold Snap","Biased Cognition"],"picked":"SKIP","floor":27},{"not_picked":["All For One","Meteor Strike"],"picked":"Echo Form","floor":33},{"not_picked":["Undo","Redo","Leap+1"],"picked":"SKIP","floor":35},{"not_picked":["Redo","Beam Cell+1","Ball Lightning+1"],"picked":"SKIP","floor":38},{"not_picked":["Stack+1","Cold Snap"],"picked":"Go for the Eyes","floor":40},{"not_picked":["Beam Cell","Rip and Tear"],"picked":"Seek","floor":42},{"not_picked":["Fusion+1","Steam+1","Go for the Eyes"],"picked":"SKIP","floor":45},{"not_picked":["Steam+1","Amplify","Hologram+1"],"picked":"SKIP","floor":48}],"player_experience":332296,"relics_obtained":[{"floor":9,"key":"Matryoshka"},{"floor":13,"key":"Mango"},{"floor":23,"key":"Potion Belt"},{"floor":26,"key":"Centennial Puzzle"},{"floor":26,"key":"Regal Pillow"},{"floor":40,"key":"DataDisk"},{"floor":42,"key":"Bag of Preparation"},{"floor":43,"key":"Pen Nib"},{"floor":43,"key":"Kunai"},{"floor":48,"key":"Bird Faced Urn"}],"event_choices":[{"damage_healed":0,"gold_gain":0,"player_choice":"Got Potions","damage_taken":0,"max_hp_gain":0,"max_hp_loss":0,"event_name":"Lab","floor":12,"gold_loss":0},{"damage_healed":0,"gold_gain":0,"player_choice":"Trade","damage_taken":0,"relics_obtained":["CultistMask"],"max_hp_gain":0,"max_hp_loss":0,"event_name":"FaceTrader","floor":19,"gold_loss":0},{"damage_healed":29,"gold_gain":0,"player_choice":"Heal","damage_taken":0,"max_hp_gain":0,"max_hp_loss":0,"event_name":"The Library","floor":28,"gold_loss":0},{"damage_healed":0,"gold_gain":0,"player_choice":"Ignored","damage_taken":0,"max_hp_gain":0,"max_hp_loss":0,"event_name":"Beggar","floor":31,"gold_loss":0},{"damage_healed":0,"gold_gain":0,"player_choice":"Upgraded","damage_taken":0,"max_hp_gain":0,"max_hp_loss":0,"event_name":"Upgrade Shrine","floor":37,"gold_loss":0,"cards_upgraded":["Echo Form"]}],"is_beta":false,"boss_relics":[{"not_picked":["Eternal Feather","Orrery"],"picked":"Inserter"},{"not_picked":["Nuclear Battery","Empty Cage"],"picked":"Astrolabe"}],"items_purged_floors":[29,36],"is_endless":false,"potions_floor_spawned":[1,4,11,18,21,23,27,33,35,42,45,48],"ascension_level":5}