{"gold_per_floor":[109,119,132,156,48,82,82,100,175,187,187,187,214,228,228,326,326,344,344,370,380,380,380,397,397,397,415,415,427,352,367,367,367],"floor_reached":33,"playtime":919,"items_purged":["Strike_R"],"score":337,"play_id":"e01c6925-9b52-4493-a0ca-d007ada72ad5","local_time":"20190114233643","is_ascension_mode":true,"campfire_choices":[{"data":"Whirlwind","floor":7.0,"key":"SMITH"},{"data":"Rage","floor":12.0,"key":"SMITH"},{"floor":15.0,"key":"REST"},{"floor":23.0,"key":"REST"},{"floor":25.0,"key":"REST"},{"data":"Spot Weakness","floor":28.0,"key":"SMITH"},{"floor":32.0,"key":"REST"}],"neow_cost":"NONE","seed_source_timestamp":49306365269567,"circlet_count":0,"master_deck":["Strike_R","Strike_R","Strike_R+1","Defend_R","Defend_R","Defend_R","Defend_R","Bash","Ghostly Armor","Twin Strike+1","Cleave","Whirlwind+1","Rage+1","Shrug It Off","Inflame","Spot Weakness+1","Headbutt","Feed","Spot Weakness","Offering","Body Slam","Metallicize","Rage+1","Burning Pact+1","Corruption"],"special_seed":0,"relics":["Burning Blood","NeowsBlessing","Dream Catcher","Vajra","Ornamental Fan","Whetstone","Orrery","Ancient Tea Set","Mummified Hand","Molten Egg 2"],"potions_floor_usage":[33,33,33],"damage_taken":[{"damage":0.0,"enemies":"Cultist","floor":1.0,"turns":1.0},{"damage":0.0,"enemies":"Small Slimes","floor":2.0,"turns":1.0},{"damage":0.0,"enemies":"Jaw Worm","floor":3.0,"turns":1.0},{"damage":57.0,"enemies":"Lagavulin","floor":6.0,"turns":8.0},{"damage":1.0,"enemies":"Exordium Wildlife","floor":8.0,"turns":3.0},{"damage":3.0,"enemies":"Blue Slaver","floor":10.0,"turns":3.0},{"damage":16.0,"enemies":"Gremlin Nob","floor":13.0,"turns":3.0},{"damage":2.0,"enemies":"Lots of Slimes","floor":14.0,"turns":2.0},{"damage":38.0,"enemies":"Slime Boss","floor":16.0,"turns":7.0},{"damage":17.0,"enemies":"2 Thieves","floor":18.0,"turns":3.0},{"damage":29.0,"enemies":"Shell Parasite","floor":21.0,"turns":6.0},{"damage":14.0,"enemies":"Snecko","floor":24.0,"turns":3.0},{"damage":11.0,"enemies":"Chosen and Byrds","floor":27.0,"turns":6.0},{"damage":18.0,"enemies":"Cultist and Chosen","floor":29.0,"turns":4.0},{"damage":14.0,"enemies":"Snecko","floor":31.0,"turns":4.0},{"damage":94,"enemies":"Collector","floor":33,"turns":6}],"seed_played":"-6342419167746714411","potions_obtained":[{"floor":1.0,"key":"GamblersBrew"},{"floor":2.0,"key":"Dexterity Potion"},{"floor":14.0,"key":"Explosive Potion"},{"floor":16.0,"key":"Block Potion"},{"floor":21.0,"key":"FearPotion"},{"floor":31.0,"key":"EntropicBrew"}],"is_trial":false,"path_per_floor":["M","M","M","T","$","E","R","M","T","M","?","R","E","M","R","B",null,"M","?","T","M","T","R","M","R","T","M","R","M","?","M","R","B"],"character_chosen":"IRONCLAD","items_purchased":["Whirlwind"],"campfire_rested":4,"item_purchase_floors":[5],"current_hp_per_floor":[78,80,80,80,80,29,29,34,34,37,37,37,27,31,55,23,66,55,55,55,32,32,56,51,75,75,73,73,61,61,56,82,0],"gold":367,"neow_bonus":"THREE_ENEMY_KILL","is_prod":false,"is_daily":false,"chose_seed":false,"campfire_upgraded":3,"win_rate":0,"timestamp":1547476603,"path_taken":["M","M","?","?","$","E","R","M","T","M","?","R","E","M","R","BOSS","M","?","?","M","?","R","M","R","T","?","R","M","?","M","R","BOSS"],"build_version":"2019-01-10","purchased_purges":1,"victory":false,"max_hp_per_floor":[80,80,80,80,80,80,80,80,80,80,80,80,80,80,80,80,80,80,80,80,80,80,80,83,83,83,86,86,86,86,89,89,89],"card_choices":[{"not_picked":["Pummel","Pommel Strike"],"picked":"Ghostly Armor","floor":1.0},{"not_picked":["Heavy Blade","Flame Barrier"],"picked":"Twin Strike","floor":2.0},{"not_picked":["Reckless Charge","Flex"],"picked":"Cleave","floor":3.0},{"not_picked":["Heavy Blade","Warcry","Dropkick"],"picked":"SKIP","floor":6.0},{"not_picked":["Dropkick","Flex"],"picked":"Rage","floor":8.0},{"not_picked":["Clash","Thunderclap"],"picked":"Shrug It Off","floor":10.0},{"not_picked":["Impervious","Uppercut"],"picked":"Inflame","floor":13.0},{"not_picked":["Wild Strike","Thunderclap"],"picked":"Spot Weakness","floor":14.0},{"not_picked":["Thunderclap","Dual Wield"],"picked":"Headbutt","floor":15.0},{"not_picked":["Berserk","Reaper"],"picked":"Feed","floor":16.0},{"not_picked":["Wild Strike","Shrug It Off"],"picked":"Spot Weakness","floor":17.0},{"not_picked":["Battle Trance","Shrug It Off"],"picked":"Offering","floor":17.0},{"not_picked":["Fire Breathing","Carnage"],"picked":"Body Slam","floor":17.0},{"not_picked":["Cleave","Clothesline"],"picked":"Metallicize","floor":17.0},{"not_picked":["Flex","Fire Breathing","Cleave"],"picked":"SKIP","floor":18.0},{"not_picked":["Sword Boomerang","Pummel","Anger"],"picked":"SKIP","floor":21.0},{"not_picked":["Headbutt","Infernal Blade+1"],"picked":"Rage+1","floor":23.0},{"not_picked":["Combust","True Grit","Pommel Strike+1"],"picked":"SKIP","floor":24.0},{"not_picked":["Inflame+1","Thunderclap+1"],"picked":"Burning Pact+1","floor":27.0},{"not_picked":["Sword Boomerang+1","Pummel+1"],"picked":"Corruption","floor":29.0},{"not_picked":["Perfected Strike+1","Reckless Charge+1","Warcry+1"],"picked":"SKIP","floor":31.0}],"player_experience":232306,"relics_obtained":[{"floor":4.0,"key":"Dream Catcher"},{"floor":6.0,"key":"Vajra"},{"floor":9.0,"key":"Ornamental Fan"},{"floor":13.0,"key":"Whetstone"},{"floor":20.0,"key":"Ancient Tea Set"},{"floor":22.0,"key":"Mummified Hand"},{"floor":26.0,"key":"Molten Egg 2"}],"event_choices":[{"damage_healed":0.0,"max_hp_gain":0.0,"max_hp_loss":0.0,"gold_gain":0.0,"event_name":"Scrap Ooze","player_choice":"Fled","floor":11.0,"gold_loss":0.0,"damage_taken":0.0},{"damage_healed":0.0,"max_hp_gain":0.0,"max_hp_loss":0.0,"gold_gain":0.0,"event_name":"Vampires","player_choice":"Ignored","floor":19.0,"gold_loss":0.0,"damage_taken":0.0},{"cards_removed":["Strike_R"],"damage_healed":0.0,"max_hp_gain":0.0,"max_hp_loss":0.0,"gold_gain":0.0,"event_name":"Beggar","player_choice":"Gave Gold","floor":30.0,"gold_loss":75.0,"damage_taken":0.0}],"is_beta":false,"boss_relics":[{"not_picked":["Black Star","Pandora\u0027s Box"],"picked":"Orrery"}],"items_purged_floors":[5],"is_endless":false,"potions_floor_spawned":[1,2,14,16,21,31],"killed_by":"Collector","ascension_level":6}