{"gold_per_floor":[112,67,67,86,101,101,134,134,202,202,215,233,233,253,253,253],"floor_reached":16,"playtime":614,"items_purged":[],"score":133,"play_id":"8c82f301-4594-4b52-8e59-36ee63707694","local_time":"20190208211333","is_ascension_mode":true,"campfire_choices":[{"data":"Shrug It Off","floor":6,"key":"SMITH"},{"data":"Corruption","floor":8,"key":"SMITH"},{"data":"Bash","floor":10,"key":"SMITH"},{"data":"Shockwave","floor":15,"key":"SMITH"}],"neow_cost":"NONE","seed_source_timestamp":8007437208154,"circlet_count":0,"master_deck":["Strike_R","Strike_R","Strike_R","Strike_R","Defend_R","Defend_R","Defend_R","Defend_R","Bash+1","Shrug It Off+1","Corruption+1","Shockwave+1","Shrug It Off"],"relics":["Burning Blood","NeowsBlessing","Art of War","Anchor","The Courier"],"potions_floor_usage":[16,16,16],"damage_taken":[{"damage":0,"enemies":"Cultist","floor":1,"turns":1},{"damage":0,"enemies":"Small Slimes","floor":4,"turns":1},{"damage":0,"enemies":"2 Louse","floor":5,"turns":1},{"damage":44,"enemies":"3 Sentries","floor":7,"turns":12},{"damage":36,"enemies":"Gremlin Gang","floor":11,"turns":7},{"damage":1,"enemies":"Blue Slaver","floor":12,"turns":4},{"damage":0,"enemies":"3 Louse","floor":14,"turns":4},{"damage":23,"enemies":"Slime Boss","floor":16,"turns":9}],"seed_played":"8463630471845240523","potions_obtained":[{"floor":1,"key":"Dexterity Potion"},{"floor":7,"key":"GamblersBrew"},{"floor":11,"key":"Ancient Potion"},{"floor":14,"key":"SteroidPotion"}],"is_trial":false,"path_per_floor":["M","$","?","M","M","R","E","R","T","R","M","M","?","M","R","B"],"character_chosen":"IRONCLAD","items_purchased":["Shrug It Off"],"campfire_rested":0,"item_purchase_floors":[2],"current_hp_per_floor":[78,78,78,80,80,80,42,42,42,42,12,17,17,23,23,0],"gold":253,"neow_bonus":"THREE_ENEMY_KILL","is_prod":false,"is_daily":false,"chose_seed":false,"campfire_upgraded":4,"win_rate":0,"timestamp":1549689213,"path_taken":["M","?","?","M","?","R","E","R","T","R","?","?","?","M","R","BOSS"],"build_version":"2019-01-23","purchased_purges":0,"victory":false,"max_hp_per_floor":[80,80,80,80,80,80,80,80,80,80,80,80,80,80,80,80],"card_choices":[{"not_picked":["Hemokinesis","Perfected Strike","Wild Strike"],"picked":"SKIP","floor":1},{"not_picked":["Iron Wave","Evolve"],"picked":"Corruption","floor":4},{"not_picked":["Twin Strike","Fire Breathing","Flex"],"picked":"SKIP","floor":5},{"not_picked":["Perfected Strike","Havoc"],"picked":"Shockwave","floor":7},{"not_picked":["Intimidate","Havoc"],"picked":"Shrug It Off","floor":11},{"not_picked":["Perfected Strike","Havoc","Burning Pact"],"picked":"SKIP","floor":12},{"not_picked":["Exhume","Pommel Strike","Whirlwind"],"picked":"SKIP","floor":14}],"player_experience":303686,"relics_obtained":[{"floor":7,"key":"Anchor"},{"floor":9,"key":"The Courier"}],"event_choices":[{"damage_healed":0,"gold_gain":0,"player_choice":"Gave Potion","damage_taken":0,"relics_obtained":["Art of War"],"max_hp_gain":0,"max_hp_loss":0,"event_name":"WeMeetAgain","floor":3,"gold_loss":0},{"cards_removed":["Strike_R"],"damage_healed":0,"gold_gain":0,"player_choice":"Purged","damage_taken":0,"max_hp_gain":0,"max_hp_loss":0,"event_name":"Purifier","floor":13,"gold_loss":0}],"is_beta":false,"boss_relics":[],"items_purged_floors":[],"is_endless":false,"potions_floor_spawned":[1,7,11,14],"killed_by":"Slime Boss","ascension_level":6}