{"gold_per_floor":[111,36,36,36,47,82,82,111,111,129,129,4,4,30,30,135,135,146,21,21,33,53,53,86,105,173,98,98,128,128,128,128,231,231,251,264,264,281,281,281],"floor_reached":40,"playtime":1501,"items_purged":["Dualcast","Strike_B","Strike_B"],"score":637,"play_id":"234a077b-7b91-4252-bb96-4591df07804a","local_time":"20190124172024","is_ascension_mode":true,"campfire_choices":[{"data":"Streamline","floor":13,"key":"SMITH"},{"data":"Zap","floor":15,"key":"SMITH"},{"floor":23,"key":"REST"},{"floor":28,"key":"REST"},{"data":"Coolheaded","floor":30,"key":"SMITH"},{"data":"J.A.X.","floor":32,"key":"SMITH"}],"neow_cost":"NONE","seed_source_timestamp":578353231524345,"circlet_count":0,"master_deck":["Defend_B+1","Defend_B","Defend_B","Defend_B+1","Zap+1","Sweeping Beam+1","Streamline+1","Conserve Battery","Gash","Coolheaded+1","Ball Lightning","All For One","Core Surge","Sweeping Beam","Steam+1","Coolheaded+1","Gash+1","Sweeping Beam+1","J.A.X.+1","Core Surge","Conserve Battery","Reinforced Body"],"relics":["Philosopher\u0027s Stone","Sundial","DataDisk","Omamori","Emotion Chip","Nuclear Battery","Centennial Puzzle","Bottled Flame","Smiling Mask","Velvet Choker"],"potions_floor_usage":[8,16,22,25,33,40,40],"damage_taken":[{"damage":0,"enemies":"Jaw Worm","floor":1,"turns":3},{"damage":5,"enemies":"Small Slimes","floor":5,"turns":3},{"damage":19,"enemies":"3 Sentries","floor":6,"turns":5},{"damage":9,"enemies":"Lagavulin","floor":8,"turns":5},{"damage":0,"enemies":"2 Louse","floor":10,"turns":2},{"damage":3,"enemies":"Gremlin Nob","floor":14,"turns":3},{"damage":15,"enemies":"Hexaghost","floor":16,"turns":6},{"damage":0,"enemies":"Chosen","floor":18,"turns":3},{"damage":24,"enemies":"3 Byrds","floor":21,"turns":3},{"damage":7,"enemies":"Centurion and Healer","floor":22,"turns":4},{"damage":24,"enemies":"Book of Stabbing","floor":24,"turns":5},{"damage":1,"enemies":"3 Cultists","floor":25,"turns":3},{"damage":10,"enemies":"Gremlin Leader","floor":29,"turns":4},{"damage":12,"enemies":"Champ","floor":33,"turns":6},{"damage":10,"enemies":"Orb Walker","floor":35,"turns":3},{"damage":11,"enemies":"3 Darklings","floor":36,"turns":3},{"damage":13,"enemies":"4 Shapes","floor":38,"turns":3},{"damage":34,"enemies":"Reptomancer","floor":40,"turns":5}],"seed_played":"7261210766319377889","potions_obtained":[{"floor":6,"key":"SteroidPotion"},{"floor":10,"key":"Poison Potion"},{"floor":14,"key":"Energy Potion"},{"floor":21,"key":"Fire Potion"},{"floor":24,"key":"Explosive Potion"},{"floor":36,"key":"FocusPotion"},{"floor":38,"key":"Explosive Potion"}],"is_trial":false,"path_per_floor":["M","$","?","?","M","E","?","E","T","M","?","$","R","E","R","B",null,"M","$","?","M","M","R","E","M","T","?","R","E","R","?","R","B",null,"M","M","?","M","?","E"],"character_chosen":"DEFECT","items_purchased":["Ball Lightning"],"campfire_rested":2,"item_purchase_floors":[12],"current_hp_per_floor":[68,68,65,65,60,41,26,17,17,17,42,42,42,39,39,24,62,62,62,62,38,31,53,29,28,28,28,50,40,40,40,40,28,63,53,42,47,34,34,0],"gold":281,"neow_bonus":"BOSS_RELIC","is_prod":false,"is_daily":false,"chose_seed":false,"campfire_upgraded":4,"win_rate":0,"timestamp":1548368424,"path_taken":["M","$","?","?","M","E","?","E","T","M","?","?","R","E","R","BOSS","M","$","?","M","?","R","E","M","T","?","R","E","R","?","R","BOSS","M","M","?","?","?","E"],"build_version":"2019-01-23","purchased_purges":3,"victory":false,"max_hp_per_floor":[75,75,75,75,75,75,75,75,75,75,75,75,75,75,75,75,75,75,75,75,75,75,75,75,75,75,75,75,75,75,75,75,75,75,75,75,75,75,75,75],"card_choices":[{"not_picked":["Cold Snap","Compile Driver"],"picked":"Sweeping Beam","floor":1},{"not_picked":["Scrape","Coolheaded"],"picked":"Streamline","floor":5},{"not_picked":["Redo","Heatsinks"],"picked":"Conserve Battery","floor":6},{"not_picked":["Reinforced Body","Reprogram"],"picked":"Gash","floor":8},{"not_picked":["Capacitor","Reinforced Body"],"picked":"Coolheaded","floor":10},{"not_picked":["Streamline","Doom and Gloom"],"picked":"All For One","floor":14},{"not_picked":["Biased Cognition","Rainbow"],"picked":"Core Surge","floor":16},{"not_picked":["Redo","Reprogram"],"picked":"Sweeping Beam","floor":18},{"not_picked":["Gash","Cold Snap+1"],"picked":"Steam+1","floor":21},{"not_picked":["Streamline","Reprogram"],"picked":"Coolheaded+1","floor":22},{"not_picked":["Chaos","Melter+1"],"picked":"Gash+1","floor":24},{"not_picked":["Glacier","Recycle"],"picked":"Sweeping Beam+1","floor":25},{"not_picked":["Ball Lightning","Turbo+1","Force Field+1"],"picked":"SKIP","floor":29},{"not_picked":["Hyperbeam","Biased Cognition"],"picked":"Core Surge","floor":33},{"not_picked":["Compile Driver","Fusion+1"],"picked":"Beam Cell","floor":35},{"not_picked":["Go for the Eyes","Heatsinks"],"picked":"Conserve Battery","floor":36},{"not_picked":["Double Energy+1","Turbo+1"],"picked":"Reinforced Body","floor":38}],"player_experience":422483,"relics_obtained":[{"floor":6,"key":"DataDisk"},{"floor":8,"key":"Omamori"},{"floor":14,"key":"Emotion Chip"},{"floor":24,"key":"Centennial Puzzle"},{"floor":26,"key":"Bottled Flame"},{"floor":29,"key":"Smiling Mask"}],"event_choices":[{"damage_healed":0,"gold_gain":0,"player_choice":"Success","damage_taken":3,"relics_obtained":["Sundial"],"max_hp_gain":0,"max_hp_loss":0,"event_name":"Scrap Ooze","floor":3,"gold_loss":0},{"damage_healed":0,"gold_gain":0,"player_choice":"Grow","damage_taken":0,"max_hp_gain":0,"max_hp_loss":0,"event_name":"Living Wall","floor":4,"gold_loss":0,"cards_upgraded":["Sweeping Beam"]},{"damage_healed":0,"gold_gain":0,"player_choice":"Entered Light","damage_taken":15,"max_hp_gain":0,"max_hp_loss":0,"event_name":"Shining Light","floor":7,"gold_loss":0,"cards_upgraded":["Defend_B","Defend_B"]},{"damage_healed":25,"gold_gain":0,"player_choice":"Banana","damage_taken":0,"max_hp_gain":0,"max_hp_loss":0,"event_name":"Big Fish","floor":11,"gold_loss":0},{"damage_healed":0,"gold_gain":0,"player_choice":"Ignored","damage_taken":0,"max_hp_gain":0,"max_hp_loss":0,"event_name":"N\u0027loth","floor":20,"gold_loss":0},{"cards_removed":["Strike_B"],"damage_healed":0,"gold_gain":0,"player_choice":"Gave Gold","damage_taken":0,"max_hp_gain":0,"max_hp_loss":0,"event_name":"Beggar","floor":27,"gold_loss":75},{"damage_healed":0,"gold_gain":0,"player_choice":"Obtain J.A.X.","damage_taken":0,"max_hp_gain":0,"max_hp_loss":0,"event_name":"Drug Dealer","floor":31,"gold_loss":0,"cards_obtained":["J.A.X."]},{"cards_removed":["Beam Cell"],"damage_healed":5,"gold_gain":0,"player_choice":"Offered Common","damage_taken":0,"max_hp_gain":0,"max_hp_loss":0,"event_name":"Bonfire Elementals","floor":37,"gold_loss":0},{"cards_removed":["Beam Cell"],"damage_healed":5,"gold_gain":0,"player_choice":"Offered Special","damage_taken":0,"max_hp_gain":0,"max_hp_loss":0,"event_name":"Bonfire Elementals","floor":37,"gold_loss":0},{"cards_removed":["Strike_B"],"damage_healed":0,"gold_gain":0,"player_choice":"Removed Attack","damage_taken":0,"max_hp_gain":0,"max_hp_loss":0,"event_name":"Falling","floor":39,"gold_loss":0}],"is_beta":false,"boss_relics":[{"not_picked":["Tiny House","Runic Dome"],"picked":"Nuclear Battery"},{"not_picked":["Coffee Dripper","Pandora\u0027s Box"],"picked":"Velvet Choker"}],"items_purged_floors":[2,12,19],"is_endless":false,"potions_floor_spawned":[6,10,14,21,24,36,38],"killed_by":"Reptomancer","ascension_level":6}