{"gold_per_floor":[115,9,184,7,25,52,71,71,71,101],"floor_reached":10,"playtime":336,"items_purged":["Strike_R"],"score":89,"play_id":"5c7877a6-3573-4d81-8d3b-1ca84a2b3dd1","local_time":"20181218142501","is_ascension_mode":true,"campfire_choices":[{"floor":8,"key":"REST"}],"neow_cost":"CURSE","seed_source_timestamp":2584153706652,"circlet_count":0,"master_deck":["Strike_R","Strike_R","Strike_R","Strike_R","Defend_R","Defend_R","Defend_R","Defend_R","Bash","Normality","Limit Break","Flex","Doubt"],"relics":["Burning Blood","Nunchaku","Turnip"],"potions_floor_usage":[6,6,10],"damage_taken":[{"damage":7,"enemies":"2 Louse","floor":1,"turns":4},{"damage":18,"enemies":"Jaw Worm","floor":5,"turns":4},{"damage":40,"enemies":"3 Sentries","floor":6,"turns":7},{"damage":23,"enemies":"Small Slimes","floor":7,"turns":7},{"damage":32,"enemies":"Lagavulin Event","floor":10,"turns":3}],"seed_played":"-4037168580785841531","potions_obtained":[{"floor":7,"key":"SteroidPotion"}],"is_trial":false,"path_per_floor":["M","$","?","$","M","E","M","R","T","?"],"character_chosen":"IRONCLAD","items_purchased":["Fire Potion","Flex","Explosive Potion","Explosive Potion"],"campfire_rested":1,"item_purchase_floors":[2,2,4,4],"current_hp_per_floor":[71,71,71,71,59,25,8,32,32,0],"gold":101,"neow_bonus":"THREE_RARE_CARDS","is_prod":false,"is_daily":false,"chose_seed":false,"campfire_upgraded":0,"win_rate":0,"timestamp":1545161101,"path_taken":["M","$","?","?","M","E","M","R","T","?"],"build_version":"2018-12-13","purchased_purges":1,"victory":false,"max_hp_per_floor":[80,80,80,80,80,80,80,80,80,80],"card_choices":[{"not_picked":["Bludgeon","Feed"],"picked":"Limit Break","floor":0},{"not_picked":["Pommel Strike","Clothesline","Body Slam"],"picked":"SKIP","floor":1},{"not_picked":["Dark Embrace","Cleave","Iron Wave"],"picked":"SKIP","floor":5},{"not_picked":["Perfected Strike","Combust","Power Through"],"picked":"SKIP","floor":6},{"not_picked":["Havoc","Rupture","Clash"],"picked":"SKIP","floor":7}],"player_experience":284427,"relics_obtained":[{"floor":6,"key":"Nunchaku"},{"floor":9,"key":"Turnip"}],"event_choices":[{"damage_healed":0,"gold_gain":175,"player_choice":"AGREE","damage_taken":0,"max_hp_gain":0,"max_hp_loss":0,"event_name":"Liars Game","floor":3,"gold_loss":0,"cards_obtained":["Doubt"]},{"damage_healed":0,"gold_gain":30,"player_choice":"Searched \u00272\u0027 times","damage_taken":0,"max_hp_gain":0,"max_hp_loss":0,"event_name":"Dead Adventurer","floor":10,"gold_loss":0}],"is_beta":false,"boss_relics":[],"items_purged_floors":[4],"is_endless":false,"potions_floor_spawned":[5,7],"killed_by":"Lagavulin Event","ascension_level":7}