{"gold_per_floor":[114,130,280,300,16,51,51,61,61,61,61,61,81,94,94,94],"floor_reached":16,"playtime":629,"items_purged":["Doubt"],"score":179,"play_id":"14864940-1159-495f-83ad-ba1ac6d5f77d","local_time":"20190125131618","is_ascension_mode":true,"campfire_choices":[{"data":"Deep Breath","floor":7,"key":"SMITH"},{"floor":12,"key":"REST"},{"floor":15,"key":"REST"}],"neow_cost":"PERCENT_DAMAGE","seed_source_timestamp":650999977519701,"circlet_count":0,"master_deck":["AscendersBane","Strike_R","Strike_R","Strike_R","Strike_R","Strike_R","Defend_R","Defend_R","Defend_R","Defend_R","Bash","Forethought","Deep Breath+1","Dropkick","Battle Trance","True Grit","Warcry"],"relics":["Burning Blood","Lee\u0027s Waffle","Shuriken","Sundial","Golden Idol"],"potions_floor_usage":[6,16],"damage_taken":[{"damage":10,"enemies":"2 Louse","floor":1,"turns":4},{"damage":14,"enemies":"Jaw Worm","floor":2,"turns":4},{"damage":25,"enemies":"Small Slimes","floor":4,"turns":5},{"damage":55,"enemies":"3 Sentries","floor":6,"turns":12},{"damage":16,"enemies":"Blue Slaver","floor":8,"turns":3},{"damage":10,"enemies":"Exordium Thugs","floor":13,"turns":5},{"damage":37,"enemies":"Lots of Slimes","floor":14,"turns":6},{"damage":33,"enemies":"The Guardian","floor":16,"turns":5}],"seed_played":"6821951406749300313","potions_obtained":[{"floor":1,"key":"Swift Potion"},{"floor":4,"key":"LiquidBronze"}],"is_trial":false,"path_per_floor":["M","M","?","M","$","E","R","M","T","?","$","R","M","M","R","B"],"character_chosen":"IRONCLAD","items_purchased":["Lee\u0027s Waffle"],"campfire_rested":2,"item_purchase_floors":[5],"current_hp_per_floor":[46,38,38,19,82,33,33,23,23,23,23,45,41,10,32,0],"gold":94,"neow_bonus":"RANDOM_COLORLESS_2","is_prod":false,"is_daily":false,"chose_seed":false,"campfire_upgraded":1,"win_rate":0,"timestamp":1548440178,"path_taken":["M","M","?","M","$","E","R","M","T","?","$","R","M","M","R","BOSS"],"build_version":"2019-01-23","purchased_purges":1,"victory":false,"max_hp_per_floor":[75,75,75,75,82,82,82,82,82,74,74,74,74,74,74,74],"card_choices":[{"not_picked":["Clothesline","Carnage"],"picked":"Dropkick","floor":1},{"not_picked":["Cleave","Heavy Blade","Iron Wave"],"picked":"SKIP","floor":2},{"not_picked":["Body Slam","Armaments","Hemokinesis"],"picked":"SKIP","floor":4},{"not_picked":["Corruption","Flame Barrier"],"picked":"Battle Trance","floor":6},{"not_picked":["Thunderclap","Carnage"],"picked":"True Grit","floor":8},{"not_picked":["Perfected Strike","Ghostly Armor"],"picked":"Warcry","floor":13},{"not_picked":["Headbutt","Perfected Strike","Thunderclap"],"picked":"SKIP","floor":14}],"player_experience":439115,"relics_obtained":[{"floor":6,"key":"Shuriken"},{"floor":9,"key":"Sundial"}],"event_choices":[{"damage_healed":0,"gold_gain":150,"player_choice":"AGREE","damage_taken":0,"max_hp_gain":0,"max_hp_loss":0,"event_name":"Liars Game","floor":3,"gold_loss":0,"cards_obtained":["Doubt"]},{"damage_healed":0,"gold_gain":0,"player_choice":"Lose Max HP","damage_taken":0,"relics_obtained":["Golden Idol"],"max_hp_gain":0,"max_hp_loss":8,"event_name":"Golden Idol","floor":10,"gold_loss":0}],"is_beta":false,"boss_relics":[],"items_purged_floors":[5],"is_endless":false,"potions_floor_spawned":[1,4],"killed_by":"The Guardian","ascension_level":15}