{"gold_per_floor":[116,116,134,145,160,193,193,193],"floor_reached":8,"playtime":457,"items_purged":[],"score":73,"play_id":"a834dbc2-d782-4346-a696-548647ce9bb1","local_time":"20190304111320","is_ascension_mode":true,"campfire_choices":[{"floor":7.0,"key":"REST"}],"neow_cost":"NONE","seed_source_timestamp":517087292684,"circlet_count":0,"master_deck":["Defend_G","Defend_G","Defend_G","Defend_G","Defend_G","Strike_G","Strike_G","Strike_G","Strike_G","Strike_G","Survivor","Neutralize","Deflect","Backflip","Flying Knee","Endless Agony","Poisoned Stab"],"special_seed":0,"relics":["Ring of the Snake","Ancient Tea Set","Anchor"],"potions_floor_usage":[],"damage_taken":[{"damage":8.0,"enemies":"Jaw Worm","floor":1.0,"turns":6.0},{"damage":1.0,"enemies":"Cultist","floor":3.0,"turns":5.0},{"damage":2.0,"enemies":"Small Slimes","floor":4.0,"turns":4.0},{"damage":8.0,"enemies":"2 Fungi Beasts","floor":5.0,"turns":4.0},{"damage":40.0,"enemies":"3 Sentries","floor":6.0,"turns":13.0},{"damage":32,"enemies":"Lagavulin","floor":8,"turns":6}],"seed_played":"1769851955551574521","potions_obtained":[{"floor":4.0,"key":"Weak Potion"}],"is_trial":false,"path_per_floor":["M","?","M","M","M","E","R","E"],"character_chosen":"THE_SILENT","items_purchased":[],"campfire_rested":1,"item_purchase_floors":[],"current_hp_per_floor":[62,62,61,59,51,11,32,0],"gold":193,"neow_bonus":"RANDOM_COMMON_RELIC","is_prod":false,"is_daily":false,"chose_seed":false,"campfire_upgraded":0,"win_rate":0,"timestamp":1551665600,"path_taken":["M","?","?","M","M","E","R","E"],"build_version":"2019-01-23","purchased_purges":0,"victory":false,"max_hp_per_floor":[70,70,70,70,70,70,70,70],"card_choices":[{"not_picked":["Choke","Blade Dance"],"picked":"Deflect","floor":1.0},{"not_picked":["Calculated Gamble","Bane"],"picked":"Backflip","floor":3.0},{"not_picked":["PiercingWail","Cloak And Dagger"],"picked":"Flying Knee","floor":4.0},{"not_picked":["Blade Dance","Flying Knee"],"picked":"Endless Agony","floor":5.0},{"not_picked":["Deflect","Acrobatics"],"picked":"Poisoned Stab","floor":6.0}],"player_experience":371735,"relics_obtained":[{"floor":6.0,"key":"Anchor"}],"event_choices":[{"damage_healed":0.0,"max_hp_gain":0.0,"max_hp_loss":0.0,"gold_gain":0.0,"event_name":"The Woman in Blue","player_choice":"Bought 0 Potions","floor":2.0,"gold_loss":0.0,"damage_taken":0.0}],"is_beta":false,"boss_relics":[],"items_purged_floors":[],"is_endless":false,"potions_floor_spawned":[4],"killed_by":"Lagavulin","ascension_level":5}