{"gold_per_floor":[119,134,148,162,162,187,187,199,199,46,59,59,93,105,117,225,237,265,277,309,321,333,345,373,231,231,242,242,255,255,270,270,369,369,386,486,103,103,119,144,19,29,29,29],"floor_reached":44,"playtime":1661,"items_purged":["Defend_R+1","Strike_R+1","Armaments+1"],"score":594,"play_id":"ce1cab20-bdd8-4406-845f-29aa54d99155","local_time":"20190112145356","is_ascension_mode":true,"campfire_choices":[{"data":"Armaments","floor":7.0,"key":"SMITH"},{"data":"Heavy Blade","floor":12.0,"key":"SMITH"},{"data":"Spot Weakness","floor":15.0,"key":"SMITH"},{"floor":23,"key":"REST"},{"data":"Offering","floor":28,"key":"SMITH"},{"floor":32,"key":"REST"}],"neow_cost":"NONE","seed_source_timestamp":21614455662979,"circlet_count":0,"master_deck":["Strike_R+1","Strike_R+1","Defend_R+1","Defend_R+1","Defend_R+1","Bash","Inflame","Cleave","Spot Weakness+1","Evolve","Shrug It Off","Heavy Blade+1","Feed","Sword Boomerang+1","Dual Wield+1","Shrug It Off","Offering+1","Headbutt+1","Warcry+1","Demon Form"],"special_seed":0,"relics":["Burning Blood","Pantograph","Regal Pillow","PreservedInsect","MawBank","Sozu","Champion Belt","MutagenicStrength","Thread and Needle","Orichalcum","Letter Opener","Ancient Tea Set","Sundial"],"potions_floor_usage":[],"damage_taken":[{"damage":14.0,"enemies":"2 Louse","floor":1.0,"turns":3.0},{"damage":0.0,"enemies":"Small Slimes","floor":2.0,"turns":3.0},{"damage":7.0,"enemies":"Jaw Worm","floor":3.0,"turns":3.0},{"damage":10.0,"enemies":"Exordium Wildlife","floor":4.0,"turns":3.0},{"damage":28.0,"enemies":"Gremlin Nob","floor":6.0,"turns":4.0},{"damage":0.0,"enemies":"Large Slime","floor":8.0,"turns":4.0},{"damage":1.0,"enemies":"2 Fungi Beasts","floor":11.0,"turns":4.0},{"damage":20.0,"enemies":"Lagavulin","floor":13.0,"turns":5.0},{"damage":73.0,"enemies":"Hexaghost","floor":16.0,"turns":11.0},{"damage":0.0,"enemies":"Chosen","floor":18.0,"turns":4.0},{"damage":26.0,"enemies":"Colosseum Slavers","floor":19.0,"turns":3.0},{"damage":10.0,"enemies":"3 Byrds","floor":20.0,"turns":3.0},{"damage":19,"enemies":"Snecko","floor":24,"turns":5},{"damage":19,"enemies":"Chosen and Byrds","floor":27,"turns":6},{"damage":6,"enemies":"Centurion and Healer","floor":29,"turns":3},{"damage":6,"enemies":"Snecko","floor":31,"turns":2},{"damage":74,"enemies":"Automaton","floor":33,"turns":8},{"damage":21,"enemies":"3 Shapes","floor":35,"turns":4},{"damage":18,"enemies":"Mind Bloom Boss Battle","floor":36,"turns":7},{"damage":8,"enemies":"Orb Walker","floor":39,"turns":4},{"damage":37,"enemies":"Reptomancer","floor":40,"turns":5},{"damage":9,"enemies":"4 Shapes","floor":42,"turns":4},{"damage":39,"enemies":"3 Darklings","floor":44,"turns":4}],"seed_played":"8855506174783675161","potions_obtained":[{"floor":2.0,"key":"LiquidBronze"},{"floor":3.0,"key":"SpeedPotion"},{"floor":6.0,"key":"SpeedPotion"}],"is_trial":false,"path_per_floor":["M","M","M","M","?","E","R","M","T","$","M","R","E","?","R","B",null,"M","?","M","?","$","R","M","$","T","M","R","M","?","M","R","B",null,"M","?","$","?","M","E","$","M","T","M"],"character_chosen":"IRONCLAD","items_purchased":["PreservedInsect","Offering","Demon Form","Orichalcum"],"campfire_rested":2,"item_purchase_floors":[10,25,37,37],"current_hp_per_floor":[80,86,85,81,74,52,52,58,58,58,63,63,49,49,49,7,68,77,57,56,56,56,94,81,81,81,68,68,68,68,68,94,26,77,62,75,75,75,73,42,42,39,39,0],"gold":29,"neow_bonus":"TEN_PERCENT_HP_BONUS","is_prod":false,"is_daily":false,"chose_seed":false,"campfire_upgraded":4,"win_rate":0,"timestamp":1547272436,"path_taken":["M","M","M","M","?","E","R","M","T","$","M","R","E","?","R","BOSS","M","?","M","?","?","R","M","$","T","M","R","?","?","M","R","BOSS","M","?","$","?","M","E","$","M","T","?"],"build_version":"2019-01-10","purchased_purges":3,"victory":false,"max_hp_per_floor":[88,88,88,88,88,88,88,88,88,88,88,88,88,88,88,88,88,91,91,94,94,94,94,94,94,94,94,94,94,94,94,94,94,94,94,94,94,94,94,94,94,94,94,94],"card_choices":[{"not_picked":["Flex","Wild Strike"],"picked":"Inflame","floor":1.0},{"not_picked":["True Grit","Perfected Strike"],"picked":"Cleave","floor":2.0},{"not_picked":["Clothesline","Infernal Blade"],"picked":"Armaments","floor":3.0},{"not_picked":["Clothesline","Wild Strike"],"picked":"Spot Weakness","floor":4.0},{"not_picked":["Iron Wave","Fiend Fire"],"picked":"Evolve","floor":6.0},{"not_picked":["Sword Boomerang","Clothesline"],"picked":"Shrug It Off","floor":8.0},{"not_picked":["Disarm","Bloodletting"],"picked":"Heavy Blade","floor":11.0},{"not_picked":["Clash","Body Slam","Carnage"],"picked":"SKIP","floor":13.0},{"not_picked":["Fiend Fire","Berserk"],"picked":"Feed","floor":16.0},{"not_picked":["Seeing Red","Pommel Strike"],"picked":"Sword Boomerang+1","floor":18.0},{"not_picked":["Infernal Blade","Dropkick"],"picked":"Dual Wield+1","floor":20.0},{"not_picked":["Wild Strike","Bloodletting+1"],"picked":"Shrug It Off","floor":24},{"not_picked":["Cleave","Heavy Blade"],"picked":"Headbutt+1","floor":27},{"not_picked":["Wild Strike+1","Bloodletting+1","Second Wind"],"picked":"SKIP","floor":29},{"not_picked":["Pommel Strike","Bloodletting","Iron Wave+1"],"picked":"SKIP","floor":31},{"not_picked":["Disarm","Armaments"],"picked":"Warcry+1","floor":35},{"not_picked":["Hemokinesis+1","Anger+1","Pommel Strike+1"],"picked":"SKIP","floor":39},{"not_picked":["Rupture","Twin Strike+1","Reckless Charge+1"],"picked":"SKIP","floor":40},{"not_picked":["Twin Strike","Bloodletting","Iron Wave+1"],"picked":"SKIP","floor":42}],"player_experience":213504,"relics_obtained":[{"floor":6.0,"key":"Pantograph"},{"floor":9.0,"key":"Regal Pillow"},{"floor":13.0,"key":"MawBank"},{"floor":26,"key":"Champion Belt"},{"floor":36,"key":"Thread and Needle"},{"floor":38,"key":"Letter Opener"},{"floor":40,"key":"Ancient Tea Set"},{"floor":43,"key":"Sundial"}],"event_choices":[{"cards_removed":["Strike_R"],"damage_healed":0.0,"max_hp_gain":0.0,"max_hp_loss":0.0,"gold_gain":0.0,"event_name":"Golden Wing","player_choice":"Card Removal","floor":5.0,"gold_loss":0.0,"damage_taken":7.0},{"cards_removed":["Strike_R"],"damage_healed":0.0,"max_hp_gain":0.0,"max_hp_loss":0.0,"gold_gain":0.0,"event_name":"Living Wall","player_choice":"Forget","floor":14.0,"gold_loss":0.0,"damage_taken":0.0},{"damage_healed":0.0,"max_hp_gain":0.0,"max_hp_loss":0.0,"gold_gain":0.0,"event_name":"Colosseum","player_choice":"Fight","floor":19.0,"gold_loss":0.0,"damage_taken":0.0},{"damage_healed":0.0,"max_hp_gain":0.0,"max_hp_loss":0.0,"gold_gain":0.0,"event_name":"Colosseum","player_choice":"Fled From Nobs","floor":19.0,"gold_loss":0.0,"damage_taken":0.0},{"damage_healed":0,"gold_gain":0,"player_choice":"Simplicity","damage_taken":0,"max_hp_gain":0,"max_hp_loss":0,"event_name":"Back to Basics","floor":21,"gold_loss":0,"cards_upgraded":["Strike_R","Strike_R","Strike_R","Defend_R","Defend_R","Defend_R","Defend_R"]},{"damage_healed":0,"gold_gain":0,"player_choice":"Inject Mutagens","damage_taken":0,"relics_obtained":["MutagenicStrength"],"max_hp_gain":0,"max_hp_loss":0,"event_name":"Drug Dealer","floor":30,"gold_loss":0},{"damage_healed":0,"gold_gain":0,"player_choice":"Fight","damage_taken":0,"max_hp_gain":0,"max_hp_loss":0,"event_name":"MindBloom","floor":36,"gold_loss":0},{"damage_healed":0,"gold_gain":0,"player_choice":"Relic","damage_taken":0,"max_hp_gain":0,"max_hp_loss":0,"event_name":"Wheel of Change","floor":38,"gold_loss":0}],"is_beta":false,"boss_relics":[{"not_picked":["Runic Cube","Eternal Feather"],"picked":"Sozu"},{"not_picked":["White Beast Statue","Pandora\u0027s Box","Snecko Eye"]}],"items_purged_floors":[25,37,41],"is_endless":false,"potions_floor_spawned":[2,3,6,8,13,18,19,31,33,35,40],"killed_by":"3 Darklings","ascension_level":5}