{"gold_per_floor":[14,14,30,43,64,95,45,45,45,68,89,109,109,124,124,217,217,217],"floor_reached":18,"playtime":716,"items_purged":[],"score":274,"play_id":"81ecd95a-68da-49a0-a6be-206b101001a1","local_time":"20190124092709","is_ascension_mode":true,"campfire_choices":[{"data":"Heavy Blade","floor":8,"key":"SMITH"},{"data":"Metallicize","floor":13,"key":"SMITH"},{"floor":15,"key":"REST"}],"neow_cost":"NO_GOLD","seed_source_timestamp":550771673254789,"circlet_count":0,"master_deck":["AscendersBane","Bash","Ghostly Armor","Injury","Heavy Blade+1","Burning Pact","Reaper","Impervious","Metallicize+1","Reaper","Whirlwind","Battle Trance","Berserk","Juggernaut","Rupture","Entrench","Power Through","Dropkick"],"relics":["Burning Blood","Du-Vu Doll","Golden Idol","Singing Bowl","Pandora\u0027s Box"],"potions_floor_usage":[16],"damage_taken":[{"damage":1,"enemies":"Cultist","floor":1,"turns":3},{"damage":7,"enemies":"Jaw Worm","floor":3,"turns":3},{"damage":6,"enemies":"2 Louse","floor":4,"turns":2},{"damage":7,"enemies":"Looter","floor":5,"turns":3},{"damage":36,"enemies":"Gremlin Nob","floor":6,"turns":5},{"damage":20,"enemies":"Gremlin Gang","floor":10,"turns":5},{"damage":37,"enemies":"Lots of Slimes","floor":11,"turns":7},{"damage":20,"enemies":"Large Slime","floor":12,"turns":5},{"damage":12,"enemies":"Blue Slaver","floor":14,"turns":6},{"damage":54,"enemies":"The Guardian","floor":16,"turns":12},{"damage":39,"enemies":"3 Byrds","floor":18,"turns":3}],"seed_played":"7879057771254511748","potions_obtained":[{"floor":1,"key":"Fire Potion"},{"floor":6,"key":"Swift Potion"},{"floor":14,"key":"FearPotion"},{"floor":16,"key":"EssenceOfSteel"}],"is_trial":false,"path_per_floor":["M","?","M","M","M","E","?","R","T","M","M","M","R","M","R","B",null,"M"],"character_chosen":"IRONCLAD","items_purchased":[],"campfire_rested":1,"item_purchase_floors":[],"current_hp_per_floor":[77,77,76,76,75,54,54,54,54,58,47,47,47,43,68,26,71,47],"gold":217,"neow_bonus":"ONE_RARE_RELIC","is_prod":false,"is_daily":false,"chose_seed":false,"campfire_upgraded":2,"win_rate":0,"timestamp":1548340029,"path_taken":["M","?","M","M","M","E","?","R","T","M","M","M","R","M","R","BOSS","M"],"build_version":"2019-01-23","purchased_purges":0,"victory":false,"max_hp_per_floor":[80,80,80,80,80,80,80,80,80,82,82,84,84,86,86,86,86,86],"card_choices":[{"not_picked":["Shockwave","Battle Trance"],"picked":"Ghostly Armor","floor":1},{"not_picked":["Iron Wave","Pommel Strike"],"picked":"Heavy Blade","floor":3},{"not_picked":["Pommel Strike","Headbutt"],"picked":"Burning Pact","floor":4},{"not_picked":["Cleave","Fire Breathing"],"picked":"Reaper","floor":5},{"not_picked":["Intimidate","Reckless Charge"],"picked":"Impervious","floor":6},{"not_picked":["Twin Strike","Armaments","Disarm"],"picked":"Singing Bowl","floor":10},{"not_picked":["Perfected Strike","Feel No Pain"],"picked":"Metallicize","floor":11},{"not_picked":["Infernal Blade","Headbutt","Flex"],"picked":"Singing Bowl","floor":12},{"not_picked":["Heavy Blade","Headbutt","Feel No Pain"],"picked":"Singing Bowl","floor":14},{"not_picked":["Exhume","Impervious"],"picked":"Reaper","floor":16}],"player_experience":403489,"relics_obtained":[{"floor":6,"key":"Singing Bowl"}],"event_choices":[{"damage_healed":0,"gold_gain":0,"player_choice":"Take Wound","damage_taken":0,"relics_obtained":["Golden Idol"],"max_hp_gain":0,"max_hp_loss":0,"event_name":"Golden Idol","floor":2,"gold_loss":0,"cards_obtained":["Injury"]},{"cards_removed":["Strike_R"],"damage_healed":0,"gold_gain":0,"player_choice":"Card Removal","damage_taken":0,"max_hp_gain":0,"max_hp_loss":0,"event_name":"The Cleric","floor":7,"gold_loss":50}],"is_beta":false,"boss_relics":[{"not_picked":["Black Blood","White Beast Statue"],"picked":"Pandora\u0027s Box"}],"items_purged_floors":[],"is_endless":false,"potions_floor_spawned":[1,6,12,14,16],"killed_by":"3 Byrds","ascension_level":13}