{"gold_per_floor":[114,131,149,160,10,10,27,55,55,55,55,71,82,100,100,205,205,219,232,51,66,86,86,86],"floor_reached":24,"playtime":1197,"items_purged":["Spot Weakness"],"score":229,"play_id":"b2b2c447-41b2-4ae2-b56b-fa970c3b4e75","local_time":"20190101183056","is_ascension_mode":false,"campfire_choices":[{"data":"Flex","floor":10,"key":"SMITH"},{"floor":15,"key":"REST"},{"data":"Rage","floor":23,"key":"SMITH"}],"neow_cost":"NONE","seed_source_timestamp":26627770317257,"circlet_count":0,"master_deck":["Strike_R","Strike_R","Strike_R","Strike_R","Strike_R","Defend_R","Defend_R","Defend_R","Defend_R","Bash+1","Searing Blow","Anger","Infernal Blade","Carnage","Entrench","Carnage","Flex+1","Bludgeon","Bash","Cleave","Cleave","Impervious","Demon Form","Heavy Blade+1","Rage+1","Intimidate","Rage","Double Tap"],"relics":["Burning Blood","Mango","Letter Opener","Velvet Choker"],"potions_floor_usage":[16,16,16,22,24],"damage_taken":[{"damage":6,"enemies":"Cultist","floor":1,"turns":3},{"damage":13,"enemies":"2 Louse","floor":2,"turns":2},{"damage":5,"enemies":"Small Slimes","floor":3,"turns":3},{"damage":12,"enemies":"Red Slaver","floor":4,"turns":5},{"damage":13,"enemies":"2 Fungi Beasts","floor":7,"turns":3},{"damage":31,"enemies":"Lagavulin","floor":8,"turns":4},{"damage":15,"enemies":"Looter","floor":12,"turns":3},{"damage":33,"enemies":"3 Louse","floor":13,"turns":3},{"damage":3,"enemies":"Large Slime","floor":14,"turns":3},{"damage":47,"enemies":"Hexaghost","floor":16,"turns":9},{"damage":15,"enemies":"3 Byrds","floor":18,"turns":5},{"damage":20,"enemies":"2 Thieves","floor":19,"turns":3},{"damage":40,"enemies":"Centurion and Healer","floor":21,"turns":6},{"damage":15,"enemies":"Snake Plant","floor":22,"turns":4},{"damage":65,"enemies":"Slavers","floor":24,"turns":3}],"seed_played":"-5376979995275485772","potions_obtained":[{"floor":1,"key":"Explosive Potion"},{"floor":7,"key":"Block Potion"},{"floor":8,"key":"Energy Potion"},{"floor":16,"key":"Regen Potion"},{"floor":18,"key":"PowerPotion"},{"floor":21,"key":"Regen Potion"}],"is_trial":false,"path_per_floor":["M","M","M","M","$","?","M","E","T","R","?","M","M","M","R","B",null,"M","M","$","M","M","R","E"],"character_chosen":"IRONCLAD","items_purchased":["Entrench","Carnage","Rage","Intimidate"],"campfire_rested":1,"item_purchase_floors":[5,5,20,20],"current_hp_per_floor":[80,73,74,68,68,73,66,55,55,55,55,46,19,22,51,10,99,90,76,76,42,45,45,0],"gold":86,"neow_bonus":"UPGRADE_CARD","is_prod":false,"is_daily":false,"chose_seed":false,"campfire_upgraded":2,"win_rate":0.0,"timestamp":1546335056,"path_taken":["M","M","M","M","$","?","M","E","T","R","?","M","M","M","R","BOSS","M","M","$","M","M","R","E"],"build_version":"2018-12-20","purchased_purges":1,"victory":false,"max_hp_per_floor":[80,80,80,80,80,85,85,99,99,99,99,99,99,99,99,99,99,99,99,99,99,99,99,99],"card_choices":[{"not_picked":["Burning Pact","Iron Wave"],"picked":"Searing Blow","floor":1},{"not_picked":["Headbutt","True Grit"],"picked":"Anger","floor":2},{"not_picked":["Body Slam","Shrug It Off"],"picked":"Infernal Blade","floor":3},{"not_picked":["Clash","Dark Embrace"],"picked":"Carnage","floor":4},{"not_picked":["Twin Strike","Dual Wield"],"picked":"Flex","floor":7},{"not_picked":["True Grit","Fire Breathing"],"picked":"Spot Weakness","floor":8},{"not_picked":["Shrug It Off","Pommel Strike"],"picked":"Cleave","floor":12},{"not_picked":["Flex","Shrug It Off"],"picked":"Cleave","floor":13},{"not_picked":["Armaments","Body Slam"],"picked":"Impervious","floor":14},{"not_picked":["Juggernaut","Double Tap"],"picked":"Demon Form","floor":16},{"not_picked":["Cleave","Sever Soul"],"picked":"Heavy Blade+1","floor":18},{"not_picked":["Perfected Strike","Spot Weakness","Warcry"],"picked":"SKIP","floor":19},{"not_picked":["Cleave+1","Twin Strike"],"picked":"Rage","floor":21},{"not_picked":["Headbutt","Shrug It Off"],"picked":"Double Tap","floor":22}],"player_experience":7833,"relics_obtained":[{"floor":8,"key":"Mango"},{"floor":9,"key":"Letter Opener"}],"event_choices":[{"damage_healed":0,"gold_gain":0,"player_choice":"Donut","damage_taken":0,"max_hp_gain":5,"max_hp_loss":0,"event_name":"Big Fish","floor":6,"gold_loss":0},{"damage_healed":0,"gold_gain":0,"player_choice":"2 cards matched","damage_taken":0,"max_hp_gain":0,"max_hp_loss":0,"event_name":"Match and Keep!","floor":11,"gold_loss":0,"cards_obtained":["Bludgeon","Bash"]},{"damage_healed":0,"gold_gain":0,"player_choice":"2 cards matched","damage_taken":0,"max_hp_gain":0,"max_hp_loss":0,"event_name":"Match and Keep!","floor":11,"gold_loss":0,"cards_obtained":["Bludgeon","Bash"]}],"is_beta":false,"boss_relics":[{"not_picked":["Calling Bell","Runic Dome"],"picked":"Velvet Choker"}],"items_purged_floors":[20],"is_endless":false,"potions_floor_spawned":[1,7,8,13,16,18,21],"killed_by":"Slavers","ascension_level":0}