{"gold_per_floor":[360,360,375,390,26,26,52,68,116,130,130],"floor_reached":11,"playtime":533,"items_purged":["Strike_R"],"score":150,"play_id":"b08b9af6-8a51-4257-8b6c-949803472245","local_time":"20190202231132","is_ascension_mode":true,"campfire_choices":[{"data":"Uppercut","floor":6,"key":"SMITH"}],"neow_cost":"CURSE","seed_source_timestamp":1378088909576105,"circlet_count":0,"master_deck":["AscendersBane","Strike_R","Strike_R","Strike_R","Strike_R","Defend_R","Defend_R","Defend_R","Defend_R","Bash","Havoc","Cleave","Clothesline","Uppercut+1","Limit Break","Iron Wave"],"relics":["Burning Blood","Sling","Blue Candle","Bag of Marbles"],"potions_floor_usage":[7,8,11],"damage_taken":[{"damage":34,"enemies":"Jaw Worm","floor":1,"turns":7},{"damage":12,"enemies":"Cultist","floor":3,"turns":4},{"damage":0,"enemies":"Small Slimes","floor":4,"turns":4},{"damage":6,"enemies":"Gremlin Nob","floor":7,"turns":3},{"damage":13,"enemies":"Blue Slaver","floor":8,"turns":4},{"damage":8,"enemies":"3 Louse","floor":10,"turns":2},{"damage":13,"enemies":"Lots of Slimes","floor":11,"turns":2}],"seed_played":"-5071701921611393554","potions_obtained":[{"floor":1,"key":"GamblersBrew"},{"floor":4,"key":"EntropicBrew"}],"is_trial":false,"path_per_floor":["M","?","M","M","$","R","E","M","T","M","M"],"character_chosen":"IRONCLAD","items_purchased":["Sling","Uppercut"],"campfire_rested":0,"item_purchase_floors":[5,5],"current_hp_per_floor":[40,40,34,40,40,40,40,33,33,31,18],"gold":130,"neow_bonus":"TWO_FIFTY_GOLD","is_prod":false,"is_daily":false,"chose_seed":false,"campfire_upgraded":1,"win_rate":0,"timestamp":1549167092,"path_taken":["M","?","?","M","$","R","E","M","T","M","M"],"build_version":"2019-01-23","purchased_purges":1,"victory":false,"max_hp_per_floor":[75,75,75,75,75,75,75,75,75,75,75],"card_choices":[{"not_picked":["Flex","Clash"],"picked":"Havoc","floor":1},{"not_picked":["Sentinel","Thunderclap"],"picked":"Cleave","floor":3},{"not_picked":["Entrench","Reckless Charge"],"picked":"Clothesline","floor":4},{"not_picked":["Entrench","Thunderclap"],"picked":"Limit Break","floor":7},{"not_picked":["Fire Breathing","Clothesline"],"picked":"Iron Wave","floor":8},{"not_picked":["Wild Strike","Heavy Blade","Body Slam"],"picked":"SKIP","floor":10}],"player_experience":642346,"relics_obtained":[{"floor":7,"key":"Blue Candle"},{"floor":9,"key":"Bag of Marbles"}],"event_choices":[{"cards_removed":["Regret"],"damage_healed":0,"gold_gain":0,"player_choice":"Removed Curses","damage_taken":0,"max_hp_gain":0,"max_hp_loss":0,"event_name":"Fountain of Cleansing","floor":2,"gold_loss":0}],"is_beta":false,"boss_relics":[],"items_purged_floors":[5],"is_endless":false,"potions_floor_spawned":[1,4],"killed_by":"Lots of Slimes","ascension_level":20}