{"gold_per_floor":[115,115,115,132,132,157,157,157,210,228,228,77,77,77,77,179,229,241,241,255,269,282,282,298,324,324,324,324,324,339,32,32,134,134,150,160,382,69,69,69,22,22,22,38,71,36,36,0,0,0],"floor_reached":51,"playtime":1186,"items_purged":[],"score":719,"play_id":"2d327b66-a0ec-4b13-97e8-ab6a4a004de6","local_time":"20190227105624","is_ascension_mode":false,"campfire_choices":[{"data":"Darkness","floor":7,"key":"SMITH"},{"data":"Dualcast","floor":11,"key":"SMITH"},{"data":"Capacitor","floor":13,"key":"SMITH"},{"data":"Conserve Battery","floor":15,"key":"SMITH"},{"data":"Loop","floor":23,"key":"SMITH"},{"floor":29,"key":"REST"},{"data":"Fission","floor":32,"key":"SMITH"},{"data":"Doom and Gloom","floor":40,"key":"SMITH"},{"data":"Beam Cell","floor":42,"key":"SMITH"},{"data":"Echo Form","floor":47,"key":"SMITH"},{"data":"FTL","floor":49,"key":"SMITH"}],"neow_cost":"NONE","seed_source_timestamp":54749870499094,"circlet_count":0,"master_deck":["Strike_B+1","Strike_B+1","Strike_B+1","Defend_B+1","Defend_B+1","Defend_B+1","Defend_B+1","Zap+1","Dualcast+1","Darkness+1","Ball Lightning","Conserve Battery+1","Capacitor+1","Rainbow+1","Loop+1","Doom and Gloom+1","FTL+1","Coolheaded+1","Coolheaded+1","Darkness+1","Fission+1","Echo Form+1","Auto Shields+1","Darkness+1","Beam Cell+1","Reinforced Body+1","FTL+1","Doom and Gloom"],"relics":["Cracked Core","War Paint","Lantern","Vajra","DataDisk","Tiny House","Red Mask","PreservedInsect","Enchiridion","Kunai","Happy Flower","Inserter","Ice Cream","Blue Candle","Nunchaku"],"potions_floor_usage":[6,20,24,25,33,33,45],"damage_taken":[{"damage":1,"enemies":"2 Louse","floor":1,"turns":3},{"damage":0,"enemies":"Small Slimes","floor":4,"turns":3},{"damage":25,"enemies":"Lagavulin","floor":6,"turns":6},{"damage":0,"enemies":"Cultist","floor":10,"turns":3},{"damage":11,"enemies":"Hexaghost","floor":16,"turns":6},{"damage":0,"enemies":"Chosen","floor":18,"turns":5},{"damage":10,"enemies":"2 Thieves","floor":20,"turns":3},{"damage":0,"enemies":"Sentry and Sphere","floor":21,"turns":3},{"damage":11,"enemies":"Snake Plant","floor":22,"turns":3},{"damage":30,"enemies":"3 Cultists","floor":24,"turns":5},{"damage":12,"enemies":"Masked Bandits","floor":25,"turns":4},{"damage":3,"enemies":"Shelled Parasite and Fungi","floor":30,"turns":4},{"damage":26,"enemies":"Champ","floor":33,"turns":10},{"damage":0,"enemies":"3 Shapes","floor":35,"turns":4},{"damage":0,"enemies":"Orb Walker","floor":36,"turns":3},{"damage":12,"enemies":"3 Darklings","floor":44,"turns":4},{"damage":0,"enemies":"Nemesis","floor":45,"turns":5},{"damage":44,"enemies":"Donu and Deca","floor":50,"turns":8}],"seed_played":"7708660334163789400","potions_obtained":[{"floor":4,"key":"SkillPotion"},{"floor":16,"key":"Regen Potion"},{"floor":17,"key":"FairyPotion"},{"floor":18,"key":"SkillPotion"},{"floor":21,"key":"Ancient Potion"},{"floor":24,"key":"SpeedPotion"},{"floor":36,"key":"Ancient Potion"},{"floor":44,"key":"GamblersBrew"}],"is_trial":false,"path_per_floor":["M","?","?","M","?","E","R","$","T","M","R","$","R","?","R","B",null,"M","?","M","M","M","R","M","?","T","?","?","R","M","$","R","B",null,"M","M","?","$","?","R","$","R","T","M","E","$","R","$","R","B",null],"character_chosen":"DEFECT","items_purchased":["DataDisk","Regen Potion","Happy Flower","Regen Potion","Ice Cream","Beam Cell","FTL","Doom and Gloom"],"campfire_rested":1,"item_purchase_floors":[12,31,31,31,38,41,46,48],"current_hp_per_floor":[74,79,79,79,79,54,54,54,54,54,54,54,54,38,38,27,85,85,85,75,75,64,64,46,34,34,18,18,43,40,40,40,66,85,85,85,85,85,85,85,85,85,85,73,73,73,73,73,73,29],"gold":0,"neow_bonus":"RANDOM_COMMON_RELIC","is_prod":false,"is_daily":false,"chose_seed":false,"campfire_upgraded":10,"win_rate":0,"timestamp":1551286584,"path_taken":["M","?","?","?","?","E","R","?","T","M","R","$","R","?","R","BOSS","M","?","M","M","M","R","M","?","T","?","?","R","M","$","R","BOSS","M","?","?","$","?","R","?","R","T","M","E","$","R","?","R","BOSS"],"build_version":"2019-01-23","purchased_purges":0,"victory":true,"max_hp_per_floor":[75,80,80,80,80,80,80,80,80,80,80,80,80,80,80,80,85,85,85,85,85,85,85,85,85,85,85,85,85,85,85,85,85,85,85,85,85,85,85,85,85,85,85,85,85,85,85,85,85,85],"card_choices":[{"not_picked":["Stack","Steam"],"picked":"Darkness","floor":1},{"not_picked":["Stack","Steam"],"picked":"Ball Lightning","floor":4},{"not_picked":["Redo","Streamline"],"picked":"Conserve Battery","floor":6},{"not_picked":["Redo","Static Discharge"],"picked":"Capacitor","floor":10},{"not_picked":["Meteor Strike","Fission"],"picked":"Rainbow","floor":16},{"not_picked":["Sweeping Beam","Barrage"],"picked":"Loop","floor":17},{"not_picked":["Blizzard+1","Streamline"],"picked":"Doom and Gloom","floor":18},{"not_picked":["Undo","Streamline"],"picked":"FTL+1","floor":20},{"not_picked":["Stack+1","Steam"],"picked":"Coolheaded+1","floor":21},{"not_picked":["Loop","Rebound"],"picked":"Coolheaded+1","floor":22},{"not_picked":["Sunder+1","Doom and Gloom"],"picked":"Darkness+1","floor":24},{"not_picked":["Reinforced Body","Scrape"],"picked":"Fission","floor":25},{"not_picked":["Reprogram","Sweeping Beam","Turbo"],"picked":"SKIP","floor":30},{"not_picked":["Seek","Hyperbeam"],"picked":"Echo Form","floor":33},{"not_picked":["Undo","Rebound+1"],"picked":"Auto Shields+1","floor":35},{"not_picked":["Rebound+1","Redo"],"picked":"Darkness+1","floor":36},{"not_picked":["Go for the Eyes","Redo+1"],"picked":"Reinforced Body+1","floor":44},{"not_picked":["Sweeping Beam","Gash+1","FTL"],"picked":"SKIP","floor":45}],"player_experience":942164,"relics_obtained":[{"floor":6,"key":"Lantern"},{"floor":9,"key":"Vajra"},{"floor":25,"key":"Red Mask"},{"floor":26,"key":"PreservedInsect"},{"floor":27,"key":"Enchiridion"},{"floor":43,"key":"Blue Candle"},{"floor":45,"key":"Nunchaku"}],"event_choices":[{"damage_healed":0,"gold_gain":0,"player_choice":"Donut","damage_taken":0,"max_hp_gain":5,"max_hp_loss":0,"event_name":"Big Fish","floor":2,"gold_loss":0},{"damage_healed":0,"gold_gain":0,"player_choice":"Upgraded","damage_taken":0,"max_hp_gain":0,"max_hp_loss":0,"event_name":"Upgrade Shrine","floor":3,"gold_loss":0,"cards_upgraded":["Zap"]},{"damage_healed":0,"gold_gain":0,"player_choice":"Bought 0 Potions","damage_taken":0,"max_hp_gain":0,"max_hp_loss":0,"event_name":"The Woman in Blue","floor":5,"gold_loss":0},{"damage_healed":0,"gold_gain":0,"player_choice":"Entered Light","damage_taken":16,"max_hp_gain":0,"max_hp_loss":0,"event_name":"Shining Light","floor":14,"gold_loss":0,"cards_upgraded":["Strike_B","Strike_B"]},{"damage_healed":0,"gold_gain":0,"player_choice":"Simplicity","damage_taken":0,"max_hp_gain":0,"max_hp_loss":0,"event_name":"Back to Basics","floor":19,"gold_loss":0,"cards_upgraded":["Strike_B","Strike_B","Defend_B","Defend_B"]},{"damage_healed":0,"gold_gain":0,"player_choice":"Fought Bandits","damage_taken":0,"max_hp_gain":0,"max_hp_loss":0,"event_name":"Masked Bandits","floor":25,"gold_loss":0},{"damage_healed":0,"gold_gain":0,"player_choice":"Obtained Book","damage_taken":16,"max_hp_gain":0,"max_hp_loss":0,"event_name":"Cursed Tome","floor":27,"gold_loss":0},{"damage_healed":0,"gold_gain":0,"player_choice":"Gave Potion","damage_taken":0,"relics_obtained":["Kunai"],"max_hp_gain":0,"max_hp_loss":0,"event_name":"WeMeetAgain","floor":28,"gold_loss":0},{"damage_healed":0,"gold_gain":222,"player_choice":"Wore Mask","damage_taken":0,"max_hp_gain":0,"max_hp_loss":0,"event_name":"Tomb of Lord Red Mask","floor":37,"gold_loss":0},{"cards_removed":["Strike_B"],"damage_healed":0,"gold_gain":0,"player_choice":"Removed Attack","damage_taken":0,"max_hp_gain":0,"max_hp_loss":0,"event_name":"Falling","floor":39,"gold_loss":0}],"is_beta":false,"boss_relics":[{"not_picked":["White Beast Statue","Calling Bell"],"picked":"Tiny House"},{"not_picked":["Black Star","FrozenCore"],"picked":"Inserter"}],"items_purged_floors":[],"is_endless":false,"potions_floor_spawned":[4,16,18,21,24,36,44],"ascension_level":0}