{"gold_per_floor":[119,119,119,119,69,69,104,116,155,167,203,5,24,24,24,145,145,166,166,190,115,130,130,150,163,163,163,216,39,39,39,39,137,137,150,25,39,39],"floor_reached":38,"playtime":2363,"items_purged":["Injury","Strike_G","Strike_G"],"score":519,"play_id":"71f1962a-0f51-4470-9233-8548fb77dcd9","local_time":"20190126155155","is_ascension_mode":true,"campfire_choices":[{"data":"Neutralize","floor":6,"key":"SMITH"},{"data":"Noxious Fumes","floor":8,"key":"SMITH"},{"data":"Backflip","floor":15,"key":"SMITH"},{"data":"Envenom","floor":23,"key":"SMITH"},{"data":"Backflip","floor":27,"key":"SMITH"},{"data":"Backflip","floor":30,"key":"SMITH"},{"data":"Noxious Fumes","floor":32,"key":"SMITH"}],"neow_cost":"NONE","seed_source_timestamp":2600317294906,"circlet_count":0,"master_deck":["Defend_G","Defend_G","Defend_G+1","Defend_G","Defend_G","Strike_G+1","Strike_G","Strike_G","Survivor","Neutralize+1","Crippling Poison","Noxious Fumes+1","Dagger Throw","Noxious Fumes+1","Backflip+1","Poisoned Stab","Envenom+1","Backflip+1","Backflip+1","Cloak And Dagger","Well Laid Plans","Die Die Die","Backflip"],"relics":["Ring of the Snake","NeowsBlessing","Bloody Idol","Centennial Puzzle","Vajra","MawBank","Happy Flower","Eternal Feather","Calipers","Dodecahedron","Dream Catcher","Velvet Choker"],"potions_floor_usage":[25],"damage_taken":[{"damage":0,"enemies":"Small Slimes","floor":1,"turns":1},{"damage":0,"enemies":"3 Sentries","floor":7,"turns":1},{"damage":0,"enemies":"Jaw Worm","floor":11,"turns":1},{"damage":0,"enemies":"2 Louse","floor":13,"turns":2},{"damage":19,"enemies":"The Guardian","floor":16,"turns":9},{"damage":14,"enemies":"3 Byrds","floor":18,"turns":4},{"damage":9,"enemies":"Shell Parasite","floor":20,"turns":7},{"damage":4,"enemies":"Centurion and Healer","floor":22,"turns":6},{"damage":20,"enemies":"Shelled Parasite and Fungi","floor":24,"turns":9},{"damage":9,"enemies":"Snake Plant","floor":25,"turns":5},{"damage":46,"enemies":"Automaton","floor":33,"turns":10},{"damage":1,"enemies":"3 Shapes","floor":35,"turns":5},{"damage":37,"enemies":"3 Darklings","floor":37,"turns":5},{"damage":51,"enemies":"Transient","floor":38,"turns":4}],"seed_played":"459700578467909039","potions_obtained":[{"floor":1,"key":"Weak Potion"},{"floor":11,"key":"Swift Potion"},{"floor":16,"key":"SneckoOil"},{"floor":18,"key":"FearPotion"},{"floor":37,"key":"Fire Potion"}],"is_trial":false,"path_per_floor":["M","?","?","?","?","R","E","R","T","?","M","$","M","$","R","B",null,"M","?","M","?","M","R","M","M","T","R","T","$","R","?","R","B",null,"M","$","M","M"],"character_chosen":"THE_SILENT","items_purchased":["Noxious Fumes","Backflip","Well Laid Plans"],"campfire_rested":0,"item_purchase_floors":[12,12,29],"current_hp_per_floor":[70,70,67,67,67,67,67,67,67,53,53,53,53,53,53,34,61,47,47,38,38,34,46,26,17,17,29,29,29,41,41,53,12,56,60,60,28,0],"gold":39,"neow_bonus":"THREE_ENEMY_KILL","is_prod":false,"is_daily":false,"chose_seed":false,"campfire_upgraded":7,"win_rate":0,"timestamp":1548546715,"path_taken":["M","?","?","?","?","R","E","R","T","?","M","?","?","?","R","BOSS","M","?","M","?","M","R","M","M","T","R","?","?","R","?","R","BOSS","M","$","M","M"],"build_version":"2019-01-23","purchased_purges":3,"victory":false,"max_hp_per_floor":[70,70,70,70,70,70,70,70,70,70,70,70,70,70,70,70,70,70,70,70,70,70,70,70,70,70,70,70,70,70,70,70,70,70,70,70,70,70],"card_choices":[{"not_picked":["Finisher","Endless Agony"],"picked":"Crippling Poison","floor":1},{"not_picked":["Caltrops","Dagger Throw"],"picked":"Noxious Fumes","floor":7},{"not_picked":["Eviscerate","Choke"],"picked":"Dagger Throw","floor":11},{"not_picked":["Dagger Spray","Underhanded Strike"],"picked":"Poisoned Stab","floor":13},{"not_picked":["Storm of Steel","Die Die Die"],"picked":"Envenom","floor":16},{"not_picked":["Dodge and Roll+1","Underhanded Strike"],"picked":"Backflip","floor":18},{"not_picked":["Prepared","Skewer","Predator"],"picked":"SKIP","floor":20},{"not_picked":["Flying Knee","PiercingWail"],"picked":"Backflip","floor":22},{"not_picked":["Blade Dance","Prepared+1"],"picked":"Cloak And Dagger","floor":24},{"not_picked":["Outmaneuver","Skewer","Quick Slash"],"picked":"SKIP","floor":25},{"not_picked":["Phantasmal Killer","Envenom"],"picked":"Die Die Die","floor":33},{"not_picked":["Underhanded Strike+1","Deadly Poison","Deflect+1"],"picked":"SKIP","floor":35},{"not_picked":["Finisher+1","Outmaneuver"],"picked":"Backflip","floor":37}],"player_experience":233898,"relics_obtained":[{"floor":7,"key":"MawBank"},{"floor":9,"key":"Happy Flower"},{"floor":26,"key":"Dodecahedron"},{"floor":28,"key":"Dream Catcher"}],"event_choices":[{"damage_healed":0,"gold_gain":0,"player_choice":"Take Wound","damage_taken":0,"relics_obtained":["Golden Idol"],"max_hp_gain":0,"max_hp_loss":0,"event_name":"Golden Idol","floor":2,"gold_loss":0,"cards_obtained":["Injury"]},{"damage_healed":0,"gold_gain":0,"player_choice":"Success","damage_taken":3,"relics_obtained":["Centennial Puzzle"],"max_hp_gain":0,"max_hp_loss":0,"event_name":"Scrap Ooze","floor":3,"gold_loss":0},{"damage_healed":0,"gold_gain":0,"player_choice":"Box","damage_taken":0,"relics_obtained":["Vajra"],"max_hp_gain":0,"max_hp_loss":0,"event_name":"Big Fish","floor":4,"gold_loss":0,"cards_obtained":["Regret"]},{"cards_removed":["Regret"],"damage_healed":0,"gold_gain":0,"player_choice":"Card Removal","damage_taken":0,"max_hp_gain":0,"max_hp_loss":0,"event_name":"The Cleric","floor":5,"gold_loss":50},{"damage_healed":0,"gold_gain":0,"player_choice":"Entered Light","damage_taken":14,"max_hp_gain":0,"max_hp_loss":0,"event_name":"Shining Light","floor":10,"gold_loss":0,"cards_upgraded":["Strike_G","Defend_G"]},{"damage_healed":0,"gold_gain":0,"player_choice":"Stole Relic","damage_taken":0,"relics_obtained":["Calipers"],"max_hp_gain":0,"max_hp_loss":0,"event_name":"Addict","floor":19,"gold_loss":0,"cards_obtained":["Shame"]},{"cards_removed":["Shame"],"damage_healed":0,"gold_gain":0,"player_choice":"Gave Gold","damage_taken":0,"max_hp_gain":0,"max_hp_loss":0,"event_name":"Beggar","floor":21,"gold_loss":75},{"damage_healed":0,"gold_gain":0,"player_choice":"Gave Idol","damage_taken":0,"relics_obtained":["Bloody Idol"],"max_hp_gain":0,"max_hp_loss":0,"event_name":"Forgotten Altar","floor":31,"relics_lost":["Golden Idol"],"gold_loss":0}],"is_beta":false,"boss_relics":[{"not_picked":["Coffee Dripper","Runic Dome"],"picked":"Eternal Feather"},{"not_picked":["Philosopher\u0027s Stone","WristBlade"],"picked":"Velvet Choker"}],"items_purged_floors":[12,29,36],"is_endless":false,"potions_floor_spawned":[1,11,16,18,24,37],"killed_by":"Transient","ascension_level":5}