{"gold_per_floor":[117,131,142,155,167,197,197,216,269,302,313,332,332,332,332,437,437,452,467,467,484,503,503,521,521,545,570,582,612,624,636,648,660],"floor_reached":33,"playtime":1351,"items_purged":[],"score":396,"play_id":"5b5cf718-e593-474c-ac51-ad5111f8c04a","local_time":"20190118223603","is_ascension_mode":true,"campfire_choices":[{"floor":7.0,"key":"REST"},{"floor":13.0,"key":"REST"},{"floor":15.0,"key":"REST"},{"floor":23,"key":"REST"},{"floor":25,"key":"REST"},{"data":"Second Wind","floor":28,"key":"SMITH"},{"floor":30,"key":"REST"},{"data":"Heavy Blade","floor":32,"key":"SMITH"}],"neow_cost":"NONE","seed_source_timestamp":26982870589485,"circlet_count":0,"master_deck":["Strike_R","Strike_R+1","Strike_R","Defend_R","Defend_R","Defend_R","Defend_R","Bash+1","Inflame","Pummel","Body Slam","Double Tap+1","Uppercut","Cleave","Power Through","Second Wind+1","Spot Weakness","Feed","Bloodletting","Impervious","Whirlwind","Rupture+1","Bloodletting+1","Inflame","Flex+1","Spot Weakness","Heavy Blade+1","Flame Barrier","Decay"],"special_seed":0,"relics":["Burning Blood","Matryoshka","Whetstone","Dream Catcher","Pear","Mark of Pain","Bag of Preparation","MawBank"],"potions_floor_usage":[21,22,22,29,33],"damage_taken":[{"damage":9.0,"enemies":"Cultist","floor":1.0,"turns":5.0},{"damage":2.0,"enemies":"Small Slimes","floor":2.0,"turns":4.0},{"damage":8.0,"enemies":"Jaw Worm","floor":3.0,"turns":4.0},{"damage":11.0,"enemies":"Looter","floor":4.0,"turns":5.0},{"damage":19.0,"enemies":"3 Louse","floor":5.0,"turns":6.0},{"damage":28.0,"enemies":"Lagavulin","floor":6.0,"turns":5.0},{"damage":32.0,"enemies":"Lots of Slimes","floor":8.0,"turns":4.0},{"damage":28.0,"enemies":"Gremlin Nob","floor":10.0,"turns":4.0},{"damage":9.0,"enemies":"Looter","floor":11.0,"turns":3.0},{"damage":9.0,"enemies":"Blue Slaver","floor":12.0,"turns":3.0},{"damage":53.0,"enemies":"Hexaghost","floor":16.0,"turns":9.0},{"damage":16.0,"enemies":"Shell Parasite","floor":18.0,"turns":4.0},{"damage":20.0,"enemies":"Spheric Guardian","floor":19.0,"turns":4.0},{"damage":39,"enemies":"Centurion and Healer","floor":21,"turns":5},{"damage":16,"enemies":"3 Cultists","floor":22,"turns":3},{"damage":37,"enemies":"Snake Plant","floor":24,"turns":4},{"damage":0,"enemies":"Sentry and Sphere","floor":27,"turns":2},{"damage":25,"enemies":"Shelled Parasite and Fungi","floor":29,"turns":5},{"damage":61,"enemies":"Collector","floor":33,"turns":7}],"seed_played":"-6414622552374194922","potions_obtained":[{"floor":1.0,"key":"Block Potion"},{"floor":4.0,"key":"SteroidPotion"},{"floor":6.0,"key":"GamblersBrew"},{"floor":8.0,"key":"AttackPotion"},{"floor":11.0,"key":"GamblersBrew"},{"floor":16.0,"key":"BloodPotion"},{"floor":19.0,"key":"GamblersBrew"},{"floor":21,"key":"LiquidBronze"},{"floor":24,"key":"Swift Potion"},{"floor":29,"key":"Ancient Potion"}],"is_trial":false,"path_per_floor":["M","M","M","M","M","E","R","M","T","E","M","M","R","?","R","B",null,"M","M","?","M","M","R","M","R","T","M","R","M","R","?","R","B"],"character_chosen":"IRONCLAD","items_purchased":[],"campfire_rested":6,"item_purchase_floors":[],"current_hp_per_floor":[69,73,71,66,53,31,55,29,29,17,14,11,38,38,65,21,75,74,60,60,30,20,48,17,45,45,51,51,32,60,60,60,0],"gold":660,"neow_bonus":"REMOVE_CARD","is_prod":false,"is_daily":false,"chose_seed":false,"campfire_upgraded":2,"win_rate":0,"timestamp":1547818563,"path_taken":["M","M","M","M","M","E","R","M","T","E","M","M","R","?","R","BOSS","M","M","?","M","M","R","M","R","T","M","R","?","R","?","R","BOSS"],"build_version":"2019-01-17v2","purchased_purges":0,"victory":false,"max_hp_per_floor":[80,80,80,80,80,80,80,80,80,90,90,90,90,90,90,93,93,93,93,93,96,96,96,96,96,96,96,96,96,96,96,96,96],"card_choices":[{"not_picked":["Twin Strike","Heavy Blade"],"picked":"Inflame","floor":1.0},{"not_picked":["Thunderclap","Headbutt"],"picked":"Pummel","floor":2.0},{"not_picked":["Pommel Strike","Headbutt"],"picked":"Body Slam","floor":3.0},{"not_picked":["Body Slam","Warcry","Carnage"],"picked":"SKIP","floor":4.0},{"not_picked":["Reckless Charge","Battle Trance"],"picked":"Double Tap","floor":5.0},{"not_picked":["Sentinel","True Grit"],"picked":"Uppercut","floor":6.0},{"not_picked":["Clash","Body Slam"],"picked":"Cleave","floor":8.0},{"not_picked":["Clash","Shrug It Off"],"picked":"Power Through","floor":10.0},{"not_picked":["Sentinel","Sword Boomerang"],"picked":"Second Wind","floor":11.0},{"not_picked":["Rampage","Rage"],"picked":"Spot Weakness","floor":12.0},{"not_picked":["Body Slam","Cleave"],"picked":"Bloodletting","floor":15.0},{"not_picked":["Dark Embrace","Offering"],"picked":"Impervious","floor":16.0},{"not_picked":["Clothesline","Rage"],"picked":"Whirlwind","floor":18.0},{"not_picked":["Iron Wave+1","Clothesline"],"picked":"Rupture+1","floor":19.0},{"not_picked":["Perfected Strike","Combust"],"picked":"Bloodletting+1","floor":21},{"not_picked":["Clash","Blood for Blood","Iron Wave"],"picked":"SKIP","floor":22},{"not_picked":["Clothesline+1","Havoc"],"picked":"Inflame","floor":23},{"not_picked":["Cleave","Rampage+1"],"picked":"Flex+1","floor":24},{"not_picked":["Brutality","Pommel Strike+1"],"picked":"Spot Weakness","floor":25},{"not_picked":["Anger+1","Twin Strike+1","Fire Breathing"],"picked":"SKIP","floor":27},{"not_picked":["Havoc","Feed"],"picked":"Heavy Blade","floor":29},{"not_picked":["Rampage","Headbutt"],"picked":"Flame Barrier","floor":30}],"player_experience":246800,"relics_obtained":[{"floor":6.0,"key":"Matryoshka"},{"floor":9.0,"key":"Whetstone"},{"floor":9.0,"key":"Dream Catcher"},{"floor":10.0,"key":"Pear"},{"floor":26,"key":"Bag of Preparation"},{"floor":26,"key":"MawBank"}],"event_choices":[{"damage_healed":0.0,"max_hp_gain":0.0,"max_hp_loss":0.0,"gold_gain":0.0,"cards_transformed":["Strike_R"],"event_name":"Transmorgrifier","player_choice":"Transformed","floor":14.0,"gold_loss":0.0,"damage_taken":0.0,"cards_obtained":["Feed"]},{"damage_healed":0.0,"max_hp_gain":0.0,"max_hp_loss":0.0,"gold_gain":0.0,"event_name":"Upgrade Shrine","player_choice":"Upgraded","floor":20.0,"gold_loss":0.0,"damage_taken":0.0,"cards_upgraded":["Double Tap"]},{"damage_healed":0,"gold_gain":0,"player_choice":"Smashed Altar","damage_taken":0,"max_hp_gain":0,"max_hp_loss":0,"event_name":"Forgotten Altar","floor":31,"gold_loss":0,"cards_obtained":["Decay"]}],"is_beta":false,"boss_relics":[{"not_picked":["Busted Crown","Astrolabe"],"picked":"Mark of Pain"}],"items_purged_floors":[],"is_endless":false,"potions_floor_spawned":[1,4,6,8,11,16,19,21,24,29],"killed_by":"Collector","ascension_level":8}