{"gold_per_floor":[115,125,145,70,82,82,117,117,117,146,157,157],"floor_reached":12,"playtime":334,"items_purged":["Strike_R"],"score":117,"play_id":"e6d87d44-b2f2-487d-bfd6-9e40d6452aac","local_time":"20190114231940","is_ascension_mode":true,"campfire_choices":[{"data":"Searing Blow","floor":6.0,"key":"SMITH"},{"floor":8.0,"key":"REST"}],"neow_cost":"NONE","seed_source_timestamp":48946753692676,"circlet_count":0,"master_deck":["Strike_R","Strike_R","Strike_R","Strike_R","Defend_R","Defend_R","Defend_R","Defend_R","Bash","Panacea","Searing Blow+1","Second Wind","Rage","Intimidate","Entrench"],"special_seed":0,"relics":["Burning Blood","PreservedInsect","Bag of Preparation","Pantograph"],"potions_floor_usage":[],"damage_taken":[{"damage":11.0,"enemies":"Small Slimes","floor":1.0,"turns":4.0},{"damage":11.0,"enemies":"Cultist","floor":2.0,"turns":4.0},{"damage":18.0,"enemies":"Jaw Worm","floor":3.0,"turns":4.0},{"damage":11.0,"enemies":"3 Louse","floor":5.0,"turns":4.0},{"damage":28.0,"enemies":"Gremlin Nob","floor":7.0,"turns":5.0},{"damage":32.0,"enemies":"Lagavulin","floor":10.0,"turns":6.0},{"damage":19.0,"enemies":"Lots of Slimes","floor":11.0,"turns":6.0},{"damage":16,"enemies":"Gremlin Nob","floor":12,"turns":2}],"seed_played":"7977999183875000788","potions_obtained":[{"floor":2.0,"key":"Block Potion"},{"floor":5.0,"key":"PowerPotion"}],"is_trial":false,"path_per_floor":["M","M","M","$","M","R","E","R","T","E","M","E"],"character_chosen":"IRONCLAD","items_purchased":[],"campfire_rested":1,"item_purchase_floors":[],"current_hp_per_floor":[67,62,50,50,45,45,23,47,47,21,8,0],"gold":157,"neow_bonus":"RANDOM_COLORLESS","is_prod":false,"is_daily":false,"chose_seed":false,"campfire_upgraded":1,"win_rate":0,"timestamp":1547475580,"path_taken":["M","M","M","$","M","R","E","R","T","E","M","E"],"build_version":"2019-01-10","purchased_purges":1,"victory":false,"max_hp_per_floor":[80,80,80,80,80,80,80,80,80,80,80,80],"card_choices":[{"not_picked":["Sword Boomerang","Pommel Strike"],"picked":"Searing Blow","floor":1.0},{"not_picked":["Anger","Uppercut"],"picked":"Second Wind","floor":2.0},{"not_picked":["Fire Breathing","Rupture","Heavy Blade"],"picked":"SKIP","floor":3.0},{"not_picked":["Sword Boomerang","Pummel"],"picked":"Rage","floor":5.0},{"not_picked":["Evolve","Thunderclap"],"picked":"Intimidate","floor":7.0},{"not_picked":["Armaments","True Grit"],"picked":"Entrench","floor":10.0},{"not_picked":["Havoc","Intimidate","Sword Boomerang"],"picked":"SKIP","floor":11.0}],"player_experience":231972,"relics_obtained":[{"floor":7.0,"key":"PreservedInsect"},{"floor":9.0,"key":"Bag of Preparation"},{"floor":10.0,"key":"Pantograph"}],"event_choices":[],"is_beta":false,"boss_relics":[],"items_purged_floors":[4],"is_endless":false,"potions_floor_spawned":[2,5],"killed_by":"Gremlin Nob","ascension_level":6}