{"gold_per_floor":[141,27,57,57,93,174,213,288,334,74,74,134,239,296,296,602,602,632,86,131,179,31,106,106,61,61,121,121,166,4,49,49,355,355,397,442,28,70,70,70,223,248,248,248,284,335,422,0,0,0],"floor_reached":50,"playtime":2792,"items_purged":["Strike_R","Strike_B","Strike_G"],"score":564,"play_id":"6963325d-2fde-4ebf-ac8f-3874f96b8832","local_time":"20190130222334","daily_mods":["Chimera","Diverse","Midas","Binary"],"is_ascension_mode":false,"campfire_choices":[{"floor":11,"key":"REST"},{"floor":15,"key":"REST"},{"floor":24,"key":"REST"},{"floor":28,"key":"REST"},{"floor":32,"key":"REST"},{"floor":40,"key":"REST"},{"floor":44,"key":"REST"},{"floor":49,"key":"REST"}],"neow_cost":"","seed_source_timestamp":0,"circlet_count":0,"master_deck":["Bash","Survivor","Zap","Defend_R","Defend_G","Defend_B","Rampage","Shrug It Off","Carnage","Flash of Steel","Metallicize","Infinite Blades","PiercingWail","Backflip","Biased Cognition","Dark Shackles","Deflect"],"relics":["FrozenCore","Busted Crown","Orichalcum","Ornamental Fan","MawBank","Ancient Tea Set","White Beast Statue","Oddly Smooth Stone","ClockworkSouvenir","Vajra","Omamori","Meat on the Bone","PreservedInsect","Girya","Bag of Preparation","Dodecahedron","Dream Catcher","Red Mask"],"potions_floor_usage":[6,8,21,23,33,33,36,41,41,46,47,47,50],"damage_taken":[{"damage":0,"enemies":"Small Slimes","floor":1,"turns":2},{"damage":0,"enemies":"Cultist","floor":3,"turns":3},{"damage":0,"enemies":"2 Louse","floor":5,"turns":3},{"damage":5,"enemies":"Lagavulin","floor":6,"turns":6},{"damage":4,"enemies":"Exordium Wildlife","floor":7,"turns":4},{"damage":8,"enemies":"Gremlin Nob","floor":8,"turns":4},{"damage":0,"enemies":"Looter","floor":12,"turns":2},{"damage":2,"enemies":"3 Sentries","floor":13,"turns":6},{"damage":0,"enemies":"Red Slaver","floor":14,"turns":2},{"damage":41,"enemies":"Hexaghost","floor":16,"turns":8},{"damage":8,"enemies":"2 Thieves","floor":18,"turns":4},{"damage":1,"enemies":"3 Byrds","floor":20,"turns":5},{"damage":10,"enemies":"Snake Plant","floor":21,"turns":6},{"damage":24,"enemies":"Slavers","floor":23,"turns":5},{"damage":0,"enemies":"Centurion and Healer","floor":27,"turns":5},{"damage":0,"enemies":"Shelled Parasite and Fungi","floor":29,"turns":5},{"damage":0,"enemies":"Snake Plant","floor":31,"turns":4},{"damage":17,"enemies":"Champ","floor":33,"turns":10},{"damage":4,"enemies":"3 Darklings","floor":35,"turns":6},{"damage":0,"enemies":"3 Shapes","floor":36,"turns":8},{"damage":32,"enemies":"Sphere and 2 Shapes","floor":38,"turns":7},{"damage":15,"enemies":"2 Orb Walkers","floor":41,"turns":6},{"damage":0,"enemies":"Transient","floor":45,"turns":5},{"damage":15,"enemies":"Maw","floor":46,"turns":9},{"damage":24,"enemies":"Reptomancer","floor":47,"turns":7},{"damage":79,"enemies":"Donu and Deca","floor":50,"turns":15}],"seed_played":"5069609648181195520","potions_obtained":[{"floor":1,"key":"Block Potion"},{"floor":3,"key":"Regen Potion"},{"floor":4,"key":"FocusPotion"},{"floor":14,"key":"Weak Potion"},{"floor":16,"key":"GamblersBrew"},{"floor":18,"key":"Swift Potion"},{"floor":21,"key":"Strength Potion"},{"floor":23,"key":"Poison Potion"},{"floor":27,"key":"SkillPotion"},{"floor":31,"key":"Ancient Potion"},{"floor":33,"key":"FocusPotion"},{"floor":35,"key":"Strength Potion"},{"floor":36,"key":"Weak Potion"},{"floor":41,"key":"Fire Potion"},{"floor":45,"key":"Block Potion"},{"floor":46,"key":"Poison Potion"},{"floor":47,"key":"Energy Potion"}],"is_trial":true,"path_per_floor":["M","$","M","?","M","E","M","E","T","$","R","M","E","M","R","B",null,"M","$","M","M","$","E","R","$","T","M","R","M","$","M","R","B",null,"M","M","$","M","$","R","?","T","T","R","M","M","E","?","R","B"],"character_chosen":"DEFECT","items_purchased":["Rampage","Shrug It Off","Carnage","Flash of Steel","Metallicize","Infinite Blades","Oddly Smooth Stone","ClockworkSouvenir","PiercingWail","Vajra","Backflip","Biased Cognition","Dark Shackles","PreservedInsect","Deflect"],"campfire_rested":8,"item_purchase_floors":[2,2,10,10,10,19,19,19,19,22,25,30,37,37,37],"current_hp_per_floor":[75,75,75,75,75,70,66,58,58,58,75,75,73,73,75,34,75,67,67,66,66,66,42,64,64,64,64,75,75,75,75,75,58,75,71,71,71,39,39,61,46,46,46,68,68,53,41,41,63,0],"gold":0,"neow_bonus":"","is_prod":false,"is_daily":false,"chose_seed":false,"campfire_upgraded":0,"win_rate":0,"timestamp":1548905014,"path_taken":["M","$","M","?","?","E","M","E","T","$","R","M","E","M","R","BOSS","M","$","M","M","$","E","R","?","T","?","R","M","$","M","R","BOSS","M","M","$","M","$","R","?","?","T","R","M","M","E","?","R","BOSS"],"build_version":"2019-01-23","purchased_purges":3,"victory":false,"max_hp_per_floor":[75,75,75,75,75,75,75,75,75,75,75,75,75,75,75,75,75,75,75,75,75,75,75,75,75,75,75,75,75,75,75,75,75,75,75,75,75,75,75,75,75,75,75,75,75,75,75,75,75,75],"card_choices":[],"player_experience":589067,"relics_obtained":[{"floor":6,"key":"Orichalcum"},{"floor":8,"key":"Ornamental Fan"},{"floor":9,"key":"MawBank"},{"floor":13,"key":"Ancient Tea Set"},{"floor":23,"key":"Omamori"},{"floor":26,"key":"Meat on the Bone"},{"floor":41,"key":"Girya"},{"floor":42,"key":"Bag of Preparation"},{"floor":43,"key":"Dodecahedron"},{"floor":47,"key":"Dream Catcher"}],"event_choices":[{"damage_healed":0,"gold_gain":0,"player_choice":"Got Potions","damage_taken":0,"max_hp_gain":0,"max_hp_loss":0,"event_name":"Lab","floor":4,"gold_loss":0},{"damage_healed":0,"gold_gain":0,"player_choice":"Fight","damage_taken":0,"max_hp_gain":0,"max_hp_loss":0,"event_name":"Mysterious Sphere","floor":41,"gold_loss":0},{"damage_healed":0,"gold_gain":0,"player_choice":"Paid","damage_taken":0,"relics_obtained":["Red Mask"],"max_hp_gain":0,"max_hp_loss":0,"event_name":"Tomb of Lord Red Mask","floor":48,"gold_loss":422}],"is_beta":false,"boss_relics":[{"not_picked":["Inserter","Philosopher\u0027s Stone"],"picked":"White Beast Statue"},{"not_picked":["Orrery","Snecko Eye"],"picked":"FrozenCore"}],"items_purged_floors":[10,19,37],"is_endless":false,"potions_floor_spawned":[1,3,14,16,18,20,21,23,27,29,31,33,35,36,38,41,45,46,47],"killed_by":"Donu and Deca","ascension_level":0}