{"gold_per_floor":[114,124,144,156,173,173,198,33,59,85,85,174,174,207,207,304,304,315,119,138,138,154,154,174,174],"floor_reached":25,"playtime":1166,"items_purged":["Strike_R"],"score":245,"play_id":"6fc78385-5dbf-4392-a441-59a3f24e8800","local_time":"20190107205333","is_ascension_mode":true,"campfire_choices":[{"data":"Uppercut","floor":6,"key":"SMITH"},{"data":"Armaments","floor":13,"key":"SMITH"},{"data":"Inflame","floor":15,"key":"SMITH"},{"data":"Demon Form","floor":23,"key":"SMITH"}],"neow_cost":"NONE","seed_source_timestamp":37632113883831,"circlet_count":0,"master_deck":["Strike_R","Strike_R","Strike_R","Strike_R","Defend_R","Defend_R","Defend_R","Defend_R","Bash+1","Uppercut+1","Intimidate","Heavy Blade","Twin Strike","Inflame+1","Armaments+1","Rampage","Seeing Red","Juggernaut","Demon Form+1","Metallicize"],"relics":["Burning Blood","Pear","Centennial Puzzle","Tiny Chest","Pantograph","Runic Pyramid"],"potions_floor_usage":[7,10,14,14,16,25],"damage_taken":[{"damage":8,"enemies":"Jaw Worm","floor":1,"turns":4},{"damage":6,"enemies":"2 Louse","floor":2,"turns":3},{"damage":1,"enemies":"Cultist","floor":3,"turns":3},{"damage":2,"enemies":"3 Louse","floor":4,"turns":4},{"damage":11,"enemies":"Red Slaver","floor":5,"turns":4},{"damage":14,"enemies":"Gremlin Nob","floor":7,"turns":3},{"damage":31,"enemies":"Lagavulin","floor":10,"turns":5},{"damage":20,"enemies":"Lagavulin Event","floor":12,"turns":4},{"damage":10,"enemies":"3 Sentries","floor":14,"turns":7},{"damage":43,"enemies":"Hexaghost","floor":16,"turns":8},{"damage":35,"enemies":"3 Byrds","floor":18,"turns":6},{"damage":5,"enemies":"Chosen","floor":20,"turns":4},{"damage":30,"enemies":"Centurion and Healer","floor":22,"turns":7},{"damage":10,"enemies":"Snecko","floor":24,"turns":5},{"damage":34,"enemies":"Shelled Parasite and Fungi","floor":25,"turns":6}],"seed_played":"-5495773980879361711","potions_obtained":[{"floor":1,"key":"Dexterity Potion"},{"floor":2,"key":"Fire Potion"},{"floor":3,"key":"BloodPotion"},{"floor":7,"key":"PowerPotion"},{"floor":14,"key":"Swift Potion"},{"floor":16,"key":"EssenceOfSteel"},{"floor":20,"key":"Swift Potion"}],"is_trial":false,"path_per_floor":["M","M","M","M","M","R","E","$","T","E","?","?","R","E","R","B",null,"M","$","M","?","M","R","M","M"],"character_chosen":"IRONCLAD","items_purchased":["Inflame","Armaments","Rampage","Metallicize","Strength Potion"],"campfire_rested":0,"item_purchase_floors":[8,8,8,19,19],"current_hp_per_floor":[78,78,80,80,75,75,77,77,77,61,61,47,47,43,43,31,90,61,61,62,62,38,38,34,0],"gold":174,"neow_bonus":"UPGRADE_CARD","is_prod":false,"is_daily":false,"chose_seed":false,"campfire_upgraded":4,"win_rate":0,"timestamp":1546862013,"path_taken":["M","M","M","M","M","R","E","$","T","E","?","?","R","E","R","BOSS","M","$","M","?","M","R","M","?"],"build_version":"2019-01-03v4","purchased_purges":1,"victory":false,"max_hp_per_floor":[80,80,80,80,80,80,90,90,90,90,90,90,90,90,90,90,90,90,90,90,90,90,90,90,90],"card_choices":[{"not_picked":["Corruption","Clothesline"],"picked":"Uppercut","floor":1},{"not_picked":["Havoc","Clash"],"picked":"Intimidate","floor":2},{"not_picked":["Wild Strike","Thunderclap"],"picked":"Heavy Blade","floor":3},{"not_picked":["Sword Boomerang","Havoc","Heavy Blade"],"picked":"SKIP","floor":4},{"not_picked":["Body Slam","Brutality"],"picked":"Twin Strike","floor":5},{"not_picked":["Carnage","Warcry","Infernal Blade"],"picked":"SKIP","floor":7},{"not_picked":["Carnage","Clash"],"picked":"Seeing Red","floor":10},{"not_picked":["Havoc","Body Slam"],"picked":"Juggernaut","floor":14},{"not_picked":["Bludgeon","Berserk"],"picked":"Demon Form","floor":16},{"not_picked":["Wild Strike+1","Headbutt","Thunderclap"],"picked":"SKIP","floor":18},{"not_picked":["Fire Breathing","Reckless Charge","Havoc+1"],"picked":"SKIP","floor":20},{"not_picked":["Warcry","Blood for Blood+1","Power Through"],"picked":"SKIP","floor":22},{"not_picked":["Heavy Blade","Wild Strike","Corruption"],"picked":"SKIP","floor":24}],"player_experience":156462,"relics_obtained":[{"floor":7,"key":"Pear"},{"floor":10,"key":"Centennial Puzzle"},{"floor":12,"key":"Tiny Chest"},{"floor":14,"key":"Pantograph"}],"event_choices":[{"damage_healed":0,"gold_gain":0,"player_choice":"Ignored","damage_taken":0,"max_hp_gain":0,"max_hp_loss":0,"event_name":"Shining Light","floor":11,"gold_loss":0},{"damage_healed":0,"gold_gain":0,"player_choice":"Searched \u00272\u0027 times","damage_taken":0,"max_hp_gain":0,"max_hp_loss":0,"event_name":"Dead Adventurer","floor":12,"gold_loss":0},{"damage_healed":0,"gold_gain":0,"player_choice":"Ignored","damage_taken":0,"max_hp_gain":0,"max_hp_loss":0,"event_name":"N\u0027loth","floor":21,"gold_loss":0}],"is_beta":false,"boss_relics":[{"not_picked":["Orrery","Ectoplasm"],"picked":"Runic Pyramid"}],"items_purged_floors":[19],"is_endless":false,"potions_floor_spawned":[1,2,3,7,14,16,20],"killed_by":"Shelled Parasite and Fungi","ascension_level":2}