{"gold_per_floor":[119,131,79,354,372,404,404,75,75,75,75,37,37,54,54,128,128,143,1,1,16,28,28,63,63,86,86,86,105,124,142,142,219,219,233,233,243,243,254,254,254,254,278,296,313,313,332,364,364,364],"floor_reached":50,"playtime":3196,"items_purged":["Regret"],"score":984,"play_id":"f737f12f-33e1-4979-b9f7-952f12bd18e7","local_time":"20190220020700","is_ascension_mode":true,"campfire_choices":[{"data":"Eviscerate","floor":7,"key":"SMITH"},{"floor":11,"key":"REST"},{"floor":13,"key":"REST"},{"data":"Backflip","floor":15,"key":"SMITH"},{"data":"Choke","floor":23,"key":"SMITH"},{"data":"A Thousand Cuts","floor":25,"key":"SMITH"},{"floor":32,"key":"REST"},{"data":"Leg Sweep","floor":40,"key":"SMITH"},{"data":"Underhanded Strike","floor":42,"key":"SMITH"},{"data":"Die Die Die","floor":46,"key":"SMITH"},{"floor":49,"key":"REST"}],"neow_cost":"NONE","seed_source_timestamp":2408846124341317,"circlet_count":0,"master_deck":["AscendersBane","Defend_G","Defend_G+1","Defend_G","Defend_G","Defend_G","Strike_G","Strike_G","Strike_G","Strike_G","Strike_G","Survivor+1","Neutralize","Dagger Throw","Eviscerate+1","A Thousand Cuts+1","Backflip+1","Quick Slash","Die Die Die+1","Backflip+1","Choke+1","Underhanded Strike+1","Leg Sweep+1","Underhanded Strike","After Image+1","Eviscerate+1","Writhe","Terror"],"relics":["HoveringKite","Vajra","Membership Card","Bronze Scales","Frozen Egg 2","Snecko Eye","Meat on the Bone","MutagenicStrength","PreservedInsect","War Paint","Busted Crown","FaceOfCleric","Regal Pillow","Kunai"],"potions_floor_usage":[6,16,24,29,33,33,33,33,47,50,50],"damage_taken":[{"damage":4,"enemies":"Small Slimes","floor":1,"turns":5},{"damage":11,"enemies":"Jaw Worm","floor":2,"turns":7},{"damage":0,"enemies":"Cultist","floor":5,"turns":3},{"damage":48,"enemies":"Gremlin Nob","floor":6,"turns":6},{"damage":3,"enemies":"Looter","floor":14,"turns":2},{"damage":31,"enemies":"Slime Boss","floor":16,"turns":11},{"damage":0,"enemies":"Chosen","floor":18,"turns":3},{"damage":0,"enemies":"3 Byrds","floor":21,"turns":3},{"damage":11,"enemies":"Snake Plant","floor":22,"turns":3},{"damage":11,"enemies":"Gremlin Leader","floor":24,"turns":6},{"damage":0,"enemies":"Chosen and Byrds","floor":29,"turns":3},{"damage":0,"enemies":"Centurion and Healer","floor":30,"turns":3},{"damage":6,"enemies":"Snake Plant","floor":31,"turns":2},{"damage":61,"enemies":"Champ","floor":33,"turns":8},{"damage":2,"enemies":"Orb Walker","floor":35,"turns":3},{"damage":13,"enemies":"3 Darklings","floor":37,"turns":5},{"damage":2,"enemies":"Maw","floor":39,"turns":6},{"damage":31,"enemies":"Writhing Mass","floor":44,"turns":4},{"damage":0,"enemies":"Sphere and 2 Shapes","floor":45,"turns":3},{"damage":15,"enemies":"Transient","floor":47,"turns":6},{"damage":3,"enemies":"Giant Head","floor":48,"turns":4},{"damage":79,"enemies":"Awakened One","floor":50,"turns":12}],"seed_played":"657791378051946876","potions_obtained":[{"floor":2,"key":"Regen Potion"},{"floor":6,"key":"PowerPotion"},{"floor":10,"key":"Weak Potion"},{"floor":22,"key":"GamblersBrew"},{"floor":29,"key":"EssenceOfSteel"},{"floor":37,"key":"Fire Potion"},{"floor":44,"key":"Fire Potion"},{"floor":47,"key":"Weak Potion"}],"is_trial":false,"path_per_floor":["M","M","?","?","M","E","R","$","T","?","R","$","R","M","R","B",null,"M","$","?","M","M","R","E","R","T","?","?","M","M","M","R","B",null,"M","?","M","?","M","R","?","R","T","M","M","R","M","E","R","B"],"character_chosen":"THE_SILENT","items_purchased":["Membership Card","Bronze Scales","Backflip","Meat on the Bone"],"campfire_rested":4,"item_purchase_floors":[8,8,8,19],"current_hp_per_floor":[55,44,44,44,44,11,11,11,11,11,30,30,49,46,46,15,53,53,53,53,53,42,42,43,43,43,43,31,43,43,37,56,22,55,53,53,40,53,51,51,51,51,51,33,46,46,44,42,70,0],"gold":364,"neow_bonus":"BOSS_RELIC","is_prod":false,"is_daily":false,"chose_seed":false,"campfire_upgraded":7,"win_rate":0,"timestamp":1550650020,"path_taken":["M","M","?","?","?","E","R","$","T","?","R","$","R","?","R","BOSS","M","$","?","M","M","R","E","R","T","?","?","M","M","M","R","BOSS","M","?","?","?","M","R","?","R","T","M","?","R","M","E","R","BOSS"],"build_version":"2019-02-06","purchased_purges":1,"victory":false,"max_hp_per_floor":[66,66,66,66,66,66,66,66,66,66,66,66,66,66,66,66,66,66,66,66,66,66,66,66,66,66,66,66,66,66,66,66,66,66,66,66,66,66,66,66,66,66,66,67,68,68,69,70,70,70],"card_choices":[{"not_picked":["Dodge and Roll","Deflect"],"picked":"Dagger Throw","floor":1},{"not_picked":["Catalyst","Deadly Poison"],"picked":"Eviscerate","floor":2},{"not_picked":["Calculated Gamble","Venomology","Distraction"],"picked":"SKIP","floor":5},{"not_picked":["Finisher","Deadly Poison"],"picked":"A Thousand Cuts","floor":6},{"not_picked":["Dodge and Roll","Infinite Blades+1"],"picked":"Quick Slash","floor":14},{"not_picked":["Venomology","Envenom+1"],"picked":"Die Die Die","floor":16},{"not_picked":["Backstab","Dodge and Roll","All Out Attack+1"],"picked":"SKIP","floor":18},{"not_picked":["Deflect","Cloak And Dagger"],"picked":"Backflip+1","floor":21},{"not_picked":["Dodge and Roll+1","Prepared"],"picked":"Choke","floor":22},{"not_picked":["Riddle With Holes","All Out Attack"],"picked":"Underhanded Strike","floor":24},{"not_picked":["Choke","Masterful Stab+1"],"picked":"Leg Sweep","floor":29},{"not_picked":["Expertise","Dagger Spray","Catalyst+1"],"picked":"SKIP","floor":30},{"not_picked":["Crippling Poison","Dagger Spray"],"picked":"Underhanded Strike","floor":31},{"not_picked":["Burst","Envenom+1"],"picked":"After Image+1","floor":33},{"not_picked":["Concentrate"],"picked":"SKIP","floor":35},{"not_picked":["Dodge and Roll"],"picked":"SKIP","floor":37},{"not_picked":["Flying Knee+1"],"picked":"SKIP","floor":39},{"not_picked":["Expertise+1"],"picked":"SKIP","floor":44},{"not_picked":["Infinite Blades+1"],"picked":"SKIP","floor":45},{"not_picked":[],"picked":"Terror","floor":47},{"not_picked":["Envenom+1"],"picked":"SKIP","floor":48}],"player_experience":832650,"relics_obtained":[{"floor":6,"key":"Vajra"},{"floor":9,"key":"Frozen Egg 2"},{"floor":24,"key":"PreservedInsect"},{"floor":26,"key":"War Paint"},{"floor":43,"key":"Regal Pillow"},{"floor":48,"key":"Kunai"}],"event_choices":[{"damage_healed":0,"gold_gain":0,"player_choice":"Left Gold","damage_taken":0,"max_hp_gain":0,"max_hp_loss":0,"event_name":"World of Goop","floor":3,"gold_loss":52},{"damage_healed":0,"gold_gain":275,"player_choice":"Desecrate","damage_taken":0,"max_hp_gain":0,"max_hp_loss":0,"event_name":"Golden Shrine","floor":4,"gold_loss":0,"cards_obtained":["Regret"]},{"damage_healed":0,"gold_gain":0,"player_choice":"Got Potions","damage_taken":0,"max_hp_gain":0,"max_hp_loss":0,"event_name":"Lab","floor":10,"gold_loss":0},{"damage_healed":0,"gold_gain":0,"player_choice":"Inject Mutagens","damage_taken":0,"relics_obtained":["MutagenicStrength"],"max_hp_gain":0,"max_hp_loss":0,"event_name":"Drug Dealer","floor":20,"gold_loss":0},{"damage_healed":0,"gold_gain":0,"player_choice":"Ignored","damage_taken":0,"max_hp_gain":0,"max_hp_loss":0,"event_name":"Cursed Tome","floor":27,"gold_loss":0},{"damage_healed":0,"gold_gain":0,"player_choice":"POTION ","damage_taken":12,"max_hp_gain":0,"max_hp_loss":0,"event_name":"Knowing Skull","floor":28,"potions_obtained":["EntropicBrew"],"gold_loss":0,"cards_obtained":[]},{"damage_healed":0,"gold_gain":0,"player_choice":"Copied","damage_taken":0,"max_hp_gain":0,"max_hp_loss":0,"event_name":"Duplicator","floor":36,"gold_loss":0,"cards_obtained":["Eviscerate"]},{"damage_healed":13,"gold_gain":0,"player_choice":"Writhe","damage_taken":0,"max_hp_gain":0,"max_hp_loss":0,"event_name":"Winding Halls","floor":38,"gold_loss":0,"cards_obtained":["Writhe"]},{"damage_healed":0,"gold_gain":0,"player_choice":"Trade","damage_taken":0,"relics_obtained":["FaceOfCleric"],"max_hp_gain":0,"max_hp_loss":0,"event_name":"FaceTrader","floor":41,"gold_loss":0}],"is_beta":true,"boss_relics":[{"not_picked":["Tiny House","Ectoplasm"],"picked":"Snecko Eye"},{"not_picked":["WristBlade","Black Star"],"picked":"Busted Crown"}],"items_purged_floors":[12],"is_endless":false,"potions_floor_spawned":[2,6,22,29,30,37,44,47],"killed_by":"Awakened One","ascension_level":20}