{"gold_per_floor":[115,115,190,202,222,247,247,276,328,328,348,348,348,360,360,464,464,484,409,409,6,23,23],"floor_reached":23,"playtime":972,"items_purged":["Strike_R"],"score":209,"play_id":"b103c5c4-fb42-481d-a973-f0919e1c9381","local_time":"20190102003318","is_ascension_mode":true,"campfire_choices":[{"data":"Disarm","floor":7,"key":"SMITH"},{"floor":10,"key":"REST"},{"floor":12,"key":"REST"},{"data":"Metallicize","floor":15,"key":"SMITH"}],"neow_cost":"NONE","seed_source_timestamp":48595102675602,"circlet_count":0,"master_deck":["Strike_R","Strike_R","Strike_R","Strike_R","Defend_R","Defend_R","Defend_R","Defend_R","Bash","Disarm+1","Iron Wave","Metallicize+1","Limit Break","Perfected Strike+1","Panache","Metallicize+1"],"relics":["Burning Blood","Mercury Hourglass","Regal Pillow","Ancient Tea Set","Eternal Feather","MutagenicStrength","Medical Kit"],"potions_floor_usage":[6,23],"damage_taken":[{"damage":5,"enemies":"2 Louse","floor":1,"turns":4},{"damage":7,"enemies":"Small Slimes","floor":4,"turns":4},{"damage":1,"enemies":"Jaw Worm","floor":5,"turns":5},{"damage":47,"enemies":"Gremlin Nob","floor":6,"turns":6},{"damage":30,"enemies":"3 Sentries","floor":8,"turns":8},{"damage":11,"enemies":"Large Slime","floor":11,"turns":7},{"damage":12,"enemies":"Looter","floor":14,"turns":3},{"damage":38,"enemies":"The Guardian","floor":16,"turns":13},{"damage":23,"enemies":"Shell Parasite","floor":18,"turns":9},{"damage":7,"enemies":"Chosen","floor":22,"turns":6},{"damage":76,"enemies":"Slavers","floor":23,"turns":6}],"seed_played":"-3089087616515951608","potions_obtained":[{"floor":5,"key":"Poison Potion"},{"floor":11,"key":"FearPotion"},{"floor":16,"key":"SpeedPotion"}],"is_trial":false,"path_per_floor":["M","?","?","M","M","E","R","E","T","R","M","R","?","M","R","B",null,"M","$","?","$","M","E"],"character_chosen":"IRONCLAD","items_purchased":["Panache","Medical Kit"],"campfire_rested":2,"item_purchase_floors":[21,21],"current_hp_per_floor":[88,93,82,81,86,45,45,21,21,63,58,93,86,80,80,48,93,76,76,76,76,75,0],"gold":23,"neow_bonus":"TEN_PERCENT_HP_BONUS","is_prod":false,"is_daily":false,"chose_seed":false,"campfire_upgraded":2,"win_rate":0,"timestamp":1546356798,"path_taken":["M","?","?","M","M","E","R","E","T","R","M","R","?","M","R","BOSS","M","$","?","$","M","E"],"build_version":"2018-12-20","purchased_purges":1,"victory":false,"max_hp_per_floor":[88,93,93,93,93,93,93,93,93,93,93,93,93,93,93,93,93,93,93,93,93,93,93],"card_choices":[{"not_picked":["Shrug It Off","Burning Pact"],"picked":"Sentinel","floor":1},{"not_picked":["Flex","Heavy Blade","Sword Boomerang"],"picked":"SKIP","floor":4},{"not_picked":["Cleave","Clothesline"],"picked":"Disarm","floor":5},{"not_picked":["Dual Wield","Feel No Pain"],"picked":"Iron Wave","floor":6},{"not_picked":["Body Slam","Brutality"],"picked":"Metallicize","floor":8},{"not_picked":["Uppercut","Flex","Second Wind"],"picked":"SKIP","floor":11},{"not_picked":["Clothesline","Second Wind","Heavy Blade"],"picked":"SKIP","floor":14},{"not_picked":["Brutality","Immolate"],"picked":"Limit Break","floor":16},{"not_picked":["Hemokinesis","Shrug It Off+1"],"picked":"Perfected Strike+1","floor":18},{"not_picked":["Flex+1","Armaments"],"picked":"Metallicize+1","floor":22}],"player_experience":25104,"relics_obtained":[{"floor":6,"key":"Mercury Hourglass"},{"floor":8,"key":"Regal Pillow"},{"floor":9,"key":"Ancient Tea Set"}],"event_choices":[{"damage_healed":0,"gold_gain":0,"player_choice":"Donut","damage_taken":0,"max_hp_gain":5,"max_hp_loss":0,"event_name":"Big Fish","floor":2,"gold_loss":0},{"damage_healed":0,"gold_gain":75,"player_choice":"Gather Gold","damage_taken":11,"max_hp_gain":0,"max_hp_loss":0,"event_name":"World of Goop","floor":3,"gold_loss":0},{"cards_removed":["Sentinel"],"damage_healed":0,"gold_gain":0,"player_choice":"Card Removal","damage_taken":7,"max_hp_gain":0,"max_hp_loss":0,"event_name":"Golden Wing","floor":13,"gold_loss":0},{"damage_healed":0,"gold_gain":0,"player_choice":"Inject Mutagens","damage_taken":0,"relics_obtained":["MutagenicStrength"],"max_hp_gain":0,"max_hp_loss":0,"event_name":"Drug Dealer","floor":20,"gold_loss":0}],"is_beta":false,"boss_relics":[{"not_picked":["Ectoplasm","Philosopher\u0027s Stone"],"picked":"Eternal Feather"}],"items_purged_floors":[19],"is_endless":false,"potions_floor_spawned":[1,5,11,16],"killed_by":"Slavers","ascension_level":1}