{"gold_per_floor":[111,125,200,200,210,210,226,246,270,36,311,311,72,91,91,189,189,200,188,63,74,2,2,2,2,2,30,30,30,40,59,59,164,164,178,28,128,54,69,69,89,120,202,202,236,236,36,36,36,36],"floor_reached":51,"playtime":4300,"items_purged":["Pain","Regret","Decay","Clumsy","Concentrate"],"score":1116,"play_id":"f9d0d899-6124-4d57-a495-7d52bb868cc2","local_time":"20190217095717","is_ascension_mode":true,"campfire_choices":[{"data":"Neutralize","floor":6,"key":"SMITH"},{"floor":12,"key":"REST"},{"data":"Dash","floor":15,"key":"SMITH"},{"data":"Footwork","floor":23,"key":"SMITH"},{"data":"Storm of Steel","floor":25,"key":"SMITH"},{"data":"After Image","floor":29,"key":"SMITH"},{"data":"Tools of the Trade","floor":32,"key":"SMITH"},{"data":"Malaise","floor":40,"key":"SMITH"},{"data":"Cloak And Dagger","floor":44,"key":"SMITH"},{"data":"Master of Strategy","floor":49,"key":"SMITH"}],"neow_cost":"NONE","seed_source_timestamp":222563123683346,"circlet_count":0,"master_deck":["AscendersBane","Defend_G","Defend_G","Defend_G","Defend_G","Strike_G","Strike_G","Survivor","Neutralize+1","Cloak And Dagger+1","Storm of Steel+1","Dagger Throw","Tools of the Trade+1","Backflip","Master of Strategy+1","Dash+1","Infinite Blades","After Image+1","Cloak And Dagger+1","Cloak And Dagger","Footwork+1","Blade Dance","Well Laid Plans","Malaise+1","Footwork","Cloak And Dagger+1","Underhanded Strike+1","Terror+1","Cloak And Dagger+1"],"relics":["Calling Bell","Vajra","Mercury Hourglass","FossilizedHelix","MawBank","Coffee Dripper","Kunai","Bronze Scales","Lizard Tail","Snake Skull","Frozen Egg 2","Toxic Egg 2"],"potions_floor_usage":[7,27,33,41,50],"damage_taken":[{"damage":0,"enemies":"2 Louse","floor":1,"turns":2},{"damage":11,"enemies":"Small Slimes","floor":2,"turns":4},{"damage":3,"enemies":"Cultist","floor":5,"turns":5},{"damage":8,"enemies":"3 Louse","floor":7,"turns":2},{"damage":23,"enemies":"Exordium Thugs","floor":8,"turns":5},{"damage":0,"enemies":"Looter","floor":14,"turns":2},{"damage":16,"enemies":"Slime Boss","floor":16,"turns":11},{"damage":0,"enemies":"3 Byrds","floor":18,"turns":5},{"damage":18,"enemies":"2 Thieves","floor":19,"turns":5},{"damage":0,"enemies":"Cultist and Chosen","floor":21,"turns":6},{"damage":4,"enemies":"Book of Stabbing","floor":27,"turns":9},{"damage":0,"enemies":"3 Cultists","floor":30,"turns":6},{"damage":0,"enemies":"Snecko","floor":31,"turns":4},{"damage":18,"enemies":"Collector","floor":33,"turns":18},{"damage":0,"enemies":"3 Darklings","floor":35,"turns":6},{"damage":6,"enemies":"3 Shapes","floor":39,"turns":4},{"damage":0,"enemies":"Sphere and 2 Shapes","floor":41,"turns":7},{"damage":0,"enemies":"Nemesis","floor":42,"turns":11},{"damage":3,"enemies":"Giant Head","floor":45,"turns":8},{"damage":18,"enemies":"Awakened One","floor":50,"turns":18}],"seed_played":"-2093153981894440984","potions_obtained":[{"floor":2,"key":"SpeedPotion"},{"floor":5,"key":"Fire Potion"},{"floor":8,"key":"GhostInAJar"},{"floor":30,"key":"Strength Potion"},{"floor":31,"key":"FairyPotion"},{"floor":33,"key":"PowerPotion"},{"floor":45,"key":"AttackPotion"}],"is_trial":false,"path_per_floor":["M","M","?","?","M","R","M","M","T","$","?","R","$","M","R","B",null,"M","M","$","M","$","R","?","R","T","E","?","R","M","M","R","B",null,"M","$","?","$","M","R","M","E","T","R","E","?","$","?","R","B",null],"character_chosen":"THE_SILENT","items_purchased":["Master of Strategy","Dash","Infinite Blades","Footwork","Regen Potion","Cloak And Dagger+1"],"campfire_rested":1,"item_purchase_floors":[10,13,13,22,38,47],"current_hp_per_floor":[63,52,41,41,38,38,30,7,7,7,7,28,28,28,28,12,56,56,38,38,38,38,38,38,38,38,34,21,21,21,21,21,3,57,57,57,57,57,51,51,66,66,66,66,63,63,63,63,63,45],"gold":36,"neow_bonus":"BOSS_RELIC","is_prod":false,"is_daily":false,"chose_seed":false,"campfire_upgraded":9,"win_rate":0,"timestamp":1550426237,"path_taken":["M","M","?","?","M","R","?","M","T","$","?","R","$","M","R","BOSS","M","M","$","M","$","R","?","R","T","E","?","R","M","M","R","BOSS","M","$","?","?","M","R","M","E","T","R","E","?","$","?","R","BOSS"],"build_version":"2019-01-23","purchased_purges":5,"victory":true,"max_hp_per_floor":[70,70,70,70,70,70,70,70,70,70,70,70,70,70,70,70,70,70,70,70,70,70,70,70,70,70,70,75,75,75,75,75,75,75,75,75,75,75,75,75,75,75,75,75,75,75,75,75,75,75],"card_choices":[{"not_picked":["Endless Agony","Expertise"],"picked":"Cloak And Dagger","floor":1},{"not_picked":["Deflect","Sucker Punch","Dodge and Roll"],"picked":"SKIP","floor":2},{"not_picked":["Deflect","Dagger Spray"],"picked":"Dagger Throw","floor":5},{"not_picked":["Flying Knee","Cloak And Dagger"],"picked":"Tools of the Trade","floor":7},{"not_picked":["Poisoned Stab","Cloak And Dagger"],"picked":"Backflip","floor":8},{"not_picked":["Poisoned Stab","Slice","Expertise"],"picked":"SKIP","floor":14},{"not_picked":["Wraith Form v2","Corpse Explosion"],"picked":"After Image","floor":16},{"not_picked":["Accuracy","Bane"],"picked":"Cloak And Dagger+1","floor":18},{"not_picked":["Slice","Prepared","Deadly Poison"],"picked":"SKIP","floor":19},{"not_picked":["Underhanded Strike","Sucker Punch"],"picked":"Cloak And Dagger","floor":21},{"not_picked":["Cloak And Dagger","Dagger Spray"],"picked":"Well Laid Plans","floor":27},{"not_picked":["Crippling Poison","Prepared","Deadly Poison"],"picked":"SKIP","floor":30},{"not_picked":["Leg Sweep","Concentrate+1","Flying Knee"],"picked":"SKIP","floor":31},{"not_picked":["Doppelganger","Grand Finale"],"picked":"Malaise","floor":33},{"not_picked":["Underhanded Strike+1","Quick Slash+1"],"picked":"Footwork","floor":35},{"not_picked":["Blade Dance+1","Accuracy+1"],"picked":"Cloak And Dagger+1","floor":39},{"not_picked":["Slice+1","Masterful Stab"],"picked":"Underhanded Strike+1","floor":41},{"not_picked":["Dagger Throw+1","Backflip+1"],"picked":"Terror+1","floor":42},{"not_picked":["Concentrate","Venomology","Choke"],"picked":"SKIP","floor":45}],"player_experience":411988,"relics_obtained":[{"floor":0,"key":"Vajra"},{"floor":0,"key":"Mercury Hourglass"},{"floor":0,"key":"FossilizedHelix"},{"floor":9,"key":"MawBank"},{"floor":26,"key":"Kunai"},{"floor":27,"key":"Bronze Scales"},{"floor":42,"key":"Snake Skull"},{"floor":43,"key":"Frozen Egg 2"},{"floor":45,"key":"Toxic Egg 2"}],"event_choices":[{"damage_healed":0,"gold_gain":75,"player_choice":"Gather Gold","damage_taken":11,"max_hp_gain":0,"max_hp_loss":0,"event_name":"World of Goop","floor":3,"gold_loss":0},{"damage_healed":0,"gold_gain":0,"cards_transformed":["Strike_G"],"player_choice":"Transformed","damage_taken":0,"max_hp_gain":0,"max_hp_loss":0,"event_name":"Transmorgrifier","floor":4,"gold_loss":0,"cards_obtained":["Storm of Steel"]},{"damage_healed":0,"gold_gain":275,"player_choice":"Desecrate","damage_taken":0,"max_hp_gain":0,"max_hp_loss":0,"event_name":"Golden Shrine","floor":11,"gold_loss":0,"cards_obtained":["Regret"]},{"damage_healed":0,"gold_gain":0,"cards_transformed":["Strike_G","Strike_G"],"player_choice":"Became Test Subject","damage_taken":0,"max_hp_gain":0,"max_hp_loss":0,"event_name":"Drug Dealer","floor":24,"gold_loss":0,"cards_obtained":["Blade Dance","Concentrate"]},{"damage_healed":0,"gold_gain":0,"player_choice":"Shed Blood","damage_taken":18,"max_hp_gain":5,"max_hp_loss":0,"event_name":"Forgotten Altar","floor":28,"gold_loss":0},{"damage_healed":0,"gold_gain":100,"player_choice":"Pray","damage_taken":0,"max_hp_gain":0,"max_hp_loss":0,"event_name":"Golden Shrine","floor":37,"gold_loss":0},{"damage_healed":0,"gold_gain":0,"player_choice":"Ignored","damage_taken":0,"max_hp_gain":0,"max_hp_loss":0,"event_name":"Tomb of Lord Red Mask","floor":46,"gold_loss":0},{"cards_removed":["Defend_G"],"damage_healed":0,"gold_gain":0,"player_choice":"Card Removal","damage_taken":0,"max_hp_gain":0,"max_hp_loss":0,"event_name":"Wheel of Change","floor":48,"gold_loss":0}],"is_beta":false,"boss_relics":[{"not_picked":["Tiny House","Orrery"],"picked":"Coffee Dripper"},{"not_picked":["Runic Dome","Fusion Hammer"],"picked":"Lizard Tail"}],"items_purged_floors":[10,13,20,36,47],"is_endless":false,"potions_floor_spawned":[2,5,8,30,31,33,39,45],"ascension_level":11}