{"gold_per_floor":[111,111,127,137,149,149,180,180,229,262,262,16,16,16,16,135,135,155,171,189,210,210,210,223,223,223,259,186,37,58,58],"floor_reached":31,"playtime":1897,"items_purged":["Strike_G"],"score":358,"play_id":"735087b4-d7b4-46fc-b71c-afbf951f9e5e","local_time":"20190130081446","is_ascension_mode":true,"campfire_choices":[{"data":"Choke","floor":6,"key":"SMITH"},{"data":"Neutralize","floor":8,"key":"SMITH"},{"data":"Prepared","floor":11,"key":"SMITH"},{"data":"Survivor","floor":15,"key":"SMITH"},{"data":"Unload","floor":23,"key":"SMITH"},{"data":"Accuracy","floor":25,"key":"SMITH"}],"neow_cost":"TEN_PERCENT_HP_LOSS","seed_source_timestamp":1063708503017391,"circlet_count":0,"master_deck":["Defend_G","Defend_G","Defend_G","Defend_G","Defend_G","Strike_G","Strike_G+1","Survivor+1","Neutralize+1","Dagger Throw","Quick Slash","Neutralize+1","Accuracy+1","Dagger Spray","Choke+1","Tools of the Trade","Prepared+1","Unload+1","Masterful Stab","Blade Dance","Dagger Spray+1","Cloak And Dagger","Cloak And Dagger","Backstab","Accuracy","Sucker Punch+1"],"relics":["Ring of the Serpent","Pantograph","Art of War","Whetstone","Kunai","Golden Idol","Ninja Scroll","MawBank","Bronze Scales"],"potions_floor_usage":[10,16,19,27,31,31],"damage_taken":[{"damage":0,"enemies":"2 Louse","floor":1,"turns":5},{"damage":0,"enemies":"Cultist","floor":3,"turns":3},{"damage":0,"enemies":"Jaw Worm","floor":4,"turns":4},{"damage":0,"enemies":"Looter","floor":5,"turns":4},{"damage":20,"enemies":"3 Sentries","floor":7,"turns":7},{"damage":21,"enemies":"Gremlin Nob","floor":10,"turns":5},{"damage":18,"enemies":"Hexaghost","floor":16,"turns":14},{"damage":22,"enemies":"2 Thieves","floor":18,"turns":5},{"damage":3,"enemies":"Chosen","floor":19,"turns":4},{"damage":6,"enemies":"Centurion and Healer","floor":20,"turns":7},{"damage":1,"enemies":"Snecko","floor":21,"turns":4},{"damage":18,"enemies":"Shelled Parasite and Fungi","floor":24,"turns":7},{"damage":22,"enemies":"Book of Stabbing","floor":27,"turns":6},{"damage":4,"enemies":"3 Cultists","floor":30,"turns":5},{"damage":17,"enemies":"Slavers","floor":31,"turns":1}],"seed_played":"727388409144768078","potions_obtained":[{"floor":5,"key":"Swift Potion"},{"floor":7,"key":"Poison Potion"},{"floor":16,"key":"Regen Potion"},{"floor":20,"key":"EssenceOfSteel"},{"floor":21,"key":"Dexterity Potion"}],"is_trial":false,"path_per_floor":["M","?","M","M","M","R","E","R","T","E","R","$","?","?","R","B",null,"M","M","M","M","?","R","M","R","T","E","?","$","M","E"],"character_chosen":"THE_SILENT","items_purchased":["Kunai","Accuracy","Explosive Potion"],"campfire_rested":0,"item_purchase_floors":[12,29,29],"current_hp_per_floor":[63,63,63,63,63,63,43,43,43,22,22,22,22,22,22,29,51,29,38,32,31,50,50,32,32,32,10,10,10,6,0],"gold":58,"neow_bonus":"REMOVE_TWO","is_prod":false,"is_daily":false,"chose_seed":false,"campfire_upgraded":6,"win_rate":0,"timestamp":1548854086,"path_taken":["M","?","?","M","M","R","E","R","T","E","R","$","?","?","R","BOSS","M","M","M","M","?","R","M","R","T","E","?","?","?","E"],"build_version":"2019-01-23","purchased_purges":1,"victory":false,"max_hp_per_floor":[63,63,63,63,63,63,63,63,63,63,63,63,63,58,58,58,58,58,58,58,58,58,58,58,58,58,58,58,58,58,58],"card_choices":[{"not_picked":["Acrobatics","Underhanded Strike"],"picked":"Dagger Throw","floor":1},{"not_picked":["Concentrate","Underhanded Strike"],"picked":"Accuracy","floor":3},{"not_picked":["Tactician","Deflect"],"picked":"Dagger Spray","floor":4},{"not_picked":["Deflect","Skewer"],"picked":"Choke","floor":5},{"not_picked":["Bane","Slice"],"picked":"Tools of the Trade","floor":7},{"not_picked":["Reflex","Backflip"],"picked":"Prepared","floor":10},{"not_picked":["Corpse Explosion","Night Terror"],"picked":"Unload","floor":16},{"not_picked":["Tactician","PiercingWail"],"picked":"Masterful Stab","floor":18},{"not_picked":["All Out Attack","Dagger Spray"],"picked":"Blade Dance","floor":19},{"not_picked":["Acrobatics","Predator"],"picked":"Dagger Spray+1","floor":20},{"not_picked":["Calculated Gamble","Leg Sweep"],"picked":"Cloak And Dagger","floor":21},{"not_picked":["Skewer","Concentrate"],"picked":"Cloak And Dagger","floor":24},{"not_picked":["Distraction","Deadly Poison"],"picked":"Backstab","floor":27},{"not_picked":["Outmaneuver","Poisoned Stab"],"picked":"Sucker Punch+1","floor":30}],"player_experience":556755,"relics_obtained":[{"floor":7,"key":"Pantograph"},{"floor":9,"key":"Art of War"},{"floor":10,"key":"Whetstone"},{"floor":26,"key":"Ninja Scroll"},{"floor":27,"key":"MawBank"}],"event_choices":[{"damage_healed":0,"gold_gain":0,"player_choice":"2 cards matched","damage_taken":0,"max_hp_gain":0,"max_hp_loss":0,"event_name":"Match and Keep!","floor":2,"gold_loss":0,"cards_obtained":["Quick Slash","Neutralize"]},{"damage_healed":0,"gold_gain":0,"player_choice":"Ignored","damage_taken":0,"max_hp_gain":0,"max_hp_loss":0,"event_name":"Liars Game","floor":13,"gold_loss":0},{"damage_healed":0,"gold_gain":0,"player_choice":"Lose Max HP","damage_taken":0,"relics_obtained":["Golden Idol"],"max_hp_gain":0,"max_hp_loss":5,"event_name":"Golden Idol","floor":14,"gold_loss":0},{"damage_healed":19,"gold_gain":0,"player_choice":"Heal","damage_taken":0,"max_hp_gain":0,"max_hp_loss":0,"event_name":"The Library","floor":22,"gold_loss":0},{"damage_healed":0,"gold_gain":0,"player_choice":"Obtained Relic","damage_taken":0,"relics_obtained":["Bronze Scales"],"max_hp_gain":0,"max_hp_loss":0,"event_name":"Addict","floor":28,"gold_loss":85}],"is_beta":false,"boss_relics":[{"not_picked":["Eternal Feather","White Beast Statue"],"picked":"Ring of the Serpent"}],"items_purged_floors":[29],"is_endless":false,"potions_floor_spawned":[5,7,16,20,21],"killed_by":"Slavers","ascension_level":7}