{"gold_per_floor":[115,115,128,128,14,48,48,68,143,143,156,190,6,6,6,101,101,116,142,157,170,170,170],"floor_reached":23,"playtime":985,"items_purged":["Regret"],"score":254,"play_id":"4f1303b9-0a79-4e64-afcd-f997d10a7739","local_time":"20190105092915","is_ascension_mode":true,"campfire_choices":[{"floor":7,"key":"REST"},{"data":"Loop","floor":10,"key":"SMITH"},{"data":"Chaos","floor":15,"key":"SMITH"}],"neow_cost":"CURSE","seed_source_timestamp":1321148417017090,"circlet_count":0,"master_deck":["Strike_B","Strike_B","Defend_B","Defend_B","Defend_B+1","Defend_B","Zap","Dualcast+1","Doubt","Tempest","Tempest","BootSequence","Turbo","Loop+1","Recycle","Steam","Chaos+1","Chill","Echo Form+1","Fission","Cold Snap","Turbo+1","Sunder","Steam","Ghostly","Ghostly","Ghostly","Ghostly","Ghostly"],"relics":["Cracked Core","Happy Flower","Dodecahedron","Kunai","Oddly Smooth Stone","Busted Crown","Red Mask"],"potions_floor_usage":[12,12,23],"damage_taken":[{"damage":8,"enemies":"Small Slimes","floor":1,"turns":3},{"damage":0,"enemies":"Jaw Worm","floor":3,"turns":3},{"damage":40,"enemies":"3 Sentries","floor":6,"turns":5},{"damage":0,"enemies":"Cultist","floor":8,"turns":3},{"damage":4,"enemies":"3 Louse","floor":11,"turns":3},{"damage":20,"enemies":"Lagavulin","floor":12,"turns":5},{"damage":4,"enemies":"Hexaghost","floor":16,"turns":8},{"damage":0,"enemies":"Chosen","floor":18,"turns":3},{"damage":29,"enemies":"Masked Bandits","floor":19,"turns":3},{"damage":19,"enemies":"Shell Parasite","floor":20,"turns":3},{"damage":7,"enemies":"Shelled Parasite and Fungi","floor":21,"turns":6},{"damage":21,"enemies":"Slavers","floor":23,"turns":9}],"seed_played":"8257404421904109228","potions_obtained":[{"floor":6,"key":"Energy Potion"},{"floor":11,"key":"Poison Potion"},{"floor":16,"key":"Block Potion"},{"floor":20,"key":"SpeedPotion"},{"floor":21,"key":"FearPotion"}],"is_trial":false,"path_per_floor":["M","?","M","?","$","E","R","M","T","R","M","E","$","?","R","B",null,"M","?","M","M","?","E"],"character_chosen":"DEFECT","items_purchased":["Loop","Echo Form","Fire Potion"],"campfire_rested":1,"item_purchase_floors":[5,13,13],"current_hp_per_floor":[67,52,52,52,52,12,34,34,34,34,30,10,10,10,10,6,75,75,46,27,20,20,0],"gold":170,"neow_bonus":"TRANSFORM_TWO_CARDS","is_prod":false,"is_daily":false,"chose_seed":false,"campfire_upgraded":2,"win_rate":0,"timestamp":1546698555,"path_taken":["M","?","M","?","$","E","R","?","T","R","M","E","?","?","R","BOSS","M","?","M","M","?","E"],"build_version":"2019-01-03v4","purchased_purges":1,"victory":false,"max_hp_per_floor":[75,75,75,75,75,75,75,75,75,75,75,75,75,75,75,75,75,75,75,75,75,37,37],"card_choices":[{"not_picked":["Gash","Redo"],"picked":"BootSequence","floor":1},{"not_picked":["Hello World","Leap"],"picked":"Turbo","floor":3},{"not_picked":["Coolheaded","Beam Cell"],"picked":"Recycle","floor":6},{"not_picked":["Skim","Go for the Eyes"],"picked":"Steam","floor":8},{"not_picked":["Self Repair","Redo"],"picked":"Chaos","floor":11},{"not_picked":["Beam Cell","Cold Snap"],"picked":"Chill","floor":12},{"not_picked":["Reboot","Amplify"],"picked":"Fission","floor":16},{"not_picked":[],"picked":"Cold Snap","floor":18},{"not_picked":[],"picked":"Turbo+1","floor":19},{"not_picked":[],"picked":"Sunder","floor":20},{"not_picked":[],"picked":"Steam","floor":21}],"player_experience":317101,"relics_obtained":[{"floor":6,"key":"Dodecahedron"},{"floor":9,"key":"Kunai"},{"floor":12,"key":"Oddly Smooth Stone"},{"floor":19,"key":"Red Mask"}],"event_choices":[{"damage_healed":0,"gold_gain":0,"player_choice":"Entered Light","damage_taken":15,"max_hp_gain":0,"max_hp_loss":0,"event_name":"Shining Light","floor":2,"gold_loss":0,"cards_upgraded":["Defend_B","Dualcast"]},{"damage_healed":0,"gold_gain":0,"player_choice":"Box","damage_taken":0,"relics_obtained":["Happy Flower"],"max_hp_gain":0,"max_hp_loss":0,"event_name":"Big Fish","floor":4,"gold_loss":0,"cards_obtained":["Regret"]},{"damage_healed":0,"gold_gain":0,"player_choice":"Grow","damage_taken":0,"max_hp_gain":0,"max_hp_loss":0,"event_name":"Living Wall","floor":14,"gold_loss":0,"cards_upgraded":["Echo Form"]},{"damage_healed":0,"gold_gain":0,"player_choice":"Fought Bandits","damage_taken":0,"max_hp_gain":0,"max_hp_loss":0,"event_name":"Masked Bandits","floor":19,"gold_loss":0},{"damage_healed":0,"gold_gain":0,"player_choice":"Became a Ghost","damage_taken":0,"max_hp_gain":0,"max_hp_loss":38,"event_name":"Ghosts","floor":22,"gold_loss":0,"cards_obtained":["Ghostly","Ghostly","Ghostly","Ghostly","Ghostly"]}],"is_beta":false,"boss_relics":[{"not_picked":["Eternal Feather","Black Star"],"picked":"Busted Crown"}],"items_purged_floors":[5],"is_endless":false,"potions_floor_spawned":[6,11,16,20,21],"killed_by":"Slavers","ascension_level":3}