{"gold_per_floor":[119,137,137,153,11,11,19,29,29,29,29,29,62,72,72,72],"floor_reached":16,"playtime":507,"items_purged":[],"score":179,"play_id":"d4208a88-8860-4273-b67b-4899b716e3de","local_time":"20190211182039","is_ascension_mode":true,"campfire_choices":[{"data":"Fusion","floor":6,"key":"SMITH"},{"floor":11,"key":"REST"},{"floor":15,"key":"DIG"}],"neow_cost":"NONE","seed_source_timestamp":2138357286677073,"circlet_count":0,"master_deck":["AscendersBane","Strike_B","Strike_B","Strike_B","Defend_B","Defend_B","Defend_B","Defend_B","Zap","Dualcast","Cold Snap","Fusion+1","Hologram+1","Seek+1","Sunder","Coolheaded+1","Recycle+1","Machine Learning","Streamline"],"relics":["Sozu","Toxic Egg 2","Girya","Shovel","Art of War"],"potions_floor_usage":[],"damage_taken":[{"damage":6,"enemies":"Jaw Worm","floor":1,"turns":4},{"damage":0,"enemies":"Small Slimes","floor":2,"turns":5},{"damage":0,"enemies":"2 Louse","floor":4,"turns":4},{"damage":6,"enemies":"Exordium Thugs","floor":7,"turns":4},{"damage":0,"enemies":"Large Slime","floor":8,"turns":5},{"damage":22,"enemies":"3 Sentries","floor":13,"turns":10},{"damage":1,"enemies":"Looter","floor":14,"turns":2},{"damage":0,"enemies":"Hexaghost","floor":16,"turns":1}],"seed_played":"-5806007860339503395","potions_obtained":[],"is_trial":false,"path_per_floor":["M","M","?","M","$","R","M","M","T","?","R","?","E","M","R","B"],"character_chosen":"DEFECT","items_purchased":["Seek+1"],"campfire_rested":1,"item_purchase_floors":[5],"current_hp_per_floor":[58,58,40,40,40,40,34,34,34,27,48,48,26,25,25,25],"gold":72,"neow_bonus":"BOSS_RELIC","is_prod":false,"is_daily":false,"chose_seed":false,"campfire_upgraded":1,"win_rate":0,"timestamp":1549927239,"path_taken":["M","M","?","M","$","R","M","M","T","?","R","?","E","M","R","BOSS"],"build_version":"2019-01-23","purchased_purges":0,"victory":false,"max_hp_per_floor":[71,71,71,71,71,71,71,71,71,71,71,71,71,71,71,71],"card_choices":[{"not_picked":["Rebound","Stack"],"picked":"Cold Snap","floor":1},{"not_picked":["Auto Shields","Rebound"],"picked":"Fusion","floor":2},{"not_picked":["Steam+1","Barrage"],"picked":"Hologram+1","floor":4},{"not_picked":["Lockon","Leap+1"],"picked":"Sunder","floor":7},{"not_picked":["Ball Lightning","Lockon"],"picked":"Coolheaded+1","floor":8},{"not_picked":["Sunder","Reprogram+1"],"picked":"Machine Learning","floor":13},{"not_picked":["Genetic Algorithm+1","Gash"],"picked":"Streamline","floor":14}],"player_experience":745309,"relics_obtained":[{"floor":9,"key":"Girya"},{"floor":13,"key":"Shovel"},{"floor":15,"key":"Art of War"}],"event_choices":[{"damage_healed":0,"gold_gain":0,"player_choice":"Success","damage_taken":18,"relics_obtained":["Toxic Egg 2"],"max_hp_gain":0,"max_hp_loss":0,"event_name":"Scrap Ooze","floor":3,"gold_loss":0},{"cards_removed":["Strike_B"],"damage_healed":0,"gold_gain":0,"player_choice":"Card Removal","damage_taken":7,"max_hp_gain":0,"max_hp_loss":0,"event_name":"Golden Wing","floor":10,"gold_loss":0},{"damage_healed":0,"gold_gain":0,"player_choice":"1 cards matched","damage_taken":0,"max_hp_gain":0,"max_hp_loss":0,"event_name":"Match and Keep!","floor":12,"gold_loss":0,"cards_obtained":["Recycle"]}],"is_beta":false,"boss_relics":[],"items_purged_floors":[],"is_endless":false,"potions_floor_spawned":[2,4,13],"killed_by":"Hexaghost","ascension_level":15}