{"gold_per_floor":[113,38,38,53,53,88,88,101,155,155,166,166,181,181,181,279,279,299,299,316,316,316,316,316],"floor_reached":24,"playtime":621,"items_purged":["Strike_B"],"score":310,"play_id":"51b15ca1-34c8-4b3d-8439-24ea3e5d07da","local_time":"20190113181509","is_ascension_mode":true,"campfire_choices":[{"data":"Sunder","floor":7,"key":"SMITH"},{"data":"Chaos","floor":10,"key":"SMITH"},{"data":"Double Energy","floor":12,"key":"SMITH"},{"data":"Zap","floor":15,"key":"SMITH"},{"data":"RitualDagger","floor":23,"key":"SMITH"}],"neow_cost":"NONE","seed_source_timestamp":346608910445411,"circlet_count":0,"master_deck":["Strike_B+1","Strike_B+1","Strike_B+1","Defend_B+1","Defend_B+1","Defend_B+1","Defend_B+1","Zap+1","Dualcast","Sunder+1","Leap","Double Energy","Chaos+1","Double Energy+1","Cold Snap+1","Rainbow","Conserve Battery+1","Ghostly","Ghostly","Ghostly","Ghostly","Ghostly","RitualDagger+1"],"relics":["Cracked Core","NeowsBlessing","DataDisk","Boot","Eternal Feather"],"potions_floor_usage":[16,24,24],"damage_taken":[{"damage":0,"enemies":"Jaw Worm","floor":1,"turns":1},{"damage":0,"enemies":"Cultist","floor":4,"turns":1},{"damage":0,"enemies":"Gremlin Nob","floor":6,"turns":1},{"damage":0,"enemies":"2 Louse","floor":8,"turns":2},{"damage":11,"enemies":"Blue Slaver","floor":11,"turns":4},{"damage":0,"enemies":"3 Louse","floor":13,"turns":2},{"damage":10,"enemies":"The Guardian","floor":16,"turns":9},{"damage":17,"enemies":"2 Thieves","floor":18,"turns":3},{"damage":8,"enemies":"3 Byrds","floor":20,"turns":5},{"damage":36,"enemies":"Gremlin Leader","floor":24,"turns":7}],"seed_played":"-4464993948379208053","potions_obtained":[{"floor":1,"key":"Fire Potion"},{"floor":4,"key":"LiquidBronze"},{"floor":8,"key":"FearPotion"},{"floor":13,"key":"PowerPotion"},{"floor":16,"key":"FocusPotion"}],"is_trial":false,"path_per_floor":["M","$","?","M","$","E","R","M","T","R","M","R","M","?","R","B",null,"M","?","M","?","?","R","E"],"character_chosen":"DEFECT","items_purchased":[],"campfire_rested":0,"item_purchase_floors":[],"current_hp_per_floor":[68,68,68,68,68,68,68,68,68,68,57,57,57,57,57,47,68,51,37,29,23,23,35,0],"gold":316,"neow_bonus":"THREE_ENEMY_KILL","is_prod":false,"is_daily":false,"chose_seed":false,"campfire_upgraded":5,"win_rate":0,"timestamp":1547421309,"path_taken":["M","$","?","M","$","E","R","?","T","R","M","R","M","?","R","BOSS","M","?","M","?","?","R","E"],"build_version":"2019-01-10","purchased_purges":1,"victory":false,"max_hp_per_floor":[75,75,75,75,75,75,75,75,75,75,75,75,75,75,75,75,75,75,37,37,37,37,37,37],"card_choices":[{"not_picked":["Beam Cell","Stack"],"picked":"Sunder","floor":1},{"not_picked":["Self Repair","Compile Driver"],"picked":"Leap","floor":4},{"not_picked":["Go for the Eyes","Barrage"],"picked":"Double Energy","floor":6},{"not_picked":["Chill","Reprogram"],"picked":"Chaos","floor":8},{"not_picked":["Undo","Doom and Gloom"],"picked":"Double Energy","floor":11},{"not_picked":["Gash","Skim"],"picked":"Cold Snap","floor":13},{"not_picked":["Multi-Cast","Core Surge"],"picked":"Rainbow","floor":16},{"not_picked":["Ball Lightning","Hologram+1"],"picked":"Conserve Battery+1","floor":18},{"not_picked":["Rebound+1","Go for the Eyes+1","Steam"],"picked":"SKIP","floor":20}],"player_experience":373259,"relics_obtained":[{"floor":6,"key":"DataDisk"},{"floor":9,"key":"Boot"}],"event_choices":[{"damage_healed":0,"gold_gain":0,"player_choice":"Ignored","damage_taken":0,"max_hp_gain":0,"max_hp_loss":0,"event_name":"WeMeetAgain","floor":3,"gold_loss":0},{"damage_healed":0,"gold_gain":0,"player_choice":"Grow","damage_taken":0,"max_hp_gain":0,"max_hp_loss":0,"event_name":"Living Wall","floor":14,"gold_loss":0,"cards_upgraded":["Cold Snap"]},{"damage_healed":0,"gold_gain":0,"player_choice":"Became a Ghost","damage_taken":0,"max_hp_gain":0,"max_hp_loss":38,"event_name":"Ghosts","floor":19,"gold_loss":0,"cards_obtained":["Ghostly","Ghostly","Ghostly","Ghostly","Ghostly"]},{"damage_healed":0,"gold_gain":0,"player_choice":"Joined the Cult","damage_taken":6,"max_hp_gain":0,"max_hp_loss":0,"event_name":"Nest","floor":21,"gold_loss":0,"cards_obtained":["RitualDagger"]},{"damage_healed":0,"gold_gain":0,"player_choice":"Simplicity","damage_taken":0,"max_hp_gain":0,"max_hp_loss":0,"event_name":"Back to Basics","floor":22,"gold_loss":0,"cards_upgraded":["Strike_B","Strike_B","Strike_B","Defend_B","Defend_B","Defend_B","Defend_B"]}],"is_beta":false,"boss_relics":[{"not_picked":["Fusion Hammer","Tiny House"],"picked":"Eternal Feather"}],"items_purged_floors":[2],"is_endless":false,"potions_floor_spawned":[1,4,8,13,16,18,20],"killed_by":"Gremlin Leader","ascension_level":6}