{"gold_per_floor":[116,116,126,201,201,201,228,244,289,289,289,322,322,357,357,357],"floor_reached":16,"playtime":473,"items_purged":[],"score":254,"play_id":"1563b316-b6de-474d-8502-5831a6a5f486","local_time":"20190213235454","is_ascension_mode":true,"campfire_choices":[{"data":"Zap","floor":6.0,"key":"SMITH"},{"data":"Rebound","floor":10.0,"key":"SMITH"},{"data":"Genetic Algorithm","floor":13.0,"key":"SMITH"},{"floor":15,"key":"REST"}],"neow_cost":"NONE","seed_source_timestamp":53476548509279,"circlet_count":0,"master_deck":["AscendersBane","Strike_B","Strike_B","Strike_B","Defend_B","Defend_B","Defend_B","Defend_B","Zap+1","Dualcast","Rebound+1","Conserve Battery","Glacier","Genetic Algorithm+1"],"special_seed":0,"relics":["Cracked Core","NeowsBlessing","Bag of Marbles","Juzu Bracelet","DataDisk","Sundial"],"potions_floor_usage":[],"damage_taken":[{"damage":0.0,"enemies":"Cultist","floor":1.0,"turns":1.0},{"damage":0.0,"enemies":"Jaw Worm","floor":3.0,"turns":1.0},{"damage":0.0,"enemies":"3 Sentries","floor":7.0,"turns":1.0},{"damage":0.0,"enemies":"Small Slimes","floor":8.0,"turns":3.0},{"damage":6.0,"enemies":"Lagavulin","floor":12.0,"turns":8.0},{"damage":33,"enemies":"Gremlin Nob","floor":14,"turns":6},{"damage":44,"enemies":"Hexaghost","floor":16,"turns":14}],"seed_played":"-1148713376450579276","potions_obtained":[{"floor":2.0,"key":"Poison Potion"},{"floor":2.0,"key":"Fire Potion"},{"floor":3.0,"key":"Weak Potion"},{"floor":8.0,"key":"Regen Potion"}],"is_trial":false,"path_per_floor":["M","?","M","?","?","R","E","M","T","R","?","E","R","E","R","B"],"character_chosen":"DEFECT","items_purchased":[],"campfire_rested":1,"item_purchase_floors":[],"current_hp_per_floor":[64,64,64,53,46,46,46,46,46,46,46,55,55,22,43,0],"gold":357,"neow_bonus":"THREE_ENEMY_KILL","is_prod":false,"is_daily":false,"chose_seed":false,"campfire_upgraded":3,"win_rate":0,"timestamp":1550069694,"path_taken":["M","?","?","?","?","R","E","M","T","R","?","E","R","E","R","BOSS"],"build_version":"2019-01-23","purchased_purges":0,"victory":false,"max_hp_per_floor":[71,71,71,71,71,71,71,71,71,71,71,71,71,71,71,71],"card_choices":[{"not_picked":["Conserve Battery","Redo"],"picked":"Rebound","floor":1.0},{"not_picked":["Heatsinks","Barrage","Capacitor"],"picked":"SKIP","floor":3.0},{"not_picked":["Stack","Steam Power"],"picked":"Conserve Battery","floor":7.0},{"not_picked":["Stack","Chill"],"picked":"Glacier","floor":8.0},{"not_picked":["Cold Snap","Blizzard"],"picked":"Genetic Algorithm","floor":12.0},{"not_picked":["Turbo","Undo","Thunder Strike"],"picked":"SKIP","floor":14}],"player_experience":349724,"relics_obtained":[{"floor":7.0,"key":"Bag of Marbles"},{"floor":9.0,"key":"Juzu Bracelet"},{"floor":12.0,"key":"DataDisk"},{"floor":14,"key":"Sundial"}],"event_choices":[{"damage_healed":0.0,"max_hp_gain":0.0,"max_hp_loss":0.0,"gold_gain":0.0,"event_name":"Lab","player_choice":"Got Potions","floor":2.0,"gold_loss":0.0,"damage_taken":0.0},{"damage_healed":0.0,"max_hp_gain":0.0,"max_hp_loss":0.0,"gold_gain":75.0,"event_name":"World of Goop","player_choice":"Gather Gold","floor":4.0,"gold_loss":0.0,"damage_taken":11.0},{"cards_removed":["Strike_B"],"damage_healed":0.0,"max_hp_gain":0.0,"max_hp_loss":0.0,"gold_gain":0.0,"event_name":"Golden Wing","player_choice":"Card Removal","floor":5.0,"gold_loss":0.0,"damage_taken":7.0},{"damage_healed":0.0,"max_hp_gain":0.0,"max_hp_loss":0.0,"gold_gain":0.0,"event_name":"Shining Light","player_choice":"Ignored","floor":11.0,"gold_loss":0.0,"damage_taken":0.0}],"is_beta":false,"boss_relics":[],"items_purged_floors":[],"is_endless":false,"potions_floor_spawned":[3,7,8],"killed_by":"Hexaghost","ascension_level":16}