{"gold_per_floor":[209,209,223,236,87,116,116,66,66,66,77,92,121,139,139,237,237,237,237,237,237,4,4,4,4,4,4,4,4,4,4,4,4,4,4,4,4,4,4,4,4,0,0,0,0,0,0,0,0,0],"floor_reached":51,"playtime":1721,"items_purged":["Strike_B"],"score":779,"play_id":"3866954d-00b5-4707-a743-ba359032810d","local_time":"20190305185417","is_ascension_mode":false,"campfire_choices":[{"data":"Zap","floor":7.0,"key":"SMITH"},{"data":"Tempest","floor":10.0,"key":"SMITH"},{"floor":15.0,"key":"REST"},{"data":"Storm","floor":23.0,"key":"SMITH"},{"data":"Hello World","floor":32,"key":"SMITH"},{"data":"White Noise","floor":49,"key":"SMITH"}],"neow_cost":"NONE","seed_source_timestamp":11125331242897,"circlet_count":0,"master_deck":["Defend_B+1","Defend_B+1","Defend_B+1","Defend_B+1","Zap+1","Dualcast","Tempest+1","Storm+1","Conserve Battery+1","Loop","Cold Snap","Tempest","Cold Snap","Ball Lightning","Coolheaded+1","Machine Learning","Conserve Battery","White Noise+1","Hello World+1","Double Energy","Auto Shields","Biased Cognition","Leap+1","Coolheaded+1","Static Discharge+1","Conserve Battery+1","Writhe","Steam Power"],"special_seed":0,"relics":["Cracked Core","Calipers","Dream Catcher","Emotion Chip","Torii","Ectoplasm","Juzu Bracelet","FossilizedHelix","DataDisk","War Paint","Nuclear Battery","Symbiotic Virus","Spirit Poop","Red Mask","Mercury Hourglass","Regal Pillow"],"potions_floor_usage":[27,35,50,50],"damage_taken":[{"damage":0.0,"enemies":"Small Slimes","floor":1.0,"turns":2.0},{"damage":0.0,"enemies":"Cultist","floor":3.0,"turns":3.0},{"damage":5.0,"enemies":"Jaw Worm","floor":4.0,"turns":4.0},{"damage":29.0,"enemies":"3 Sentries","floor":6.0,"turns":7.0},{"damage":0.0,"enemies":"Large Slime","floor":11.0,"turns":4.0},{"damage":0.0,"enemies":"Blue Slaver","floor":12.0,"turns":3.0},{"damage":13.0,"enemies":"Lagavulin","floor":13.0,"turns":5.0},{"damage":0.0,"enemies":"2 Fungi Beasts","floor":14.0,"turns":3.0},{"damage":4.0,"enemies":"The Guardian","floor":16.0,"turns":9.0},{"damage":0.0,"enemies":"Chosen","floor":18.0,"turns":4.0},{"damage":26.0,"enemies":"3 Byrds","floor":20.0,"turns":4.0},{"damage":8.0,"enemies":"Centurion and Healer","floor":21.0,"turns":12.0},{"damage":0,"enemies":"Slavers","floor":27,"turns":1},{"damage":0,"enemies":"Snake Plant","floor":31,"turns":3},{"damage":0,"enemies":"Automaton","floor":33,"turns":10},{"damage":9,"enemies":"3 Darklings","floor":35,"turns":4},{"damage":0,"enemies":"Orb Walker","floor":38,"turns":3},{"damage":0,"enemies":"3 Darklings","floor":39,"turns":4},{"damage":10,"enemies":"Reptomancer","floor":40,"turns":5},{"damage":0,"enemies":"Sphere and 2 Shapes","floor":45,"turns":3},{"damage":0,"enemies":"Maw","floor":47,"turns":6},{"damage":31,"enemies":"Donu and Deca","floor":50,"turns":8}],"seed_played":"4127294916326984030","potions_obtained":[{"floor":1.0,"key":"SkillPotion"},{"floor":6.0,"key":"FocusPotion"},{"floor":11.0,"key":"SmokeBomb"},{"floor":13.0,"key":"Strength Potion"},{"floor":31,"key":"SpeedPotion"},{"floor":33,"key":"Explosive Potion"},{"floor":45,"key":"GamblersBrew"}],"is_trial":false,"path_per_floor":["M","?","M","M","$","E","R","?","T","R","M","M","E","M","R","B",null,"M","?","M","M","$","R","?","?","T","E","?","?","?","M","R","B",null,"M","$","?","M","M","E","?","?","T","?","M","?","M","T","R","B",null],"character_chosen":"DEFECT","items_purchased":["Loop","Juzu Bracelet","Hello World"],"campfire_rested":1,"item_purchase_floors":[5,22,22],"current_hp_per_floor":[75,75,75,70,70,41,41,41,41,41,41,41,28,28,50,46,75,75,75,49,41,41,41,41,41,41,41,41,41,41,41,41,41,75,66,66,66,66,66,56,56,56,56,56,56,75,75,75,75,44],"gold":0,"neow_bonus":"HUNDRED_GOLD","is_prod":false,"is_daily":false,"chose_seed":false,"campfire_upgraded":5,"win_rate":0,"timestamp":1551833657,"path_taken":["M","?","M","M","?","E","R","?","T","R","M","M","E","M","R","BOSS","M","?","M","M","$","R","?","?","T","E","?","?","?","M","R","BOSS","M","$","?","M","M","E","?","?","T","?","M","?","M","?","R","BOSS"],"build_version":"2019-01-23","purchased_purges":1,"victory":true,"max_hp_per_floor":[75,75,75,75,75,75,75,75,75,75,75,75,75,75,75,75,75,75,75,75,75,75,75,75,75,75,75,75,75,75,75,75,75,75,75,75,75,75,75,75,75,75,75,75,75,75,75,75,75,75],"card_choices":[{"not_picked":["Leap","Coolheaded"],"picked":"Tempest","floor":1.0},{"not_picked":["Stack","Barrage"],"picked":"Storm","floor":3.0},{"not_picked":["Aggregate","Leap"],"picked":"Conserve Battery","floor":4.0},{"not_picked":["Stack","FTL"],"picked":"Cold Snap","floor":6.0},{"not_picked":["Stack","Barrage"],"picked":"Tempest","floor":11.0},{"not_picked":["Conserve Battery","Beam Cell"],"picked":"Cold Snap","floor":12.0},{"not_picked":["Scrape","FTL","Hyperbeam"],"picked":"SKIP","floor":13.0},{"not_picked":["Chill","Beam Cell"],"picked":"Ball Lightning","floor":14.0},{"not_picked":["Hologram","Steam Power"],"picked":"Coolheaded","floor":15.0},{"not_picked":["Meteor Strike","Reboot"],"picked":"Machine Learning","floor":16.0},{"not_picked":["Turbo","Sweeping Beam+1","Aggregate"],"picked":"SKIP","floor":18.0},{"not_picked":["Gash","Streamline"],"picked":"Conserve Battery","floor":20.0},{"not_picked":["Force Field+1","Buffer"],"picked":"White Noise","floor":21.0},{"not_picked":["Gash","Chaos"],"picked":"Compile Driver","floor":31},{"not_picked":["Thunder Strike","Echo Form"],"picked":"Biased Cognition","floor":33},{"not_picked":["Beam Cell","Rebound"],"picked":"Leap+1","floor":35},{"not_picked":["Compile Driver+1","Stack","Barrage+1"],"picked":"SKIP","floor":38},{"not_picked":["Rebound","Glacier"],"picked":"Coolheaded+1","floor":39},{"not_picked":["Hologram","Scrape"],"picked":"Static Discharge+1","floor":40},{"not_picked":["Skim","Chaos"],"picked":"Conserve Battery+1","floor":45},{"not_picked":["Compile Driver+1","Aggregate+1"],"picked":"Steam Power","floor":47}],"player_experience":990181,"relics_obtained":[{"floor":6.0,"key":"Dream Catcher"},{"floor":9.0,"key":"Emotion Chip"},{"floor":13.0,"key":"Torii"},{"floor":26.0,"key":"DataDisk"},{"floor":40,"key":"Symbiotic Virus"},{"floor":43,"key":"Mercury Hourglass"},{"floor":48,"key":"Regal Pillow"}],"event_choices":[{"damage_healed":0.0,"max_hp_gain":0.0,"max_hp_loss":0.0,"gold_gain":0.0,"event_name":"WeMeetAgain","player_choice":"Gave Potion","floor":2.0,"gold_loss":0.0,"damage_taken":0.0,"relics_obtained":["Calipers"]},{"cards_removed":["Strike_B"],"damage_healed":0.0,"max_hp_gain":0.0,"max_hp_loss":0.0,"gold_gain":0.0,"event_name":"The Cleric","player_choice":"Card Removal","floor":8.0,"gold_loss":50.0,"damage_taken":0.0},{"damage_healed":0.0,"max_hp_gain":0.0,"max_hp_loss":0.0,"gold_gain":0.0,"event_name":"Ghosts","player_choice":"Ignored","floor":19.0,"gold_loss":0.0,"damage_taken":0.0},{"damage_healed":0.0,"max_hp_gain":0.0,"max_hp_loss":0.0,"gold_gain":0.0,"event_name":"The Mausoleum","player_choice":"Opened","floor":24.0,"gold_loss":0.0,"damage_taken":0.0,"relics_obtained":["FossilizedHelix"]},{"damage_healed":0.0,"max_hp_gain":0.0,"max_hp_loss":0.0,"gold_gain":0.0,"cards_transformed":["Strike_B","Strike_B"],"event_name":"Drug Dealer","player_choice":"Became Test Subject","floor":25.0,"gold_loss":0.0,"damage_taken":0.0,"cards_obtained":["Double Energy","Auto Shields"]},{"damage_healed":0,"gold_gain":0,"player_choice":"Simplicity","damage_taken":0,"max_hp_gain":0,"max_hp_loss":0,"event_name":"Back to Basics","floor":28,"gold_loss":0,"cards_upgraded":["Defend_B","Defend_B","Defend_B","Defend_B"]},{"damage_healed":0,"gold_gain":0,"player_choice":"Ignored","damage_taken":0,"max_hp_gain":0,"max_hp_loss":0,"event_name":"Beggar","floor":29,"gold_loss":0},{"damage_healed":0,"gold_gain":0,"player_choice":"Stole Relic","damage_taken":0,"relics_obtained":["War Paint"],"max_hp_gain":0,"max_hp_loss":0,"event_name":"Addict","floor":30,"gold_loss":0,"cards_obtained":["Shame"]},{"damage_healed":0,"gold_gain":0,"player_choice":"Ignored","damage_taken":0,"max_hp_gain":0,"max_hp_loss":0,"event_name":"Mysterious Sphere","floor":37,"gold_loss":0},{"cards_removed":["Shame"],"damage_healed":0,"gold_gain":0,"player_choice":"Offered Curse","damage_taken":0,"relics_obtained":["Spirit Poop"],"max_hp_gain":0,"max_hp_loss":0,"event_name":"Bonfire Elementals","floor":41,"gold_loss":0},{"damage_healed":0,"gold_gain":0,"player_choice":"Paid","damage_taken":0,"relics_obtained":["Red Mask"],"max_hp_gain":0,"max_hp_loss":0,"event_name":"Tomb of Lord Red Mask","floor":42,"gold_loss":4},{"cards_removed":["Compile Driver"],"damage_healed":0,"gold_gain":0,"player_choice":"Removed Attack","damage_taken":0,"max_hp_gain":0,"max_hp_loss":0,"event_name":"Falling","floor":44,"gold_loss":0},{"damage_healed":19,"gold_gain":0,"player_choice":"Writhe","damage_taken":0,"max_hp_gain":0,"max_hp_loss":0,"event_name":"Winding Halls","floor":46,"gold_loss":0,"cards_obtained":["Writhe"]}],"is_beta":false,"boss_relics":[{"not_picked":["Inserter","Pandora\u0027s Box"],"picked":"Ectoplasm"},{"not_picked":["Fusion Hammer","Orrery"],"picked":"Nuclear Battery"}],"items_purged_floors":[5],"is_endless":false,"potions_floor_spawned":[1,6,11,13,31,33,45],"ascension_level":0}