{"path_per_floor":["M","?","?","M","M","E","R","M","T","M","E","M","R","E","R","B",null,"M","?","$","M","?","R","E","T","T","M"],"character_chosen":"DEFECT","items_purchased":["Gash+1","Loop","Stack"],"gold_per_floor":[13,13,13,27,47,75,75,93,93,109,172,182,182,214,214,312,312,329,244,71,88,13,13,38,61,129,143,143],"floor_reached":28,"campfire_rested":2,"playtime":1532,"item_purchase_floors":[20,20,20],"current_hp_per_floor":[61,61,61,59,54,38,38,22,22,15,2,2,24,8,30,19,61,59,59,59,59,59,59,18,18,18,5,0],"items_purged":[],"gold":143,"score":348,"play_id":"21353909-fb70-45ad-8525-eb3558a579d0","local_time":"20180606174537","is_prod":false,"is_daily":false,"chose_seed":false,"is_ascension_mode":true,"campfire_upgraded":2,"win_rate":0,"timestamp":1528299937,"campfire_choices":[{"data":"Hologram","floor":7.0,"key":"SMITH"},{"floor":13.0,"key":"REST"},{"floor":15.0,"key":"REST"},{"data":"Hello World","floor":23,"key":"SMITH"}],"path_taken":["M","?","?","M","M","E","R","?","T","M","E","M","R","E","R","BOSS","M","?","?","M","?","R","E","?","T","M","E"],"build_version":"2018-05-31","seed_source_timestamp":1813753598890598,"purchased_purges":0,"victory":false,"master_deck":["Strike_B","Strike_B","Strike_B","Defend_B","Defend_B","Defend_B","Defend_B","Zap+1","Dualcast","Echo Form","Conserve Battery","Coolheaded","Cold Snap","Hologram+1","Streamline","Leap","BootSequence","Barrage+1","Streamline+1","Core Surge+1","Gash+1","Gash+1","Loop","Stack","Hello World+1","Sweeping Beam+1","Conserve Battery+1"],"max_hp_per_floor":[75,75,75,75,75,75,75,75,75,75,75,75,75,75,75,75,75,75,75,75,75,75,75,75,75,75,75,75],"relics":["Cracked Core","Gremlin Horn","Molten Egg 2","Tiny Chest","Pantograph","Runic Dome","Blue Candle","Bottled Flame","Omamori","Question Card"],"card_choices":[{"not_picked":["Creative AI","Fission"],"picked":"Echo Form","floor":0.0},{"not_picked":["Streamline","FTL"],"picked":"Conserve Battery","floor":1.0},{"not_picked":["Recycle","Steam"],"picked":"Coolheaded","floor":4.0},{"not_picked":["Conserve Battery","Barrage"],"picked":"Cold Snap","floor":5.0},{"not_picked":["Rebound","Cold Snap"],"picked":"Hologram","floor":6.0},{"not_picked":["Sweeping Beam","Aggregate"],"picked":"Streamline","floor":8.0},{"not_picked":["Stack","Force Field"],"picked":"Leap","floor":10.0},{"not_picked":["Buffer","Aggregate"],"picked":"BootSequence","floor":11.0},{"not_picked":["Stack","Coolheaded"],"picked":"Barrage+1","floor":12.0},{"not_picked":["Redo","Genetic Algorithm"],"picked":"Streamline+1","floor":14.0},{"not_picked":["All For One+1","Thunder Strike+1"],"picked":"Core Surge+1","floor":16.0},{"not_picked":["Chill","Ball Lightning+1"],"picked":"Gash+1","floor":18},{"not_picked":["Undo","Hologram"],"picked":"Hello World","floor":21},{"not_picked":["Darkness","Creative AI"],"picked":"Sweeping Beam+1","floor":24},{"not_picked":["Ball Lightning+1","Hologram","Sweeping Beam+1"],"picked":"Conserve Battery+1","floor":27}],"player_experience":478823,"potions_floor_usage":[28,28],"damage_taken":[{"damage":7.0,"enemies":"Small Slimes","floor":1.0,"turns":3.0},{"damage":2.0,"enemies":"Jaw Worm","floor":4.0,"turns":4.0},{"damage":5.0,"enemies":"2 Louse","floor":5.0,"turns":2.0},{"damage":16.0,"enemies":"Gremlin Nob","floor":6.0,"turns":4.0},{"damage":16.0,"enemies":"Exordium Thugs","floor":8.0,"turns":6.0},{"damage":7.0,"enemies":"Large Slime","floor":10.0,"turns":6.0},{"damage":13.0,"enemies":"Lagavulin","floor":11.0,"turns":8.0},{"damage":0.0,"enemies":"Looter","floor":12.0,"turns":2.0},{"damage":16.0,"enemies":"Gremlin Nob","floor":14.0,"turns":5.0},{"damage":36.0,"enemies":"Slime Boss","floor":16.0,"turns":6.0},{"damage":2,"enemies":"3 Byrds","floor":18,"turns":4},{"damage":0,"enemies":"2 Thieves","floor":21,"turns":3},{"damage":41,"enemies":"Book of Stabbing","floor":24,"turns":6},{"damage":13,"enemies":"Cultist and Chosen","floor":27,"turns":4},{"damage":6,"enemies":"Slavers","floor":28,"turns":1}],"relics_obtained":[{"floor":6.0,"key":"Gremlin Horn"},{"floor":9.0,"key":"Molten Egg 2"},{"floor":11.0,"key":"Tiny Chest"},{"floor":14.0,"key":"Pantograph"},{"floor":24,"key":"Bottled Flame"},{"floor":25,"key":"Omamori"},{"floor":26,"key":"Question Card"}],"event_choices":[{"event_name":"The Cleric","player_choice":"Leave","floor":2.0,"damage_taken":0.0},{"event_name":"Living Wall","player_choice":"Grow","floor":3.0,"damage_taken":0.0},{"event_name":"Addict","player_choice":"Obtained Relic","floor":19,"damage_taken":0},{"event_name":"Beggar","player_choice":"Gave Gold","floor":22,"damage_taken":0}],"boss_relics":[{"not_picked":["Sozu","Philosopher\u0027s Stone"],"picked":"Runic Dome"}],"items_purged_floors":[],"potions_floor_spawned":[4,5,11,14,16,18],"seed_played":"-5369601923456796001","killed_by":"Slavers","ascension_level":7,"potions_obtained":[{"floor":4.0,"key":"Poison Potion"},{"floor":5.0,"key":"Block Potion"},{"floor":11.0,"key":"EssenceOfSteel"},{"floor":14.0,"key":"PowerPotion"},{"floor":16.0,"key":"Dexterity Potion"},{"floor":18,"key":"Dexterity Potion"}],"is_trial":false}