{"gold_per_floor":[110,130,141,161,171,171,199,199,199,40,40,52,80,100,100,100],"floor_reached":16,"playtime":751,"items_purged":["Strike_B"],"score":160,"play_id":"b68d61c8-e210-45f5-913e-a5bec4870101","local_time":"20190206105530","is_ascension_mode":true,"campfire_choices":[{"floor":6,"key":"REST"},{"floor":8,"key":"REST"},{"floor":11,"key":"REST"},{"floor":15,"key":"REST"}],"neow_cost":"NONE","seed_source_timestamp":3123042527289,"circlet_count":0,"master_deck":["Strike_B+1","Strike_B","Strike_B+1","Defend_B","Defend_B","Defend_B","Defend_B","Zap","Dualcast","White Noise","Leap","Leap","Gash","Defragment","Coolheaded","Glacier","Multi-Cast","Hologram"],"relics":["Cracked Core","Juzu Bracelet","Whetstone","Mercury Hourglass","Pear"],"potions_floor_usage":[7,7,12,12,12,13],"damage_taken":[{"damage":1,"enemies":"Cultist","floor":1,"turns":3},{"damage":8,"enemies":"Jaw Worm","floor":2,"turns":4},{"damage":7,"enemies":"Small Slimes","floor":3,"turns":3},{"damage":37,"enemies":"Exordium Thugs","floor":4,"turns":6},{"damage":3,"enemies":"Exordium Wildlife","floor":5,"turns":3},{"damage":29,"enemies":"Gremlin Nob","floor":7,"turns":4},{"damage":19,"enemies":"Gremlin Gang","floor":12,"turns":4},{"damage":5,"enemies":"3 Sentries","floor":13,"turns":6},{"damage":14,"enemies":"Exordium Thugs","floor":14,"turns":5},{"damage":58,"enemies":"Hexaghost","floor":16,"turns":16}],"seed_played":"8134494499399952144","potions_obtained":[{"floor":1,"key":"EntropicBrew"},{"floor":2,"key":"Poison Potion"},{"floor":5,"key":"PowerPotion"},{"floor":12,"key":"Fire Potion"}],"is_trial":false,"path_per_floor":["M","M","M","M","M","R","E","R","T","$","R","M","E","M","R","B"],"character_chosen":"DEFECT","items_purchased":["Defragment","Coolheaded"],"campfire_rested":4,"item_purchase_floors":[10,10],"current_hp_per_floor":[67,59,52,15,12,34,5,27,27,27,49,39,44,30,55,0],"gold":100,"neow_bonus":"RANDOM_COMMON_RELIC","is_prod":false,"is_daily":false,"chose_seed":false,"campfire_upgraded":0,"win_rate":0,"timestamp":1549418130,"path_taken":["M","M","M","M","M","R","E","R","T","$","R","M","E","M","R","BOSS"],"build_version":"2019-01-23","purchased_purges":1,"victory":false,"max_hp_per_floor":[75,75,75,75,75,75,75,75,75,75,75,75,85,85,85,85],"card_choices":[{"not_picked":["Conserve Battery","Hologram"],"picked":"White Noise","floor":1},{"not_picked":["Chill","Redo","Hologram"],"picked":"SKIP","floor":2},{"not_picked":["Ball Lightning","Steam"],"picked":"Leap","floor":3},{"not_picked":["Hologram","Storm"],"picked":"Leap","floor":4},{"not_picked":["Capacitor","Echo Form"],"picked":"Gash","floor":5},{"not_picked":["Cold Snap","Leap","Sweeping Beam"],"picked":"SKIP","floor":7},{"not_picked":["Lockon","Barrage"],"picked":"Glacier","floor":12},{"not_picked":["Lockon","FTL"],"picked":"Multi-Cast","floor":13},{"not_picked":["Coolheaded","Steam Power"],"picked":"Hologram","floor":14}],"player_experience":274790,"relics_obtained":[{"floor":7,"key":"Whetstone"},{"floor":9,"key":"Mercury Hourglass"},{"floor":13,"key":"Pear"}],"event_choices":[],"is_beta":false,"boss_relics":[],"items_purged_floors":[10],"is_endless":false,"potions_floor_spawned":[1,2,5,12],"killed_by":"Hexaghost","ascension_level":8}