{"gold_per_floor":[119,139,38,57,77,77,88,88,88,106,106,130,157,172,172,268,268,283,283,283,72,72,72,72,103,177,188,213,225,238,258,258,258],"floor_reached":33,"playtime":1538,"items_purged":["Strike_B","Strike_B"],"score":289,"play_id":"9ed0ae2a-a74e-481c-b866-d02bb6e368db","local_time":"20190204180505","is_ascension_mode":false,"campfire_choices":[{"data":"Sunder","floor":6,"key":"SMITH"},{"data":"Zap","floor":11,"key":"SMITH"},{"data":"Streamline","floor":15,"key":"SMITH"},{"data":"Impatience","floor":23,"key":"SMITH"},{"floor":32,"key":"REST"}],"neow_cost":"NONE","seed_source_timestamp":1531489297973648,"circlet_count":0,"master_deck":["Strike_B","Strike_B","Defend_B","Defend_B","Defend_B","Defend_B","Zap+1","Dualcast","Conserve Battery","Cold Snap","Rebound","Glacier","Sunder+1","Gash","Conserve Battery","Streamline+1","Creative AI","Tempest","Electrodynamics","Self Repair","Necronomicurse","Tempest","Impatience+1","Streamline","Reboot","Normality","Defragment","FTL+1","Double Energy+1"],"relics":["Cracked Core","Strawberry","Oddly Smooth Stone","Regal Pillow","Odd Mushroom","Question Card","Cursed Key","Necronomicon","Du-Vu Doll","Bag of Preparation"],"potions_floor_usage":[13,25,28,28,31,33],"damage_taken":[{"damage":7,"enemies":"Small Slimes","floor":1,"turns":3},{"damage":0,"enemies":"2 Louse","floor":2,"turns":3},{"damage":0,"enemies":"Jaw Worm","floor":4,"turns":3},{"damage":0,"enemies":"2 Fungi Beasts","floor":5,"turns":4},{"damage":1,"enemies":"Red Slaver","floor":7,"turns":3},{"damage":0,"enemies":"3 Louse","floor":10,"turns":3},{"damage":7,"enemies":"The Mushroom Lair","floor":12,"turns":4},{"damage":16,"enemies":"3 Sentries","floor":13,"turns":4},{"damage":0,"enemies":"2 Fungi Beasts","floor":14,"turns":2},{"damage":14,"enemies":"Hexaghost","floor":16,"turns":11},{"damage":0,"enemies":"Spheric Guardian","floor":18,"turns":3},{"damage":20,"enemies":"Slavers","floor":25,"turns":6},{"damage":12,"enemies":"Shell Parasite","floor":27,"turns":4},{"damage":12,"enemies":"Book of Stabbing","floor":28,"turns":2},{"damage":7,"enemies":"Snecko","floor":29,"turns":3},{"damage":7,"enemies":"Snake Plant","floor":30,"turns":2},{"damage":13,"enemies":"Cultist and Chosen","floor":31,"turns":5},{"damage":62,"enemies":"Automaton","floor":33,"turns":6}],"seed_played":"6614076418813424182","potions_obtained":[{"floor":4,"key":"LiquidBronze"},{"floor":5,"key":"Fire Potion"},{"floor":10,"key":"Swift Potion"},{"floor":22,"key":"FocusPotion"},{"floor":22,"key":"LiquidBronze"},{"floor":22,"key":"Block Potion"},{"floor":25,"key":"Dexterity Potion"},{"floor":30,"key":"AttackPotion"}],"is_trial":false,"path_per_floor":["M","M","$","M","M","R","M","?","T","M","R","?","E","M","R","B",null,"M","?","?","$","?","R","$","E","T","M","E","M","M","M","R","B"],"character_chosen":"DEFECT","items_purchased":["Rebound","Impatience","Streamline"],"campfire_rested":1,"item_purchase_floors":[3,21,21],"current_hp_per_floor":[75,75,75,75,75,75,74,49,49,49,49,42,26,26,26,12,82,82,66,66,66,66,66,66,53,53,48,36,29,22,16,55,0],"gold":258,"neow_bonus":"RANDOM_COMMON_RELIC","is_prod":false,"is_daily":false,"chose_seed":false,"campfire_upgraded":4,"win_rate":0,"timestamp":1549321505,"path_taken":["M","M","$","M","M","R","M","?","T","M","R","?","E","M","R","BOSS","M","?","?","$","?","R","$","E","T","?","E","M","M","M","R","BOSS"],"build_version":"2019-01-23","purchased_purges":2,"victory":false,"max_hp_per_floor":[82,82,82,82,82,82,82,82,82,82,82,82,82,82,82,82,82,82,82,82,82,82,82,82,82,82,82,82,82,82,82,82,82],"card_choices":[{"not_picked":["Steam Power","FTL"],"picked":"Conserve Battery","floor":1},{"not_picked":["Steam","Self Repair"],"picked":"Cold Snap","floor":2},{"not_picked":["FTL","Redo"],"picked":"Glacier","floor":4},{"not_picked":["Steam","Barrage"],"picked":"Sunder","floor":5},{"not_picked":["Redo","Steam Power"],"picked":"Gash","floor":7},{"not_picked":["Melter","White Noise"],"picked":"Conserve Battery","floor":10},{"not_picked":["Turbo","Stack"],"picked":"Streamline","floor":12},{"not_picked":["Skim","Redo"],"picked":"Creative AI","floor":13},{"not_picked":["BootSequence","Ball Lightning","Stack"],"picked":"Tempest","floor":14},{"not_picked":["Fission","Thunder Strike","All For One"],"picked":"Electrodynamics","floor":16},{"not_picked":["Ball Lightning","Barrage","Beam Cell"],"picked":"Self Repair","floor":18},{"not_picked":["Compile Driver","Force Field+1","Darkness"],"picked":"Reboot","floor":25},{"not_picked":["Capacitor+1","Barrage","Compile Driver"],"picked":"Defragment","floor":27},{"not_picked":["Reinforced Body+1","Aggregate","Heatsinks"],"picked":"FTL+1","floor":28},{"not_picked":["Barrage+1","Force Field","Ball Lightning"],"picked":"Double Energy+1","floor":29},{"not_picked":["Recycle","Cold Snap","Compile Driver","Hologram"],"picked":"SKIP","floor":30},{"not_picked":["Rip and Tear+1","Cold Snap+1","Static Discharge","White Noise"],"picked":"SKIP","floor":31}],"player_experience":674722,"relics_obtained":[{"floor":9,"key":"Regal Pillow"},{"floor":12,"key":"Odd Mushroom"},{"floor":13,"key":"Question Card"},{"floor":19,"key":"Necronomicon"},{"floor":25,"key":"Du-Vu Doll"},{"floor":28,"key":"Bag of Preparation"}],"event_choices":[{"damage_healed":0,"gold_gain":0,"player_choice":"Success","damage_taken":25,"relics_obtained":["Oddly Smooth Stone"],"max_hp_gain":0,"max_hp_loss":0,"event_name":"Scrap Ooze","floor":8,"gold_loss":0},{"damage_healed":0,"gold_gain":0,"player_choice":"Fought Mushrooms","damage_taken":0,"max_hp_gain":0,"max_hp_loss":0,"event_name":"Mushrooms","floor":12,"gold_loss":0},{"damage_healed":0,"gold_gain":0,"player_choice":"Obtained Book","damage_taken":16,"max_hp_gain":0,"max_hp_loss":0,"event_name":"Cursed Tome","floor":19,"gold_loss":0},{"damage_healed":0,"gold_gain":0,"player_choice":"Read","damage_taken":0,"max_hp_gain":0,"max_hp_loss":0,"event_name":"The Library","floor":20,"gold_loss":0,"cards_obtained":["Tempest"]},{"damage_healed":0,"gold_gain":0,"player_choice":"Got Potions","damage_taken":0,"max_hp_gain":0,"max_hp_loss":0,"event_name":"Lab","floor":22,"gold_loss":0}],"is_beta":false,"boss_relics":[{"not_picked":["Tiny House","Snecko Eye"],"picked":"Cursed Key"}],"items_purged_floors":[3,21],"is_endless":false,"potions_floor_spawned":[4,5,10,25,27,30],"killed_by":"Automaton","ascension_level":0}