{"gold_per_floor":[110,120,120,140,12,12,44,44,44,72,91,112,132,146,146,247,247,265,265,276,551,67,67,95,112,112,112,147,161,189,209,209,308,308,328,18,18,18,36,71,91,119,164,164,184,184,184,200,200,200],"floor_reached":51,"playtime":3241,"items_purged":["Doubt","Regret"],"score":1391,"play_id":"87c36660-ebb4-47d3-8c94-f536668baa78","local_time":"20190207185541","is_ascension_mode":true,"campfire_choices":[{"data":"Corpse Explosion","floor":6.0,"key":"SMITH"},{"data":"Deadly Poison","floor":15.0,"key":"SMITH"},{"data":"A Thousand Cuts","floor":23.0,"key":"SMITH"},{"data":"Caltrops","floor":27.0,"key":"SMITH"},{"floor":32.0,"key":"REST"},{"data":"Footwork","floor":44,"key":"SMITH"},{"data":"Tools of the Trade","floor":47,"key":"SMITH"},{"data":"Survivor","floor":49,"key":"SMITH"}],"neow_cost":"CURSE","seed_source_timestamp":0,"circlet_count":0,"master_deck":["AscendersBane","Defend_G","Defend_G","Defend_G","Defend_G","Defend_G","Survivor+1","Neutralize","Dagger Spray+1","Quick Slash+1","Blur","Corpse Explosion+1","Deadly Poison+1","PiercingWail","Deflect+1","Malaise+1","Escape Plan+1","Caltrops+1","Dodge and Roll+1","Dodge and Roll+1","Doppelganger+1","Riddle With Holes","A Thousand Cuts+1","PiercingWail+1","Bandage Up+1","Blur+1","Backflip+1","Acrobatics+1","Footwork+1","Burst+1","Cloak And Dagger+1","Outmaneuver+1","Tools of the Trade+1","Parasite","Deadly Poison+1","Parasite","Backflip+1"],"special_seed":0,"relics":["Ring of the Snake","Toxic Egg 2","Regal Pillow","Lantern","Odd Mushroom","Cursed Key","Art of War","Bronze Scales","Whetstone","Ancient Tea Set","Dream Catcher","White Beast Statue","Ice Cream","Juzu Bracelet","PreservedInsect","Strawberry"],"potions_floor_usage":[40,40,42,45,45,50],"damage_taken":[{"damage":2.0,"enemies":"2 Louse","floor":1.0,"turns":4.0},{"damage":0.0,"enemies":"Cultist","floor":2.0,"turns":3.0},{"damage":0.0,"enemies":"Small Slimes","floor":4.0,"turns":3.0},{"damage":46.0,"enemies":"Gremlin Nob","floor":7.0,"turns":5.0},{"damage":8.0,"enemies":"3 Sentries","floor":10.0,"turns":3.0},{"damage":0.0,"enemies":"2 Fungi Beasts","floor":11.0,"turns":2.0},{"damage":0.0,"enemies":"The Mushroom Lair","floor":12.0,"turns":2.0},{"damage":0.0,"enemies":"Blue Slaver","floor":13.0,"turns":4.0},{"damage":0.0,"enemies":"Large Slime","floor":14.0,"turns":8.0},{"damage":4.0,"enemies":"Hexaghost","floor":16.0,"turns":10.0},{"damage":4.0,"enemies":"3 Byrds","floor":18.0,"turns":2.0},{"damage":0.0,"enemies":"Chosen","floor":20.0,"turns":6.0},{"damage":14.0,"enemies":"Gremlin Leader","floor":24.0,"turns":6.0},{"damage":0.0,"enemies":"Snake Plant","floor":25.0,"turns":4.0},{"damage":26.0,"enemies":"Slavers","floor":28.0,"turns":3.0},{"damage":0.0,"enemies":"Chosen and Byrds","floor":29.0,"turns":6.0},{"damage":0.0,"enemies":"Book of Stabbing","floor":30.0,"turns":6.0},{"damage":14.0,"enemies":"Sentry and Sphere","floor":31.0,"turns":7.0},{"damage":0.0,"enemies":"Automaton","floor":33.0,"turns":11.0},{"damage":37.0,"enemies":"3 Darklings","floor":35.0,"turns":6.0},{"damage":5,"enemies":"3 Shapes","floor":39,"turns":9},{"damage":0,"enemies":"Nemesis","floor":40,"turns":9},{"damage":0,"enemies":"Maw","floor":41,"turns":8},{"damage":0,"enemies":"Reptomancer","floor":42,"turns":7},{"damage":0,"enemies":"Jaw Worm Horde","floor":45,"turns":3},{"damage":0,"enemies":"Writhing Mass","floor":48,"turns":5},{"damage":3,"enemies":"Donu and Deca","floor":50,"turns":9}],"seed_played":"-5828227805284283572","potions_obtained":[{"floor":7.0,"key":"PowerPotion"},{"floor":11.0,"key":"SneckoOil"},{"floor":13.0,"key":"SpeedPotion"},{"floor":16.0,"key":"GamblersBrew"},{"floor":24.0,"key":"Fire Potion"},{"floor":31.0,"key":"Poison Potion"},{"floor":33.0,"key":"Weak Potion"},{"floor":35.0,"key":"Strength Potion"},{"floor":39,"key":"Regen Potion"},{"floor":40,"key":"PowerPotion"},{"floor":41,"key":"Fire Potion"},{"floor":42,"key":"FearPotion"},{"floor":45,"key":"Weak Potion"},{"floor":48,"key":"SteroidPotion"}],"is_trial":false,"path_per_floor":["M","M","?","M","$","R","E","?","T","E","M","?","M","M","R","B",null,"M","?","M","?","$","R","E","M","T","R","E","M","E","M","R","B",null,"M","$","?","$","M","E","M","E","T","R","M","?","R","M","R","B",null],"character_chosen":"THE_SILENT","items_purchased":["PiercingWail","Art of War","Bronze Scales","Bandage Up+1","Ice Cream"],"campfire_rested":1,"item_purchase_floors":[5,22,22,22,36],"current_hp_per_floor":[61,61,61,61,61,61,15,38,38,30,30,30,30,30,30,26,59,55,55,55,55,55,55,47,53,53,53,33,39,45,37,70,70,70,39,39,39,39,40,61,70,70,77,77,77,73,73,73,73,70],"gold":200,"neow_bonus":"TRANSFORM_TWO_CARDS","is_prod":false,"is_daily":false,"chose_seed":false,"campfire_upgraded":7,"win_rate":0,"timestamp":1549583741,"path_taken":["M","M","?","?","$","R","E","?","T","E","M","?","M","M","R","BOSS","M","?","M","?","$","R","E","M","T","R","E","?","E","M","R","BOSS","M","$","?","$","M","E","M","E","T","R","M","?","R","M","R","BOSS"],"build_version":"2019-01-23","purchased_purges":2,"victory":true,"max_hp_per_floor":[70,70,70,70,70,70,70,70,70,70,70,70,70,70,70,70,70,70,70,70,70,70,70,70,70,70,70,70,70,70,70,70,70,70,70,70,70,70,70,70,70,70,77,77,77,73,73,73,73,73],"card_choices":[{"not_picked":["Backflip","Acrobatics"],"picked":"Quick Slash","floor":1.0},{"not_picked":["Calculated Gamble","Backstab"],"picked":"Blur","floor":2.0},{"not_picked":["Backflip","Tactician"],"picked":"Deadly Poison","floor":4.0},{"not_picked":["Bane","PiercingWail"],"picked":"Deflect","floor":7.0},{"not_picked":["Deflect+1","Distraction+1"],"picked":"Malaise+1","floor":10.0},{"not_picked":["Sucker Punch","Endless Agony"],"picked":"Escape Plan+1","floor":11.0},{"not_picked":["All Out Attack","Flying Knee"],"picked":"Caltrops","floor":12.0},{"not_picked":["Accuracy","Distraction+1"],"picked":"Dodge and Roll+1","floor":13.0},{"not_picked":["Poisoned Stab","Sucker Punch"],"picked":"Dodge and Roll+1","floor":14.0},{"not_picked":["Die Die Die","Unload"],"picked":"Doppelganger+1","floor":16.0},{"not_picked":["Quick Slash","Infinite Blades","Underhanded Strike"],"picked":"SKIP","floor":18.0},{"not_picked":["Blade Dance+1","Deflect+1"],"picked":"PiercingWail+1","floor":20.0},{"not_picked":["Reflex+1","Escape Plan+1"],"picked":"Blur+1","floor":24.0},{"not_picked":["Poisoned Stab","Blade Dance+1"],"picked":"Backflip+1","floor":25.0},{"not_picked":["Underhanded Strike","Flying Knee","Masterful Stab"],"picked":"SKIP","floor":28.0},{"not_picked":["Endless Agony","Blade Dance+1","Masterful Stab"],"picked":"SKIP","floor":29.0},{"not_picked":["Endless Agony","Quick Slash","Underhanded Strike"],"picked":"SKIP","floor":30.0},{"not_picked":["Dagger Throw+1","Deflect+1"],"picked":"Acrobatics+1","floor":31.0},{"not_picked":["Deflect+1","Quick Slash"],"picked":"Footwork","floor":32.0},{"not_picked":["Doppelganger+1","Unload"],"picked":"Burst+1","floor":33.0},{"not_picked":["Outmaneuver+1","Infinite Blades"],"picked":"Cloak And Dagger+1","floor":35.0},{"not_picked":["Underhanded Strike+1","Bane"],"picked":"Outmaneuver+1","floor":39},{"not_picked":["Flying Knee+1","Bane"],"picked":"Tools of the Trade","floor":40},{"not_picked":["Accuracy","Eviscerate+1","Setup+1"],"picked":"SKIP","floor":41},{"not_picked":["Dagger Spray","Sucker Punch+1","Masterful Stab+1"],"picked":"SKIP","floor":42},{"not_picked":["Cloak And Dagger+1","Flechettes"],"picked":"Deadly Poison+1","floor":45},{"not_picked":["Dodge and Roll+1","Riddle With Holes+1"],"picked":"Backflip+1","floor":48}],"player_experience":692547,"relics_obtained":[{"floor":7.0,"key":"Toxic Egg 2"},{"floor":9.0,"key":"Regal Pillow"},{"floor":10.0,"key":"Lantern"},{"floor":12.0,"key":"Odd Mushroom"},{"floor":24.0,"key":"Whetstone"},{"floor":28.0,"key":"Ancient Tea Set"},{"floor":30.0,"key":"Dream Catcher"},{"floor":40,"key":"Juzu Bracelet"},{"floor":42,"key":"PreservedInsect"},{"floor":43,"key":"Strawberry"}],"event_choices":[{"damage_healed":0.0,"max_hp_gain":0.0,"max_hp_loss":0.0,"gold_gain":0.0,"cards_transformed":["Strike_G"],"event_name":"Transmorgrifier","player_choice":"Transformed","floor":3.0,"gold_loss":0.0,"damage_taken":0.0,"cards_obtained":["Corpse Explosion"]},{"damage_healed":23.0,"max_hp_gain":0.0,"max_hp_loss":0.0,"gold_gain":0.0,"event_name":"Big Fish","player_choice":"Banana","floor":8.0,"gold_loss":0.0,"damage_taken":0.0},{"damage_healed":0.0,"max_hp_gain":0.0,"max_hp_loss":0.0,"gold_gain":0.0,"event_name":"Mushrooms","player_choice":"Fought Mushrooms","floor":12.0,"gold_loss":0.0,"damage_taken":0.0},{"damage_healed":0.0,"max_hp_gain":0.0,"max_hp_loss":0.0,"gold_gain":0.0,"cards_transformed":["Strike_G","Strike_G"],"event_name":"Drug Dealer","player_choice":"Became Test Subject","floor":19.0,"gold_loss":0.0,"damage_taken":0.0,"cards_obtained":["Riddle With Holes","A Thousand Cuts"]},{"damage_healed":0.0,"max_hp_gain":0.0,"max_hp_loss":0.0,"gold_gain":275.0,"event_name":"Golden Shrine","player_choice":"Desecrate","floor":21.0,"gold_loss":0.0,"damage_taken":0.0,"cards_obtained":["Regret"]},{"cards_removed":["Phantasmal Killer"],"damage_healed":0,"gold_gain":0,"player_choice":"Purged","damage_taken":0,"max_hp_gain":0,"max_hp_loss":0,"event_name":"Purifier","floor":37,"gold_loss":0},{"damage_healed":0,"gold_gain":0,"player_choice":"Max HP","damage_taken":0,"max_hp_gain":0,"max_hp_loss":4,"event_name":"Winding Halls","floor":46,"gold_loss":0}],"is_beta":false,"boss_relics":[{"not_picked":["Busted Crown","Eternal Feather"],"picked":"Cursed Key"},{"not_picked":["Lizard Tail","Tiny House"],"picked":"White Beast Statue"}],"items_purged_floors":[5,22],"is_endless":false,"potions_floor_spawned":[7,11,13,16,24,25,28,31,33,35,39,40,41,42,45,48],"ascension_level":10}