{"gold_per_floor":[110,5,5,5,5,36,36,69,69,69,86,98,48,59,59,156,156,171,187,286,286,299,299],"floor_reached":23,"playtime":807,"items_purged":[],"score":311,"play_id":"b97924d0-be8c-4450-9740-de16b30e2a4b","local_time":"20190130235922","is_ascension_mode":true,"campfire_choices":[{"data":"Bash","floor":10,"key":"SMITH"},{"data":"Thunderclap","floor":15,"key":"SMITH"}],"neow_cost":"NONE","seed_source_timestamp":1732479829310891,"circlet_count":0,"master_deck":["Strike_R","Strike_R","Strike_R","Defend_R","Defend_R","Defend_R","Defend_R","Bash+1","Cleave","Shrug It Off","Thunderclap+1","Rampage+1","Infernal Blade","Metallicize","Fire Breathing","Juggernaut","Pommel Strike+1","Shrug It Off"],"relics":["Burning Blood","Pear","Molten Egg 2","Unceasing Top","Philosopher\u0027s Stone","Nloth\u0027s Gift"],"potions_floor_usage":[16,22,23],"damage_taken":[{"damage":0,"enemies":"2 Louse","floor":1,"turns":1},{"damage":0,"enemies":"Gremlin Nob","floor":6,"turns":1},{"damage":0,"enemies":"3 Sentries","floor":8,"turns":1},{"damage":9,"enemies":"Cultist","floor":11,"turns":3},{"damage":0,"enemies":"Small Slimes","floor":12,"turns":4},{"damage":9,"enemies":"Looter","floor":14,"turns":3},{"damage":28,"enemies":"The Guardian","floor":16,"turns":12},{"damage":20,"enemies":"Shell Parasite","floor":18,"turns":5},{"damage":21,"enemies":"Chosen","floor":19,"turns":5},{"damage":35,"enemies":"Snake Plant","floor":22,"turns":5},{"damage":29,"enemies":"Slavers","floor":23,"turns":2}],"seed_played":"5308798611221555028","potions_obtained":[{"floor":1,"key":"Dexterity Potion"},{"floor":6,"key":"Dexterity Potion"},{"floor":8,"key":"Dexterity Potion"},{"floor":16,"key":"FearPotion"}],"is_trial":false,"path_per_floor":["M","$","?","$","?","E","$","E","T","R","M","M","?","M","R","B",null,"M","M","?","?","M","E"],"character_chosen":"IRONCLAD","items_purchased":["Shrug It Off","Thunderclap"],"campfire_rested":0,"item_purchase_floors":[2,2],"current_hp_per_floor":[80,80,80,80,80,90,90,90,90,90,87,90,90,87,87,65,84,70,55,55,55,26,0],"gold":299,"neow_bonus":"THREE_ENEMY_KILL","is_prod":false,"is_daily":false,"chose_seed":false,"campfire_upgraded":2,"win_rate":0,"timestamp":1548921562,"path_taken":["M","$","?","$","?","E","$","E","T","R","?","M","?","M","R","BOSS","M","M","?","?","?","E"],"build_version":"2019-01-23","purchased_purges":0,"victory":false,"max_hp_per_floor":[80,80,80,80,80,90,90,90,90,90,90,90,90,90,90,90,90,90,90,90,90,90,90],"card_choices":[{"not_picked":["Hemokinesis","Clash"],"picked":"Cleave","floor":1},{"not_picked":["Blood for Blood","Corruption"],"picked":"Infernal Blade","floor":6},{"not_picked":["Thunderclap","Dropkick"],"picked":"Metallicize","floor":8},{"not_picked":["Twin Strike+1","Thunderclap+1"],"picked":"Fire Breathing","floor":11},{"not_picked":["Blood for Blood+1","Warcry","Heavy Blade+1"],"picked":"SKIP","floor":12},{"not_picked":["True Grit","Flex","Wild Strike+1"],"picked":"SKIP","floor":14},{"not_picked":["Double Tap","Reaper+1"],"picked":"Juggernaut","floor":16},{"not_picked":["Body Slam+1","Blood for Blood+1"],"picked":"Pommel Strike+1","floor":18},{"not_picked":["Feel No Pain","Armaments","Carnage+1"],"picked":"SKIP","floor":19},{"not_picked":["Warcry","Anger+1"],"picked":"Shrug It Off","floor":22}],"player_experience":255612,"relics_obtained":[{"floor":6,"key":"Pear"},{"floor":8,"key":"Molten Egg 2"},{"floor":9,"key":"Unceasing Top"}],"event_choices":[{"damage_healed":0,"gold_gain":0,"cards_transformed":["Strike_R"],"player_choice":"Change","damage_taken":0,"max_hp_gain":0,"max_hp_loss":0,"event_name":"Living Wall","floor":3,"gold_loss":0,"cards_obtained":["Rampage"]},{"damage_healed":0,"gold_gain":0,"player_choice":"Upgraded","damage_taken":0,"max_hp_gain":0,"max_hp_loss":0,"event_name":"Upgrade Shrine","floor":5,"gold_loss":0,"cards_upgraded":["Rampage"]},{"cards_removed":["Strike_R"],"damage_healed":0,"gold_gain":0,"player_choice":"Card Removal","damage_taken":0,"max_hp_gain":0,"max_hp_loss":0,"event_name":"The Cleric","floor":13,"gold_loss":50},{"damage_healed":0,"gold_gain":99,"player_choice":"Stole From Cult","damage_taken":0,"max_hp_gain":0,"max_hp_loss":0,"event_name":"Nest","floor":20,"gold_loss":0},{"damage_healed":0,"gold_gain":0,"player_choice":"Traded Relic","damage_taken":0,"relics_obtained":["Nloth\u0027s Gift"],"max_hp_gain":0,"max_hp_loss":0,"event_name":"N\u0027loth","floor":21,"relics_lost":["NeowsBlessing"],"gold_loss":0}],"is_beta":false,"boss_relics":[{"not_picked":["Runic Pyramid","Ectoplasm"],"picked":"Philosopher\u0027s Stone"}],"items_purged_floors":[],"is_endless":false,"potions_floor_spawned":[1,6,8,16,19],"killed_by":"Slavers","ascension_level":5}