{"gold_per_floor":[109,109,109,0,0,0,33,33,33,48,59,70,70,44,44,140,140,155,155,155,155,0,0,0],"floor_reached":24,"playtime":834,"items_purged":[],"score":263,"play_id":"8ec53bcc-4f89-44e6-b095-ff8ebf88f76e","local_time":"20190210154004","is_ascension_mode":true,"campfire_choices":[{"data":"Defragment","floor":6.0,"key":"SMITH"},{"floor":8.0,"key":"REST"},{"data":"Zap","floor":15.0,"key":"SMITH"},{"floor":23,"key":"REST"}],"neow_cost":"NONE","seed_source_timestamp":66178104479243,"circlet_count":0,"master_deck":["Defend_B","Defend_B+1","Defend_B","Defend_B","Zap+1","Dualcast","Go for the Eyes+1","Defragment+1","FTL","Conserve Battery","Defragment","Coolheaded","Echo Form","Bite","Bite","Bite","Bite","Bite"],"special_seed":0,"relics":["Sozu","Dodecahedron","Ginger","Singing Bowl","Eternal Feather","Enchiridion"],"potions_floor_usage":[],"damage_taken":[{"damage":4.0,"enemies":"2 Louse","floor":1.0,"turns":3.0},{"damage":39.0,"enemies":"3 Sentries","floor":7.0,"turns":9.0},{"damage":0.0,"enemies":"Jaw Worm","floor":10.0,"turns":2.0},{"damage":1.0,"enemies":"Cultist","floor":11.0,"turns":3.0},{"damage":0.0,"enemies":"3 Louse","floor":12.0,"turns":4.0},{"damage":29.0,"enemies":"The Guardian","floor":16.0,"turns":14.0},{"damage":18.0,"enemies":"Spheric Guardian","floor":18.0,"turns":5.0},{"damage":40,"enemies":"Gremlin Leader","floor":24,"turns":3}],"seed_played":"9212034137149405501","potions_obtained":[],"is_trial":false,"path_per_floor":["M","?","?","$","?","R","E","R","T","M","M","M","?","$","R","B",null,"M","?","?","?","?","R","E"],"character_chosen":"DEFECT","items_purchased":["Defragment","FTL","Coolheaded"],"campfire_rested":2,"item_purchase_floors":[4,4,14],"current_hp_per_floor":[71,68,61,61,46,46,7,29,29,29,30,30,30,30,30,1,58,42,26,11,11,11,37,0],"gold":0,"neow_bonus":"BOSS_RELIC","is_prod":false,"is_daily":false,"chose_seed":false,"campfire_upgraded":2,"win_rate":0,"timestamp":1549842004,"path_taken":["M","?","?","?","?","R","E","R","T","?","M","M","?","$","R","BOSS","M","?","?","?","?","R","E"],"build_version":"2019-01-23","purchased_purges":0,"victory":false,"max_hp_per_floor":[75,75,75,75,75,75,75,75,75,75,77,77,77,77,77,77,77,79,79,84,58,58,58,58],"card_choices":[{"not_picked":["Streamline","Sweeping Beam"],"picked":"Go for the Eyes","floor":1.0},{"not_picked":["Streamline","Hyperbeam","Thunder Strike"],"picked":"SKIP","floor":7.0},{"not_picked":["Compile Driver","Sweeping Beam"],"picked":"Conserve Battery","floor":10.0},{"not_picked":["Ball Lightning","Compile Driver","Leap"],"picked":"Singing Bowl","floor":11.0},{"not_picked":["Skim","BootSequence"],"picked":"Defragment","floor":12.0},{"not_picked":["Fission","Meteor Strike"],"picked":"Echo Form","floor":16.0},{"not_picked":["BootSequence+1","Aggregate","FTL"],"picked":"Singing Bowl","floor":18.0}],"player_experience":328603,"relics_obtained":[{"floor":7.0,"key":"Ginger"},{"floor":9.0,"key":"Singing Bowl"},{"floor":19.0,"key":"Enchiridion"}],"event_choices":[{"damage_healed":0.0,"max_hp_gain":0.0,"max_hp_loss":0.0,"gold_gain":0.0,"event_name":"Scrap Ooze","player_choice":"Success","floor":2.0,"gold_loss":0.0,"damage_taken":3.0,"relics_obtained":["Dodecahedron"]},{"cards_removed":["Strike_B"],"damage_healed":0.0,"max_hp_gain":0.0,"max_hp_loss":0.0,"gold_gain":0.0,"event_name":"Golden Wing","player_choice":"Card Removal","floor":3.0,"gold_loss":0.0,"damage_taken":7.0},{"damage_healed":0.0,"max_hp_gain":0.0,"max_hp_loss":0.0,"gold_gain":0.0,"event_name":"Shining Light","player_choice":"Entered Light","floor":5.0,"gold_loss":0.0,"damage_taken":15.0,"cards_upgraded":["Go for the Eyes","Defend_B"]},{"damage_healed":0.0,"max_hp_gain":0.0,"max_hp_loss":0.0,"gold_gain":0.0,"event_name":"Lab","player_choice":"Got Potions","floor":13.0,"gold_loss":0.0,"damage_taken":0.0},{"damage_healed":0.0,"max_hp_gain":0.0,"max_hp_loss":0.0,"gold_gain":0.0,"event_name":"Cursed Tome","player_choice":"Obtained Book","floor":19.0,"gold_loss":0.0,"damage_taken":16.0},{"damage_healed":0.0,"max_hp_gain":5.0,"max_hp_loss":0.0,"gold_gain":0.0,"event_name":"Forgotten Altar","player_choice":"Shed Blood","floor":20.0,"gold_loss":0.0,"damage_taken":20.0},{"damage_healed":0.0,"max_hp_gain":0.0,"max_hp_loss":26.0,"gold_gain":0.0,"event_name":"Vampires","player_choice":"Became a vampire","floor":21.0,"gold_loss":0.0,"damage_taken":0.0,"cards_obtained":["Bite","Bite","Bite","Bite","Bite"]},{"damage_healed":0,"gold_gain":0,"player_choice":"Paid Fearfully","damage_taken":0,"max_hp_gain":0,"max_hp_loss":0,"event_name":"Masked Bandits","floor":22,"gold_loss":155}],"is_beta":false,"boss_relics":[{"not_picked":["Nuclear Battery","Velvet Choker"],"picked":"Eternal Feather"}],"items_purged_floors":[],"is_endless":false,"potions_floor_spawned":[1,7,12,16],"killed_by":"Gremlin Leader","ascension_level":5}