{"gold_per_floor":[215,232,242,242,253,253,284,284,284,313,47,80,92,134,146,158],"floor_reached":16,"playtime":745,"items_purged":["Strike_B"],"score":198,"play_id":"82b53e05-b129-403f-9ef9-fd07cad1bc0d","local_time":"20190129154713","is_ascension_mode":true,"campfire_choices":[{"data":"Dualcast","floor":6,"key":"SMITH"},{"data":"1","floor":8,"key":"LIFT"},{"floor":13,"key":"REST"},{"data":"2","floor":15,"key":"LIFT"}],"neow_cost":"NONE","seed_source_timestamp":1005598058784883,"circlet_count":0,"master_deck":["AscendersBane","Strike_B","Strike_B","Defend_B","Defend_B","Defend_B","Defend_B","Zap","Dualcast+1","Defragment","Coolheaded","Ball Lightning","Heatsinks","Cold Snap","Reboot","Sunder"],"relics":["Cracked Core","Girya","Bird Faced Urn","Prayer Wheel","OrangePellets","MawBank","Meat on the Bone"],"potions_floor_usage":[7,7,7],"damage_taken":[{"damage":3,"enemies":"2 Louse","floor":1,"turns":2},{"damage":7,"enemies":"Small Slimes","floor":2,"turns":3},{"damage":2,"enemies":"Jaw Worm","floor":3,"turns":6},{"damage":1,"enemies":"Blue Slaver","floor":5,"turns":4},{"damage":7,"enemies":"3 Sentries","floor":7,"turns":7},{"damage":33,"enemies":"Gremlin Nob","floor":10,"turns":5},{"damage":14,"enemies":"3 Sentries","floor":12,"turns":10},{"damage":12,"enemies":"Lagavulin","floor":14,"turns":6},{"damage":26,"enemies":"Hexaghost","floor":16,"turns":9}],"seed_played":"-7405431277210161449","potions_obtained":[{"floor":1,"key":"PowerPotion"},{"floor":3,"key":"SneckoOil"},{"floor":5,"key":"EntropicBrew"},{"floor":14,"key":"Explosive Potion"}],"is_trial":false,"path_per_floor":["M","M","M","?","M","R","E","R","T","E","$","E","R","E","R","B"],"character_chosen":"DEFECT","items_purchased":["OrangePellets"],"campfire_rested":1,"item_purchase_floors":[11],"current_hp_per_floor":[65,58,56,56,55,55,48,48,48,17,17,7,29,19,19,0],"gold":158,"neow_bonus":"HUNDRED_GOLD","is_prod":false,"is_daily":false,"chose_seed":false,"campfire_upgraded":1,"win_rate":0,"timestamp":1548794833,"path_taken":["M","M","M","?","M","R","E","R","T","E","$","E","R","E","R","BOSS"],"build_version":"2019-01-23","purchased_purges":1,"victory":false,"max_hp_per_floor":[75,75,75,75,75,75,75,75,75,75,75,75,75,75,75,75],"card_choices":[{"not_picked":["Force Field","Rebound"],"picked":"Defragment","floor":1},{"not_picked":["Double Energy","Redo"],"picked":"Coolheaded","floor":2},{"not_picked":["Lockon","Genetic Algorithm"],"picked":"Ball Lightning","floor":3},{"not_picked":["Go for the Eyes","Redo"],"picked":"Cold Snap","floor":5},{"not_picked":["Turbo","Barrage","Ball Lightning"],"picked":"SKIP","floor":7},{"not_picked":["Compile Driver","Coolheaded"],"picked":"Reboot","floor":10},{"not_picked":["Steam","Double Energy","Beam Cell"],"picked":"SKIP","floor":12},{"not_picked":["Go for the Eyes","Conserve Battery"],"picked":"Sunder","floor":14}],"player_experience":541686,"relics_obtained":[{"floor":7,"key":"Girya"},{"floor":9,"key":"Bird Faced Urn"},{"floor":10,"key":"Prayer Wheel"},{"floor":12,"key":"MawBank"},{"floor":14,"key":"Meat on the Bone"}],"event_choices":[{"damage_healed":0,"gold_gain":0,"cards_transformed":["Strike_B"],"player_choice":"Change","damage_taken":0,"max_hp_gain":0,"max_hp_loss":0,"event_name":"Living Wall","floor":4,"gold_loss":0,"cards_obtained":["Heatsinks"]}],"is_beta":false,"boss_relics":[],"items_purged_floors":[11],"is_endless":false,"potions_floor_spawned":[1,3,5,14],"killed_by":"Hexaghost","ascension_level":11}