{"gold_per_floor":[112,112,126,145,145,145,172,172,172,198,198,216,235,266,266,341,341,356,356,62,82,8,8,38,52,52,52,65,65,65,78,78,154,154,173,173,190,208,58,58,58,58,58,71,71,91,29,43,43,43],"floor_reached":51,"playtime":3431,"items_purged":["Strike_G","Normality"],"score":1147,"play_id":"767620f6-ba62-456f-b31c-5e6e5e37f4d4","local_time":"20190305200501","is_ascension_mode":true,"campfire_choices":[{"data":"Well Laid Plans","floor":6.0,"key":"SMITH"},{"data":"Dagger Spray","floor":8.0,"key":"SMITH"},{"data":"Die Die Die","floor":11.0,"key":"SMITH"},{"data":"Burst","floor":15.0,"key":"SMITH"},{"data":"Footwork","floor":23,"key":"SMITH"},{"floor":29,"key":"REST"},{"floor":32,"key":"REST"},{"data":"Secret Technique","floor":40,"key":"SMITH"},{"data":"Wraith Form v2","floor":45,"key":"SMITH"},{"floor":49,"key":"REST"}],"neow_cost":"NONE","seed_source_timestamp":765602015030873,"circlet_count":0,"master_deck":["AscendersBane","Defend_G","Defend_G","Defend_G","Defend_G","Defend_G","Strike_G","Survivor","Neutralize+1","Well Laid Plans+1","PiercingWail","Dagger Spray+1","Die Die Die+1","Quick Slash","Slice","Slice","Burst+1","Adrenaline","Leg Sweep","Footwork+1","Bandage Up","PiercingWail","Noxious Fumes+1","Escape Plan","Acrobatics","Skewer","Prepared+1","Wraith Form v2+1","Backstab","Secret Technique+1","Purity","Caltrops","Dodge and Roll","Doubt","Deflect","Cloak And Dagger","Noxious Fumes"],"special_seed":0,"relics":["Ring of the Snake","Odd Mushroom","Mummified Hand","Shuriken","Du-Vu Doll","Cursed Key","Membership Card","Snake Skull","Peace Pipe","Runic Pyramid","TwistedFunnel","Gremlin Horn"],"potions_floor_usage":[16,24,33,50,50],"damage_taken":[{"damage":1.0,"enemies":"Small Slimes","floor":1.0,"turns":6.0},{"damage":4.0,"enemies":"Jaw Worm","floor":3.0,"turns":6.0},{"damage":1.0,"enemies":"Cultist","floor":4.0,"turns":5.0},{"damage":0.0,"enemies":"The Mushroom Lair","floor":7.0,"turns":2.0},{"damage":5.0,"enemies":"3 Sentries","floor":10.0,"turns":4.0},{"damage":0.0,"enemies":"Red Slaver","floor":12.0,"turns":3.0},{"damage":0.0,"enemies":"Exordium Wildlife","floor":13.0,"turns":3.0},{"damage":12.0,"enemies":"Lagavulin","floor":14.0,"turns":5.0},{"damage":23,"enemies":"Slime Boss","floor":16,"turns":8},{"damage":15,"enemies":"2 Thieves","floor":18,"turns":3},{"damage":0,"enemies":"Shell Parasite","floor":21,"turns":5},{"damage":24,"enemies":"Slavers","floor":24,"turns":8},{"damage":18,"enemies":"Snake Plant","floor":25,"turns":5},{"damage":1,"enemies":"Shelled Parasite and Fungi","floor":28,"turns":7},{"damage":10,"enemies":"3 Cultists","floor":31,"turns":5},{"damage":16,"enemies":"Collector","floor":33,"turns":10},{"damage":2,"enemies":"Orb Walker","floor":35,"turns":5},{"damage":13,"enemies":"3 Darklings","floor":37,"turns":7},{"damage":5,"enemies":"Jaw Worm Horde","floor":38,"turns":4},{"damage":0,"enemies":"Sphere and 2 Shapes","floor":44,"turns":5},{"damage":0,"enemies":"Spire Growth","floor":46,"turns":7},{"damage":16,"enemies":"Jaw Worm Horde","floor":48,"turns":3},{"damage":55,"enemies":"Time Eater","floor":50,"turns":14}],"seed_played":"-918079017839737434","potions_obtained":[{"floor":1.0,"key":"Poison Potion"},{"floor":7.0,"key":"Strength Potion"},{"floor":14.0,"key":"Fruit Juice"},{"floor":16,"key":"Poison Potion"},{"floor":24,"key":"Weak Potion"},{"floor":31,"key":"GamblersBrew"},{"floor":33,"key":"SkillPotion"},{"floor":35,"key":"Dexterity Potion"}],"is_trial":false,"path_per_floor":["M","?","M","M","?","R","?","R","T","E","R","M","M","E","R","B",null,"M","?","$","M","$","R","E","M","T","?","M","R","?","M","R","B",null,"M","?","M","M","$","R","?","?","T","M","R","M","$","M","R","B",null],"character_chosen":"THE_SILENT","items_purchased":["Membership Card","Leg Sweep","Footwork","Bandage Up","Noxious Fumes","TwistedFunnel","Noxious Fumes","PowerPotion"],"campfire_rested":3,"item_purchase_floors":[20,20,20,20,22,39,47,47],"current_hp_per_floor":[58,58,54,53,53,53,53,53,53,48,48,48,48,41,41,18,58,43,39,39,43,43,43,23,9,9,9,12,33,33,31,52,44,64,70,65,60,55,55,55,55,55,55,59,59,67,67,51,71,24],"gold":43,"neow_bonus":"UPGRADE_CARD","is_prod":false,"is_daily":false,"chose_seed":false,"campfire_upgraded":7,"win_rate":0,"timestamp":1551834301,"path_taken":["M","?","M","M","?","R","?","R","T","E","R","M","M","E","R","BOSS","M","?","?","?","$","R","E","M","T","?","M","R","?","M","R","BOSS","M","?","M","M","$","R","?","?","T","M","R","?","?","M","R","BOSS"],"build_version":"2019-01-23","purchased_purges":2,"victory":true,"max_hp_per_floor":[66,66,66,66,66,66,66,66,66,66,66,66,66,71,71,71,71,71,71,71,71,71,71,71,71,71,71,71,71,71,71,71,71,71,71,71,71,71,71,71,71,71,71,71,71,71,71,71,71,71],"card_choices":[{"not_picked":["Poisoned Stab","Flying Knee"],"picked":"Well Laid Plans","floor":1.0},{"not_picked":["Acrobatics","Bane"],"picked":"PiercingWail","floor":3.0},{"not_picked":["Cloak And Dagger","Deflect"],"picked":"Dagger Spray","floor":4.0},{"not_picked":["Catalyst","Poisoned Stab"],"picked":"Quick Slash","floor":7.0},{"not_picked":["Concentrate","Sucker Punch","Bane"],"picked":"SKIP","floor":10.0},{"not_picked":["Dagger Throw","Distraction"],"picked":"Slice","floor":12.0},{"not_picked":["Calculated Gamble","Terror"],"picked":"Slice","floor":13.0},{"not_picked":["Choke","Flying Knee"],"picked":"Burst","floor":14.0},{"not_picked":["Phantasmal Killer","Unload"],"picked":"Adrenaline","floor":16},{"not_picked":["Flying Knee","Dagger Spray","Dagger Throw"],"picked":"SKIP","floor":18},{"not_picked":["Quick Slash","Dagger Spray"],"picked":"PiercingWail","floor":21},{"not_picked":["Predator+1","Prepared"],"picked":"Escape Plan","floor":24},{"not_picked":["Poisoned Stab","Flying Knee"],"picked":"Acrobatics","floor":25},{"not_picked":["Acrobatics","Finisher","Underhanded Strike"],"picked":"SKIP","floor":28},{"not_picked":["Outmaneuver","Calculated Gamble"],"picked":"Prepared+1","floor":31},{"not_picked":["Die Die Die","Storm of Steel"],"picked":"Wraith Form v2","floor":33},{"not_picked":["Blade Dance","Slice"],"picked":"Backstab","floor":35},{"not_picked":["Swift Strike","PanicButton"],"picked":"Secret Technique","floor":36},{"not_picked":["Discovery","Metamorphosis"],"picked":"Purity","floor":36},{"not_picked":["Finisher","Distraction"],"picked":"Caltrops","floor":37},{"not_picked":["Slice","Quick Slash"],"picked":"Dodge and Roll","floor":38},{"not_picked":["Dagger Throw","Skewer+1"],"picked":"Deflect","floor":44},{"not_picked":["Dodge and Roll","Finisher+1"],"picked":"Cloak And Dagger","floor":46},{"not_picked":["Sucker Punch","Skewer","Bane"],"picked":"SKIP","floor":48}],"player_experience":483599,"relics_obtained":[{"floor":7.0,"key":"Odd Mushroom"},{"floor":9.0,"key":"Mummified Hand"},{"floor":10.0,"key":"Shuriken"},{"floor":14.0,"key":"Du-Vu Doll"},{"floor":24,"key":"Snake Skull"},{"floor":26,"key":"Peace Pipe"},{"floor":43,"key":"Gremlin Horn"}],"event_choices":[{"damage_healed":0.0,"max_hp_gain":0.0,"max_hp_loss":0.0,"gold_gain":0.0,"event_name":"The Cleric","player_choice":"Leave","floor":2.0,"gold_loss":0.0,"damage_taken":0.0},{"damage_healed":0.0,"max_hp_gain":0.0,"max_hp_loss":0.0,"gold_gain":0.0,"cards_transformed":["Strike_G"],"event_name":"Living Wall","player_choice":"Change","floor":5.0,"gold_loss":0.0,"damage_taken":0.0,"cards_obtained":["Die Die Die"]},{"damage_healed":0.0,"max_hp_gain":0.0,"max_hp_loss":0.0,"gold_gain":0.0,"event_name":"Mushrooms","player_choice":"Fought Mushrooms","floor":7.0,"gold_loss":0.0,"damage_taken":0.0},{"damage_healed":0,"gold_gain":0,"player_choice":"Bought 0 Potions","damage_taken":0,"max_hp_gain":0,"max_hp_loss":0,"event_name":"The Woman in Blue","floor":19,"gold_loss":0},{"damage_healed":0,"gold_gain":0,"cards_transformed":["Strike_G","Strike_G"],"player_choice":"Became Test Subject","damage_taken":0,"max_hp_gain":0,"max_hp_loss":0,"event_name":"Drug Dealer","floor":27,"gold_loss":0,"cards_obtained":["Skewer","Reflex"]},{"damage_healed":0,"gold_gain":0,"player_choice":"Memory 2","damage_taken":5,"max_hp_gain":0,"max_hp_loss":0,"event_name":"SensoryStone","floor":36,"gold_loss":0},{"cards_removed":["Reflex"],"damage_healed":0,"gold_gain":0,"player_choice":"Removed Skill","damage_taken":0,"max_hp_gain":0,"max_hp_loss":0,"event_name":"Falling","floor":41,"gold_loss":0},{"damage_healed":0,"gold_gain":0,"player_choice":"Upgraded","damage_taken":0,"max_hp_gain":0,"max_hp_loss":0,"event_name":"Upgrade Shrine","floor":42,"gold_loss":0,"cards_upgraded":["Noxious Fumes"]}],"is_beta":false,"boss_relics":[{"not_picked":["Pandora\u0027s Box","Ectoplasm"],"picked":"Cursed Key"},{"not_picked":["Calling Bell","Lizard Tail"],"picked":"Runic Pyramid"}],"items_purged_floors":[22,39],"is_endless":false,"potions_floor_spawned":[1,7,14,16,24,31,33,35,44,46],"ascension_level":15}