{"gold_per_floor":[114,128,128,53,53,83,83,115,197,197,215,227,242,261,261,335,335,351,118,147,165,65,65,94,94,94,128,128,162,175,191,191,269,269,281,503,523,113,113,138,158,191,264,280,280,292,312,50,50,50,50,50,7,39,39],"floor_reached":56,"playtime":2998,"items_purged":["Strike_R","Strike_R","Defend_R","Defend_R"],"score":2342,"play_id":"ad50c0c5-666c-4036-bdd0-10dc8509aed5","local_time":"20190126173103","is_ascension_mode":true,"campfire_choices":[{"data":"Body Slam","floor":7,"key":"SMITH"},{"data":"Shockwave","floor":10,"key":"SMITH"},{"data":"Bash","floor":15,"key":"SMITH"},{"data":"Body Slam","floor":23,"key":"SMITH"},{"data":"Corruption","floor":28,"key":"SMITH"},{"data":"Metallicize","floor":32,"key":"SMITH"},{"floor":45,"key":"RECALL"},{"data":"Parasite","floor":49,"key":"PURGE"},{"data":"Metallicize","floor":52,"key":"SMITH"}],"neow_cost":"NONE","seed_source_timestamp":750308962152193,"circlet_count":0,"master_deck":["AscendersBane","Defend_R","Bash+1","Shrug It Off","Body Slam+1","Shockwave+1","Metallicize+1","Shrug It Off","Battle Trance","Combust","Shrug It Off","Impervious","Sentinel+1","Body Slam+1","Intimidate","Combust","Corruption+1","Iron Wave+1","Iron Wave+1","True Grit+1","Immolate+1","Metallicize+1","Iron Wave+1","Body Slam+1","Shrug It Off","Sentinel+1","Blood for Blood+1","Barricade","Metallicize+1","Shrug It Off","Iron Wave+1","Blood for Blood+1","Shrug It Off"],"relics":["Burning Blood","NeowsBlessing","Ancient Tea Set","Orichalcum","Mummified Hand","Velvet Choker","Vajra","Red Mask","Red Skull","Molten Egg 2","Centennial Puzzle","Oddly Smooth Stone","Runic Pyramid","ClockworkSouvenir","Letter Opener","Peace Pipe","Bag of Preparation"],"potions_floor_usage":[16,20,20,27,33,50,54],"damage_taken":[{"damage":0,"enemies":"Jaw Worm","floor":1,"turns":1},{"damage":0,"enemies":"2 Louse","floor":2,"turns":1},{"damage":0,"enemies":"Gremlin Nob","floor":6,"turns":1},{"damage":32,"enemies":"Lagavulin","floor":8,"turns":8},{"damage":0,"enemies":"Cultist","floor":11,"turns":4},{"damage":4,"enemies":"3 Louse","floor":12,"turns":5},{"damage":0,"enemies":"2 Fungi Beasts","floor":13,"turns":4},{"damage":5,"enemies":"Blue Slaver","floor":14,"turns":4},{"damage":12,"enemies":"Hexaghost","floor":16,"turns":9},{"damage":5,"enemies":"Shell Parasite","floor":18,"turns":6},{"damage":4,"enemies":"Masked Bandits","floor":20,"turns":8},{"damage":9,"enemies":"2 Thieves","floor":21,"turns":4},{"damage":6,"enemies":"Gremlin Leader","floor":24,"turns":8},{"damage":11,"enemies":"Slavers","floor":27,"turns":4},{"damage":9,"enemies":"Gremlin Leader","floor":29,"turns":4},{"damage":2,"enemies":"Centurion and Healer","floor":30,"turns":5},{"damage":10,"enemies":"Sentry and Sphere","floor":31,"turns":5},{"damage":62,"enemies":"Automaton","floor":33,"turns":7},{"damage":2,"enemies":"Orb Walker","floor":35,"turns":2},{"damage":3,"enemies":"3 Darklings","floor":37,"turns":4},{"damage":3,"enemies":"Reptomancer","floor":40,"turns":4},{"damage":1,"enemies":"Sphere and 2 Shapes","floor":41,"turns":3},{"damage":5,"enemies":"Giant Head","floor":42,"turns":5},{"damage":4,"enemies":"4 Shapes","floor":44,"turns":4},{"damage":3,"enemies":"Writhing Mass","floor":46,"turns":4},{"damage":18,"enemies":"Sphere and 2 Shapes","floor":47,"turns":4},{"damage":33,"enemies":"Time Eater","floor":50,"turns":7},{"damage":28,"enemies":"Shield and Spear","floor":54,"turns":5},{"damage":30,"enemies":"The Heart","floor":55,"turns":8}],"seed_played":"3196747117142109259","potions_obtained":[{"floor":8,"key":"Regen Potion"},{"floor":11,"key":"PowerPotion"},{"floor":13,"key":"Fire Potion"},{"floor":16,"key":"Ancient Potion"},{"floor":18,"key":"PowerPotion"},{"floor":20,"key":"Swift Potion"},{"floor":29,"key":"Explosive Potion"},{"floor":31,"key":"LiquidBronze"},{"floor":33,"key":"Swift Potion"},{"floor":35,"key":"Energy Potion"}],"is_trial":false,"path_per_floor":["M","M","?","?","?","E","R","E","T","R","M","M","M","M","R","B",null,"M","$","?","M","$","R","E","?","T","E","R","E","M","M","R","B",null,"M","?","M","$","?","E","M","E","T","M","R","M","M","$","R","B",null,"R","$","E","B",null],"character_chosen":"IRONCLAD","items_purchased":["Vajra","ClockworkSouvenir","SteroidPotion","Shrug It Off","Iron Wave+1","Blood for Blood+1"],"campfire_rested":0,"item_purchase_floors":[19,38,38,48,48,53],"current_hp_per_floor":[74,75,80,80,80,80,80,54,54,54,60,62,68,69,69,63,76,77,77,79,76,76,76,76,76,76,71,71,68,72,68,68,12,63,67,67,70,70,70,73,78,79,79,80,80,80,68,68,68,41,68,68,68,46,22],"gold":39,"neow_bonus":"THREE_ENEMY_KILL","is_prod":false,"is_daily":false,"chose_seed":false,"campfire_upgraded":7,"win_rate":0,"timestamp":1548541863,"path_taken":["M","M","?","?","?","E","R","E","T","R","?","M","?","M","R","BOSS","M","$","?","M","$","R","E","?","T","E","R","E","M","M","R","BOSS","M","?","M","$","?","E","M","E","T","?","R","M","M","$","R","BOSS","R","$","E","BOSS"],"build_version":"2019-01-23","purchased_purges":4,"victory":true,"max_hp_per_floor":[75,75,80,80,80,80,80,80,80,80,80,80,80,80,80,80,80,80,80,80,80,80,80,80,80,80,80,80,80,80,80,80,80,80,80,80,80,80,80,80,80,80,80,80,80,80,80,80,77,77,77,77,77,77,77],"card_choices":[{"not_picked":["Wild Strike","Iron Wave"],"picked":"Shrug It Off","floor":1},{"not_picked":["Sword Boomerang","Havoc"],"picked":"Body Slam","floor":2},{"not_picked":["Wild Strike","Intimidate"],"picked":"Shockwave","floor":6},{"not_picked":["Sword Boomerang","Headbutt"],"picked":"Metallicize","floor":8},{"not_picked":["Armaments","Uppercut"],"picked":"Shrug It Off","floor":11},{"not_picked":["Fiend Fire","Twin Strike"],"picked":"Battle Trance","floor":12},{"not_picked":["Clash","Dual Wield"],"picked":"Combust","floor":13},{"not_picked":["Headbutt","Dual Wield"],"picked":"Shrug It Off","floor":14},{"not_picked":["Immolate","Offering"],"picked":"Impervious","floor":16},{"not_picked":["Wild Strike","Anger"],"picked":"Sentinel+1","floor":18},{"not_picked":["Feel No Pain+1","Carnage"],"picked":"Body Slam","floor":21},{"not_picked":["Iron Wave","Havoc"],"picked":"Intimidate","floor":24},{"not_picked":["Perfected Strike+1","Exhume"],"picked":"Iron Wave+1","floor":27},{"not_picked":["Fire Breathing","Wild Strike+1"],"picked":"Iron Wave+1","floor":29},{"not_picked":["Thunderclap+1","True Grit","Clothesline+1"],"picked":"SKIP","floor":30},{"not_picked":["Flex+1","Headbutt+1"],"picked":"True Grit+1","floor":31},{"not_picked":["Fiend Fire+1","Offering"],"picked":"Immolate+1","floor":33},{"not_picked":["Headbutt+1","Hemokinesis+1"],"picked":"Metallicize","floor":35},{"not_picked":["Reckless Charge+1","Flex"],"picked":"Iron Wave+1","floor":37},{"not_picked":["Headbutt+1","Hemokinesis+1"],"picked":"Shrug It Off","floor":40},{"not_picked":["Havoc","Sever Soul+1"],"picked":"Sentinel+1","floor":41},{"not_picked":["Cleave+1","Perfected Strike+1"],"picked":"Blood for Blood+1","floor":42},{"not_picked":["Cleave+1","Battle Trance"],"picked":"Barricade","floor":44},{"not_picked":["Rampage+1","Power Through","Whirlwind+1"],"picked":"SKIP","floor":46},{"not_picked":["Thunderclap+1","Blood for Blood+1"],"picked":"Metallicize+1","floor":47},{"not_picked":["Wild Strike+1","Clash+1"],"picked":"Shrug It Off","floor":54}],"player_experience":474627,"relics_obtained":[{"floor":6,"key":"Ancient Tea Set"},{"floor":8,"key":"Orichalcum"},{"floor":9,"key":"Mummified Hand"},{"floor":20,"key":"Red Mask"},{"floor":24,"key":"Red Skull"},{"floor":26,"key":"Molten Egg 2"},{"floor":27,"key":"Centennial Puzzle"},{"floor":29,"key":"Oddly Smooth Stone"},{"floor":40,"key":"Letter Opener"},{"floor":42,"key":"Peace Pipe"},{"floor":54,"key":"Bag of Preparation"}],"event_choices":[{"damage_healed":0,"gold_gain":0,"player_choice":"Donut","damage_taken":0,"max_hp_gain":5,"max_hp_loss":0,"event_name":"Big Fish","floor":3,"gold_loss":0},{"cards_removed":["Strike_R"],"damage_healed":0,"gold_gain":0,"player_choice":"Card Removal","damage_taken":0,"max_hp_gain":0,"max_hp_loss":0,"event_name":"The Cleric","floor":4,"gold_loss":75},{"cards_removed":["Strike_R"],"damage_healed":0,"gold_gain":0,"player_choice":"Forget","damage_taken":0,"max_hp_gain":0,"max_hp_loss":0,"event_name":"Living Wall","floor":5,"gold_loss":0},{"damage_healed":0,"gold_gain":0,"player_choice":"Fought Bandits","damage_taken":0,"max_hp_gain":0,"max_hp_loss":0,"event_name":"Masked Bandits","floor":20,"gold_loss":0},{"damage_healed":0,"gold_gain":0,"cards_transformed":["Defend_R","Strike_R"],"player_choice":"Became Test Subject","damage_taken":0,"max_hp_gain":0,"max_hp_loss":0,"event_name":"Drug Dealer","floor":25,"gold_loss":0,"cards_obtained":["Combust","Corruption"]},{"damage_healed":0,"gold_gain":222,"player_choice":"Wore Mask","damage_taken":0,"max_hp_gain":0,"max_hp_loss":0,"event_name":"Tomb of Lord Red Mask","floor":36,"gold_loss":0},{"damage_healed":0,"gold_gain":0,"player_choice":"Copied","damage_taken":0,"max_hp_gain":0,"max_hp_loss":0,"event_name":"Duplicator","floor":39,"gold_loss":0,"cards_obtained":["Body Slam"]}],"is_beta":false,"boss_relics":[{"not_picked":["Lizard Tail","Sozu"],"picked":"Velvet Choker"},{"not_picked":["Runic Dome","Runic Cube"],"picked":"Runic Pyramid"}],"items_purged_floors":[19,22,38,48],"is_endless":false,"potions_floor_spawned":[8,11,13,14,16,18,20,29,31,33,35,41],"ascension_level":17}