{"gold_per_floor":[113,133,150,167,19,47,47,77,77,77,177,28,28,44,44,140,140,155,30,49,49,49,49,76,76,127,152,163,163,93,105,105,206,256,267,16,26,26,46,72,72,91,91,91,91,91,126,1,1,1],"floor_reached":51,"playtime":2222,"items_purged":["Strike_B","Strike_B","Strike_B"],"score":1140,"play_id":"29592939-eeeb-404b-b11c-a577fea31535","local_time":"20190210154249","is_ascension_mode":true,"campfire_choices":[{"floor":7.0,"key":"REST"},{"data":"Static Discharge","floor":10,"key":"SMITH"},{"data":"Redo","floor":13,"key":"SMITH"},{"data":"Defragment","floor":15,"key":"SMITH"},{"floor":23,"key":"REST"},{"data":"Go for the Eyes","floor":25,"key":"SMITH"},{"floor":29,"key":"REST"},{"data":"Self Repair","floor":32,"key":"SMITH"},{"data":"Storm","floor":41,"key":"SMITH"},{"data":"Skim","floor":44,"key":"SMITH"},{"floor":46,"key":"REST"},{"floor":49,"key":"REST"}],"neow_cost":"NONE","seed_source_timestamp":11550825500961,"circlet_count":0,"master_deck":["AscendersBane","Strike_B","Defend_B","Defend_B","Defend_B","Defend_B","Zap+1","Dualcast","Genetic Algorithm","Redo+1","Compile Driver","Stack","Sunder","Conserve Battery","Static Discharge+1","Defragment+1","Electrodynamics","Defragment+1","Go for the Eyes+1","Hologram","Self Repair+1","Cold Snap+1","Biased Cognition","Skim+1","Storm+1","Skim+1","Capacitor+1","Coolheaded"],"special_seed":0,"relics":["Cracked Core","Meat on the Bone","Dream Catcher","Mercury Hourglass","Juzu Bracelet","Nuclear Battery","MutagenicStrength","Unceasing Top","Centennial Puzzle","Red Mask","Tiny House","Cables","Turnip","Letter Opener","FossilizedHelix"],"potions_floor_usage":[8,18,24,24,33,35,50,50],"damage_taken":[{"damage":2.0,"enemies":"Jaw Worm","floor":1.0,"turns":3.0},{"damage":6.0,"enemies":"Cultist","floor":2.0,"turns":3.0},{"damage":0.0,"enemies":"2 Louse","floor":3.0,"turns":2.0},{"damage":1.0,"enemies":"2 Fungi Beasts","floor":4.0,"turns":3.0},{"damage":37.0,"enemies":"Gremlin Nob","floor":6.0,"turns":4.0},{"damage":10,"enemies":"3 Sentries","floor":8,"turns":6},{"damage":6,"enemies":"Large Slime","floor":14,"turns":5},{"damage":9,"enemies":"The Guardian","floor":16,"turns":9},{"damage":2,"enemies":"3 Byrds","floor":18,"turns":2},{"damage":29,"enemies":"2 Thieves","floor":20,"turns":3},{"damage":30,"enemies":"Slavers","floor":24,"turns":3},{"damage":24,"enemies":"Masked Bandits","floor":27,"turns":3},{"damage":10,"enemies":"Centurion and Healer","floor":28,"turns":4},{"damage":21,"enemies":"Snecko","floor":31,"turns":5},{"damage":41,"enemies":"Collector","floor":33,"turns":8},{"damage":6,"enemies":"3 Darklings","floor":35,"turns":3},{"damage":0,"enemies":"3 Shapes","floor":37,"turns":5},{"damage":34,"enemies":"Writhing Mass","floor":39,"turns":4},{"damage":2,"enemies":"Reptomancer","floor":40,"turns":5},{"damage":9,"enemies":"4 Shapes","floor":42,"turns":3},{"damage":32,"enemies":"Giant Head","floor":47,"turns":7},{"damage":65,"enemies":"Awakened One","floor":50,"turns":9}],"seed_played":"-5015927611515557447","potions_obtained":[{"floor":1.0,"key":"LiquidBronze"},{"floor":3.0,"key":"GamblersBrew"},{"floor":6.0,"key":"Energy Potion"},{"floor":16,"key":"Dexterity Potion"},{"floor":20,"key":"FocusPotion"},{"floor":31,"key":"Fire Potion"},{"floor":34,"key":"GamblersBrew"},{"floor":40,"key":"SkillPotion"},{"floor":42,"key":"FocusPotion"},{"floor":45,"key":"FocusPotion"}],"is_trial":false,"path_per_floor":["M","M","M","M","$","E","R","E","T","R","?","$","R","M","R","B",null,"M","$","M","?","?","R","E","R","T","?","M","R","$","M","R","B",null,"M","$","M","?","M","E","R","M","T","R","?","R","E","$","R","B",null],"character_chosen":"DEFECT","items_purchased":["Sunder","Juzu Bracelet","Go for the Eyes","Self Repair","Cables"],"campfire_rested":5,"item_purchase_floors":[5,12,19,30,36],"current_hp_per_floor":[66,60,60,59,59,22,44,46,46,46,46,46,46,40,40,43,67,65,65,48,48,48,70,40,40,40,28,30,52,52,50,50,31,69,73,73,80,76,52,60,60,51,51,51,51,73,51,51,73,30],"gold":1,"neow_bonus":"UPGRADE_CARD","is_prod":false,"is_daily":false,"chose_seed":false,"campfire_upgraded":7,"win_rate":0,"timestamp":1549780969,"path_taken":["M","M","M","M","$","E","R","E","T","R","?","?","R","M","R","BOSS","M","$","M","?","?","R","E","R","T","?","M","R","$","M","R","BOSS","M","$","M","?","M","E","R","M","T","R","?","R","E","$","R","BOSS"],"build_version":"2019-01-23","purchased_purges":3,"victory":true,"max_hp_per_floor":[75,75,75,75,75,75,75,75,75,75,75,75,75,75,75,75,75,75,75,75,75,75,75,75,75,75,75,75,75,75,75,75,75,80,80,80,80,76,76,76,76,76,76,76,76,76,76,76,76,76],"card_choices":[{"not_picked":["Rebound","Hologram"],"picked":"Genetic Algorithm","floor":1.0},{"not_picked":["Compile Driver","Hologram"],"picked":"Redo","floor":2.0},{"not_picked":["Storm","Hologram"],"picked":"Compile Driver","floor":3.0},{"not_picked":["Turbo","Compile Driver"],"picked":"Stack","floor":4.0},{"not_picked":["Leap","Storm"],"picked":"Conserve Battery","floor":6.0},{"not_picked":["Rebound","Auto Shields"],"picked":"Static Discharge","floor":8},{"not_picked":["Streamline","Static Discharge"],"picked":"Defragment","floor":14},{"not_picked":["Biased Cognition","Core Surge"],"picked":"Electrodynamics","floor":16},{"not_picked":["Streamline","Go for the Eyes"],"picked":"Defragment+1","floor":18},{"not_picked":["Ball Lightning","Turbo","Doom and Gloom"],"picked":"SKIP","floor":20},{"not_picked":["Rebound","Heatsinks","Turbo"],"picked":"SKIP","floor":24},{"not_picked":["Hello World+1","Scrape","Reprogram"],"picked":"SKIP","floor":28},{"not_picked":["Sweeping Beam","Stack"],"picked":"Hologram","floor":29},{"not_picked":["Tempest","Machine Learning"],"picked":"Cold Snap","floor":31},{"not_picked":["All For One","Electrodynamics"],"picked":"Biased Cognition","floor":33},{"not_picked":["Hello World","Genetic Algorithm"],"picked":"Skim","floor":35},{"not_picked":["Consume","Ball Lightning+1"],"picked":"Storm","floor":37},{"not_picked":["Consume+1","Recycle","Heatsinks+1"],"picked":"SKIP","floor":39},{"not_picked":["Sunder+1","Genetic Algorithm","Sweeping Beam+1"],"picked":"SKIP","floor":40},{"not_picked":["Sweeping Beam","Leap"],"picked":"Skim+1","floor":42},{"not_picked":["Rip and Tear+1","Streamline"],"picked":"Capacitor+1","floor":46},{"not_picked":["Consume","Ball Lightning"],"picked":"Coolheaded","floor":47}],"player_experience":320609,"relics_obtained":[{"floor":6.0,"key":"Meat on the Bone"},{"floor":8,"key":"Dream Catcher"},{"floor":9,"key":"Mercury Hourglass"},{"floor":24,"key":"Unceasing Top"},{"floor":26,"key":"Centennial Puzzle"},{"floor":27,"key":"Red Mask"},{"floor":40,"key":"Turnip"},{"floor":43,"key":"Letter Opener"},{"floor":47,"key":"FossilizedHelix"}],"event_choices":[{"damage_healed":0,"gold_gain":100,"player_choice":"Pray","damage_taken":0,"max_hp_gain":0,"max_hp_loss":0,"event_name":"Golden Shrine","floor":11,"gold_loss":0},{"damage_healed":0,"gold_gain":0,"player_choice":"Inject Mutagens","damage_taken":0,"relics_obtained":["MutagenicStrength"],"max_hp_gain":0,"max_hp_loss":0,"event_name":"Drug Dealer","floor":21,"gold_loss":0},{"damage_healed":0,"gold_gain":0,"player_choice":"Ignored","damage_taken":0,"max_hp_gain":0,"max_hp_loss":0,"event_name":"WeMeetAgain","floor":22,"gold_loss":0},{"damage_healed":0,"gold_gain":0,"player_choice":"Fought Bandits","damage_taken":0,"max_hp_gain":0,"max_hp_loss":0,"event_name":"Masked Bandits","floor":27,"gold_loss":0},{"damage_healed":0,"gold_gain":0,"player_choice":"Max HP","damage_taken":0,"max_hp_gain":0,"max_hp_loss":4,"event_name":"Winding Halls","floor":38,"gold_loss":0},{"damage_healed":0,"gold_gain":0,"player_choice":"Got Potions","damage_taken":0,"max_hp_gain":0,"max_hp_loss":0,"event_name":"Lab","floor":45,"gold_loss":0}],"is_beta":false,"boss_relics":[{"not_picked":["Cursed Key","Orrery"],"picked":"Nuclear Battery"},{"not_picked":["Runic Dome","Runic Pyramid"],"picked":"Tiny House"}],"items_purged_floors":[5,19,48],"is_endless":false,"potions_floor_spawned":[1,3,6,16,20,31,40,42,47],"ascension_level":12}