{"gold_per_floor":[112,262,262,11,11,31,62,62,62,62,82,82],"floor_reached":12,"playtime":501,"items_purged":[],"score":152,"play_id":"d212e943-59fd-4a68-971a-cbc8d3f143ef","local_time":"20190201145721","is_ascension_mode":true,"campfire_choices":[{"floor":8,"key":"REST"},{"data":"True Grit","floor":10,"key":"SMITH"}],"neow_cost":"NONE","seed_source_timestamp":1262043757403993,"circlet_count":0,"master_deck":["AscendersBane","Strike_R","Strike_R","Strike_R","Strike_R","Defend_R","Defend_R","Defend_R","Defend_R","Bash","Anger","Iron Wave","Clothesline","True Grit+1","Dual Wield"],"relics":["Burning Blood","OrangePellets","Golden Idol","Omamori","Kunai"],"potions_floor_usage":[12],"damage_taken":[{"damage":6,"enemies":"2 Louse","floor":1,"turns":4},{"damage":6,"enemies":"Small Slimes","floor":6,"turns":4},{"damage":50,"enemies":"3 Sentries","floor":7,"turns":11},{"damage":0,"enemies":"Jaw Worm","floor":11,"turns":3},{"damage":46,"enemies":"Lagavulin","floor":12,"turns":9}],"seed_played":"1621965454826049336","potions_obtained":[{"floor":1,"key":"PowerPotion"}],"is_trial":false,"path_per_floor":["M","?","?","$","?","M","E","R","T","R","M","E"],"character_chosen":"IRONCLAD","items_purchased":["OrangePellets","Iron Wave"],"campfire_rested":1,"item_purchase_floors":[4,4],"current_hp_per_floor":[68,68,61,61,61,61,17,37,37,37,43,0],"gold":82,"neow_bonus":"REMOVE_CARD","is_prod":false,"is_daily":false,"chose_seed":false,"campfire_upgraded":1,"win_rate":0,"timestamp":1549051041,"path_taken":["M","?","?","$","?","M","E","R","T","R","M","E"],"build_version":"2019-01-23","purchased_purges":0,"victory":false,"max_hp_per_floor":[75,75,75,75,68,68,68,68,68,68,68,68],"card_choices":[{"not_picked":["Flame Barrier","Dual Wield"],"picked":"Anger","floor":1},{"not_picked":["Power Through","Dropkick"],"picked":"Clothesline","floor":6},{"not_picked":["Perfected Strike","Evolve"],"picked":"True Grit","floor":7},{"not_picked":["Fire Breathing","Twin Strike"],"picked":"Dual Wield","floor":11}],"player_experience":624523,"relics_obtained":[{"floor":7,"key":"Omamori"},{"floor":9,"key":"Kunai"}],"event_choices":[{"damage_healed":0,"gold_gain":150,"player_choice":"AGREE","damage_taken":0,"max_hp_gain":0,"max_hp_loss":0,"event_name":"Liars Game","floor":2,"gold_loss":0,"cards_obtained":["Doubt"]},{"cards_removed":["Doubt"],"damage_healed":0,"gold_gain":0,"player_choice":"Card Removal","damage_taken":7,"max_hp_gain":0,"max_hp_loss":0,"event_name":"Golden Wing","floor":3,"gold_loss":0},{"damage_healed":0,"gold_gain":0,"player_choice":"Lose Max HP","damage_taken":0,"relics_obtained":["Golden Idol"],"max_hp_gain":0,"max_hp_loss":7,"event_name":"Golden Idol","floor":5,"gold_loss":0}],"is_beta":false,"boss_relics":[],"items_purged_floors":[],"is_endless":false,"potions_floor_spawned":[1],"killed_by":"Lagavulin","ascension_level":20}