{"gold_per_floor":[114,127,127,140,140,140,170,170,240,254,79,91,91,91,91,186,186,197,197,197,216,230,230,248,248,303,303,333,333,343,368,368,368],"floor_reached":33,"playtime":1020,"items_purged":["Strike_R"],"score":511,"play_id":"c87a8220-dad8-4f90-9cd1-cc52014f2ef0","local_time":"20190108112935","is_ascension_mode":true,"campfire_choices":[{"data":"Strike_R","floor":6,"key":"SMITH"},{"data":"Cleave","floor":8,"key":"SMITH"},{"data":"Searing Blow","floor":13,"key":"SMITH"},{"data":"Searing Blow+2","floor":15,"key":"SMITH"},{"data":"Searing Blow+3","floor":23,"key":"SMITH"},{"data":"Searing Blow+4","floor":25,"key":"SMITH"},{"data":"Searing Blow+5","floor":29,"key":"SMITH"},{"data":"Searing Blow+6","floor":32,"key":"SMITH"}],"neow_cost":"NONE","seed_source_timestamp":1587531218813713,"circlet_count":0,"master_deck":["Strike_R+1","Strike_R+1","Strike_R+1","Strike_R+1","Defend_R+1","Defend_R+1","Defend_R+1","Defend_R+1","Bash+1","Cleave+1","Dropkick","Cleave","Searing Blow+7","Impervious","Ghostly","Ghostly","Ghostly","Ghostly","Ghostly","Rampage+1"],"relics":["Black Blood","Orichalcum","PreservedInsect","Paper Frog","Tiny Chest","Boot","Pen Nib","Happy Flower"],"potions_floor_usage":[3,7,10,22,33,33,33],"damage_taken":[{"damage":9,"enemies":"2 Louse","floor":1,"turns":3},{"damage":0,"enemies":"Cultist","floor":2,"turns":3},{"damage":6,"enemies":"Jaw Worm","floor":4,"turns":2},{"damage":28,"enemies":"Lagavulin","floor":7,"turns":4},{"damage":4,"enemies":"Red Slaver","floor":10,"turns":2},{"damage":7,"enemies":"Blue Slaver","floor":12,"turns":2},{"damage":41,"enemies":"Hexaghost","floor":16,"turns":8},{"damage":33,"enemies":"Spheric Guardian","floor":18,"turns":6},{"damage":6,"enemies":"3 Byrds","floor":21,"turns":6},{"damage":0,"enemies":"Snake Plant","floor":22,"turns":5},{"damage":0,"enemies":"Cultist and Chosen","floor":24,"turns":7},{"damage":15,"enemies":"Book of Stabbing","floor":28,"turns":4},{"damage":0,"enemies":"Centurion and Healer","floor":30,"turns":6},{"damage":0,"enemies":"Gremlin Leader","floor":31,"turns":6},{"damage":78,"enemies":"Champ","floor":33,"turns":10}],"seed_played":"-7601039645717663411","potions_obtained":[{"floor":1,"key":"FairyPotion"},{"floor":2,"key":"GamblersBrew"},{"floor":3,"key":"Fruit Juice"},{"floor":3,"key":"FearPotion"},{"floor":3,"key":"SteroidPotion"},{"floor":12,"key":"Ancient Potion"},{"floor":24,"key":"SteroidPotion"},{"floor":28,"key":"Ancient Potion"}],"is_trial":false,"path_per_floor":["M","M","?","M","?","R","E","R","T","M","$","M","R","?","R","B",null,"M","?","?","M","M","R","M","R","T","?","E","R","M","E","R","B"],"character_chosen":"IRONCLAD","items_purchased":["EntropicBrew"],"campfire_rested":0,"item_purchase_floors":[11],"current_hp_per_floor":[69,75,80,80,80,80,58,58,58,60,60,59,59,59,59,24,70,47,42,42,42,42,42,42,42,42,42,37,37,42,42,42,0],"gold":368,"neow_bonus":"RANDOM_COMMON_RELIC","is_prod":false,"is_daily":false,"chose_seed":false,"campfire_upgraded":8,"win_rate":0,"timestamp":1546964975,"path_taken":["M","M","?","?","?","R","E","R","T","?","?","M","R","?","R","BOSS","M","?","?","M","M","R","M","R","T","?","E","R","M","E","R","BOSS"],"build_version":"2019-01-03v4","purchased_purges":1,"victory":false,"max_hp_per_floor":[80,80,85,85,85,85,85,85,85,85,85,85,85,85,85,85,85,85,42,42,42,42,42,42,42,42,42,42,42,42,42,42,42],"card_choices":[{"not_picked":["Blood for Blood","Twin Strike"],"picked":"Cleave","floor":1},{"not_picked":["Body Slam","Twin Strike","Dual Wield"],"picked":"SKIP","floor":2},{"not_picked":["Perfected Strike","Infernal Blade"],"picked":"Dropkick","floor":4},{"not_picked":["Clothesline","Sever Soul"],"picked":"Cleave","floor":7},{"not_picked":["Headbutt","Reckless Charge","Perfected Strike"],"picked":"SKIP","floor":10},{"not_picked":["Carnage","Flame Barrier"],"picked":"Searing Blow","floor":12},{"not_picked":["Fiend Fire","Juggernaut"],"picked":"Impervious","floor":16},{"not_picked":["Uppercut","Clothesline","Feel No Pain"],"picked":"SKIP","floor":18},{"not_picked":["Flex+1","Feel No Pain","Reckless Charge"],"picked":"SKIP","floor":21},{"not_picked":["Second Wind+1","Body Slam","Flex"],"picked":"SKIP","floor":22},{"not_picked":["Iron Wave","Pommel Strike+1"],"picked":"Rampage+1","floor":24},{"not_picked":["Fire Breathing","Cleave","Sentinel"],"picked":"SKIP","floor":28},{"not_picked":["Havoc","Pommel Strike+1","Armaments"],"picked":"SKIP","floor":30},{"not_picked":["Wild Strike+1","Cleave","Flame Barrier"],"picked":"SKIP","floor":31}],"player_experience":348133,"relics_obtained":[{"floor":7,"key":"PreservedInsect"},{"floor":9,"key":"Paper Frog"},{"floor":26,"key":"Tiny Chest"},{"floor":28,"key":"Pen Nib"},{"floor":31,"key":"Happy Flower"}],"event_choices":[{"damage_healed":0,"gold_gain":0,"player_choice":"Got Potions","damage_taken":0,"max_hp_gain":0,"max_hp_loss":0,"event_name":"Lab","floor":3,"gold_loss":0},{"damage_healed":0,"gold_gain":0,"player_choice":"Upgraded","damage_taken":0,"max_hp_gain":0,"max_hp_loss":0,"event_name":"Upgrade Shrine","floor":5,"gold_loss":0,"cards_upgraded":["Bash"]},{"damage_healed":0,"gold_gain":0,"player_choice":"Forge","damage_taken":0,"max_hp_gain":0,"max_hp_loss":0,"event_name":"Accursed Blacksmith","floor":14,"gold_loss":0,"cards_upgraded":["Searing Blow"]},{"damage_healed":0,"gold_gain":0,"player_choice":"Became a Ghost","damage_taken":0,"max_hp_gain":0,"max_hp_loss":43,"event_name":"Ghosts","floor":19,"gold_loss":0,"cards_obtained":["Ghostly","Ghostly","Ghostly","Ghostly","Ghostly"]},{"damage_healed":0,"gold_gain":0,"player_choice":"Simplicity","damage_taken":0,"max_hp_gain":0,"max_hp_loss":0,"event_name":"Back to Basics","floor":20,"gold_loss":0,"cards_upgraded":["Strike_R","Strike_R","Strike_R","Defend_R","Defend_R","Defend_R","Defend_R"]},{"damage_healed":0,"gold_gain":0,"player_choice":"Opened","damage_taken":0,"relics_obtained":["Boot"],"max_hp_gain":0,"max_hp_loss":0,"event_name":"The Mausoleum","floor":27,"gold_loss":0}],"is_beta":false,"boss_relics":[{"not_picked":["Fusion Hammer","Runic Pyramid"],"picked":"Black Blood"}],"items_purged_floors":[11],"is_endless":false,"potions_floor_spawned":[1,2,12,21,24,28,30],"killed_by":"Champ","ascension_level":9}