{"gold_per_floor":[109,125,140,154,154,154,154,164,243,418,452,452,464,539,539,643,643,662,662,676,282,282],"floor_reached":22,"playtime":853,"items_purged":["Regret"],"score":258,"play_id":"1bb6cd40-e6c0-49b3-9608-715e60841cc6","local_time":"20190205203421","is_ascension_mode":true,"campfire_choices":[{"data":"Bash","floor":6,"key":"SMITH"},{"data":"True Grit","floor":12,"key":"SMITH"},{"floor":15,"key":"REST"}],"neow_cost":"CURSE","seed_source_timestamp":2238595850420320,"circlet_count":0,"master_deck":["Strike_R","Strike_R","Strike_R","Strike_R","Strike_R","Defend_R","Defend_R","Defend_R","Defend_R","Bash+1","Pommel Strike","Iron Wave","Inflame","Regret","True Grit+1","Doubt","Seeing Red","Ghostly","Ghostly","Ghostly","Ghostly","Ghostly","Headbutt","Armaments","Berserk"],"relics":["Burning Blood","Ginger","Thread and Needle","GremlinMask","Blue Candle","Potion Belt","Sozu","Toolbox"],"potions_floor_usage":[16,18],"damage_taken":[{"damage":4,"enemies":"Cultist","floor":1,"turns":3},{"damage":9,"enemies":"2 Louse","floor":2,"turns":3},{"damage":15,"enemies":"Small Slimes","floor":3,"turns":3},{"damage":22,"enemies":"Exordium Thugs","floor":4,"turns":5},{"damage":6,"enemies":"Blue Slaver","floor":8,"turns":4},{"damage":27,"enemies":"Gremlin Nob","floor":11,"turns":4},{"damage":5,"enemies":"Looter","floor":13,"turns":4},{"damage":41,"enemies":"Slime Boss","floor":16,"turns":10},{"damage":55,"enemies":"3 Byrds","floor":18,"turns":6},{"damage":2,"enemies":"Spheric Guardian","floor":20,"turns":7},{"damage":23,"enemies":"Cultist and Chosen","floor":22,"turns":7}],"seed_played":"-3222698935993055393","potions_obtained":[{"floor":8,"key":"EssenceOfSteel"},{"floor":11,"key":"PowerPotion"},{"floor":13,"key":"SteroidPotion"}],"is_trial":false,"path_per_floor":["M","M","M","M","?","R","?","M","T","?","E","R","M","?","R","B",null,"M","?","M","$","M"],"character_chosen":"IRONCLAD","items_purchased":["Armaments","Berserk","Toolbox"],"campfire_rested":1,"item_purchase_floors":[21,21,21],"current_hp_per_floor":[80,77,68,52,52,52,52,52,52,52,31,31,32,21,45,10,63,14,14,18,18,0],"gold":282,"neow_bonus":"ONE_RARE_RELIC","is_prod":false,"is_daily":false,"chose_seed":false,"campfire_upgraded":2,"win_rate":0,"timestamp":1549427661,"path_taken":["M","M","M","?","?","R","?","?","T","?","E","R","M","?","R","BOSS","M","?","M","$","M"],"build_version":"2019-01-23","purchased_purges":1,"victory":false,"max_hp_per_floor":[80,80,80,80,80,80,80,80,80,80,80,80,80,80,80,80,80,80,40,40,40,40],"card_choices":[{"not_picked":["Headbutt","Iron Wave"],"picked":"Pommel Strike","floor":1},{"not_picked":["Searing Blow","Sentinel"],"picked":"Iron Wave","floor":2},{"not_picked":["Havoc","Searing Blow"],"picked":"Inflame","floor":3},{"not_picked":["Second Wind","Clothesline","Clash"],"picked":"SKIP","floor":4},{"not_picked":["Sever Soul","Bludgeon"],"picked":"True Grit","floor":8},{"not_picked":["Wild Strike","Ghostly Armor","Rupture"],"picked":"SKIP","floor":11},{"not_picked":["Blood for Blood","Entrench"],"picked":"Seeing Red","floor":13},{"not_picked":["Wild Strike","Iron Wave","Anger"],"picked":"SKIP","floor":18},{"not_picked":["Pommel Strike+1","Feel No Pain"],"picked":"Headbutt","floor":20}],"player_experience":269819,"relics_obtained":[{"floor":9,"key":"Blue Candle"},{"floor":11,"key":"Potion Belt"}],"event_choices":[{"damage_healed":0,"gold_gain":0,"player_choice":"Box","damage_taken":0,"relics_obtained":["Thread and Needle"],"max_hp_gain":0,"max_hp_loss":0,"event_name":"Big Fish","floor":5,"gold_loss":0,"cards_obtained":["Regret"]},{"damage_healed":0,"gold_gain":0,"player_choice":"Trade","damage_taken":0,"relics_obtained":["GremlinMask"],"max_hp_gain":0,"max_hp_loss":0,"event_name":"FaceTrader","floor":7,"gold_loss":0},{"damage_healed":0,"gold_gain":175,"player_choice":"AGREE","damage_taken":0,"max_hp_gain":0,"max_hp_loss":0,"event_name":"Liars Game","floor":10,"gold_loss":0,"cards_obtained":["Doubt"]},{"damage_healed":0,"gold_gain":75,"player_choice":"Gather Gold","damage_taken":11,"max_hp_gain":0,"max_hp_loss":0,"event_name":"World of Goop","floor":14,"gold_loss":0},{"damage_healed":0,"gold_gain":0,"player_choice":"Became a Ghost","damage_taken":0,"max_hp_gain":0,"max_hp_loss":40,"event_name":"Ghosts","floor":19,"gold_loss":0,"cards_obtained":["Ghostly","Ghostly","Ghostly","Ghostly","Ghostly"]}],"is_beta":false,"boss_relics":[{"not_picked":["Fusion Hammer","Lizard Tail"],"picked":"Sozu"}],"items_purged_floors":[21],"is_endless":false,"potions_floor_spawned":[8,11,13,18],"killed_by":"Cultist and Chosen","ascension_level":5}