{"gold_per_floor":[20,20,34,54,73,73,104,117,117,148,148,148,181,24,24,101,101,101],"floor_reached":18,"playtime":680,"items_purged":[],"score":349,"play_id":"2b29aded-9069-4cd1-8ecd-aee9b548433e","local_time":"20190203175552","is_ascension_mode":true,"campfire_choices":[{"data":"Zap","floor":6,"key":"SMITH"},{"data":"Doom and Gloom","floor":12,"key":"SMITH"},{"floor":15,"key":"REST"}],"neow_cost":"NO_GOLD","seed_source_timestamp":1445428845278079,"circlet_count":0,"master_deck":["AscendersBane","Strike_B","Strike_B","Strike_B","Defend_B","Defend_B","Defend_B","Defend_B","Zap+1","Dualcast","Echo Form","Capacitor","Cold Snap","Coolheaded","BootSequence","Sunder","Doom and Gloom+1","Machine Learning","Steam","Fission"],"relics":["Cracked Core","FossilizedHelix","Juzu Bracelet","Oddly Smooth Stone","Darkstone Periapt","Dream Catcher","Regal Pillow","Eternal Feather"],"potions_floor_usage":[7,13,13],"damage_taken":[{"damage":9,"enemies":"Jaw Worm","floor":1,"turns":5},{"damage":5,"enemies":"Cultist","floor":3,"turns":4},{"damage":12,"enemies":"Small Slimes","floor":4,"turns":4},{"damage":0,"enemies":"Red Slaver","floor":5,"turns":4},{"damage":11,"enemies":"Gremlin Nob","floor":7,"turns":4},{"damage":8,"enemies":"3 Louse","floor":8,"turns":5},{"damage":0,"enemies":"Lagavulin","floor":10,"turns":7},{"damage":6,"enemies":"Gremlin Nob","floor":13,"turns":5},{"damage":25,"enemies":"Hexaghost","floor":16,"turns":10},{"damage":14,"enemies":"3 Byrds","floor":18,"turns":3}],"seed_played":"-5365046358725660742","potions_obtained":[{"floor":5,"key":"SteroidPotion"},{"floor":7,"key":"SpeedPotion"},{"floor":8,"key":"Swift Potion"},{"floor":13,"key":"SpeedPotion"}],"is_trial":false,"path_per_floor":["M","?","M","M","M","R","E","M","T","E","?","R","E","$","R","B",null,"M"],"character_chosen":"DEFECT","items_purchased":["Regal Pillow"],"campfire_rested":1,"item_purchase_floors":[14],"current_hp_per_floor":[55,55,50,38,38,38,27,19,19,19,19,19,13,13,49,24,59,45],"gold":101,"neow_bonus":"THREE_RARE_CARDS","is_prod":false,"is_daily":false,"chose_seed":false,"campfire_upgraded":2,"win_rate":0,"timestamp":1549234552,"path_taken":["M","?","?","?","M","R","E","M","T","E","?","R","E","$","R","BOSS","M"],"build_version":"2019-01-23","purchased_purges":0,"victory":false,"max_hp_per_floor":[71,71,71,71,71,71,71,71,71,71,71,71,71,71,71,71,71,71],"card_choices":[{"not_picked":["Rainbow","Seek"],"picked":"Echo Form","floor":0},{"not_picked":["Stack","Beam Cell"],"picked":"Melter","floor":1},{"not_picked":["Stack","Coolheaded"],"picked":"Capacitor","floor":3},{"not_picked":["Reinforced Body","Ball Lightning"],"picked":"Cold Snap","floor":4},{"not_picked":["Steam","Stack"],"picked":"Coolheaded","floor":5},{"not_picked":["Meteor Strike","Rebound"],"picked":"BootSequence","floor":7},{"not_picked":["Capacitor","Leap"],"picked":"Sunder","floor":8},{"not_picked":["Steam","Barrage"],"picked":"Doom and Gloom","floor":10},{"not_picked":["Sweeping Beam","Leap"],"picked":"Machine Learning","floor":13},{"not_picked":["Leap","Sweeping Beam"],"picked":"Steam","floor":15},{"not_picked":["Thunder Strike","All For One"],"picked":"Fission","floor":16}],"player_experience":655961,"relics_obtained":[{"floor":7,"key":"Juzu Bracelet"},{"floor":9,"key":"Oddly Smooth Stone"},{"floor":10,"key":"Darkstone Periapt"},{"floor":13,"key":"Dream Catcher"}],"event_choices":[{"cards_removed":["Melter"],"damage_healed":0,"gold_gain":0,"player_choice":"Gave Card","damage_taken":0,"relics_obtained":["FossilizedHelix"],"max_hp_gain":0,"max_hp_loss":0,"event_name":"WeMeetAgain","floor":2,"gold_loss":0},{"cards_removed":["Strike_B"],"damage_healed":0,"gold_gain":0,"player_choice":"Purged","damage_taken":0,"max_hp_gain":0,"max_hp_loss":0,"event_name":"Purifier","floor":11,"gold_loss":0}],"is_beta":false,"boss_relics":[{"not_picked":["Velvet Choker","Snecko Eye"],"picked":"Eternal Feather"}],"items_purged_floors":[],"is_endless":false,"potions_floor_spawned":[5,7,8,13],"killed_by":"3 Byrds","ascension_level":14}