{"gold_per_floor":[114,189,189,114,126,158,158,182,182,197,253,266,266],"floor_reached":13,"playtime":250,"items_purged":["Strike_R"],"score":167,"play_id":"4ec196ed-4b0f-46db-b96b-d3c03c63556f","local_time":"20190114210812","is_ascension_mode":true,"campfire_choices":[],"neow_cost":"NONE","seed_source_timestamp":443840484926265,"circlet_count":0,"master_deck":["AscendersBane","Strike_R+1","Strike_R","Strike_R","Strike_R","Defend_R+1","Defend_R","Defend_R","Defend_R","Bash","Spot Weakness","Carnage","Carnage","Shockwave"],"relics":["Burning Blood","NeowsBlessing","Bag of Preparation","Oddly Smooth Stone","Odd Mushroom","Pear","Tiny Chest"],"potions_floor_usage":[],"damage_taken":[{"damage":0,"enemies":"Jaw Worm","floor":1,"turns":1},{"damage":0,"enemies":"2 Louse","floor":5,"turns":1},{"damage":0,"enemies":"Gremlin Nob","floor":6,"turns":1},{"damage":25,"enemies":"The Mushroom Lair","floor":8,"turns":5},{"damage":14,"enemies":"Small Slimes","floor":10,"turns":4},{"damage":7,"enemies":"2 Fungi Beasts","floor":12,"turns":2},{"damage":18,"enemies":"Large Slime","floor":13,"turns":1}],"seed_played":"-416773773579421196","potions_obtained":[{"floor":6,"key":"Ancient Potion"},{"floor":10,"key":"Swift Potion"}],"is_trial":false,"path_per_floor":["M","?","?","$","M","E","?","?","T","M","T","M","M"],"character_chosen":"IRONCLAD","items_purchased":[],"campfire_rested":0,"item_purchase_floors":[],"current_hp_per_floor":[78,67,51,51,57,63,30,11,21,13,13,12,0],"gold":266,"neow_bonus":"THREE_ENEMY_KILL","is_prod":false,"is_daily":false,"chose_seed":false,"campfire_upgraded":0,"win_rate":0,"timestamp":1547518092,"path_taken":["M","?","?","$","M","E","?","?","T","M","?","M","M"],"build_version":"2019-01-10","purchased_purges":1,"victory":false,"max_hp_per_floor":[80,80,80,80,80,80,80,80,90,90,90,90,90],"card_choices":[{"not_picked":["Clothesline","Disarm","Headbutt"],"picked":"SKIP","floor":1},{"not_picked":["Twin Strike","Fire Breathing"],"picked":"Spot Weakness","floor":5},{"not_picked":["Disarm","Anger","Body Slam"],"picked":"SKIP","floor":6},{"not_picked":["Flex","Blood for Blood"],"picked":"Carnage","floor":8},{"not_picked":["Clothesline","Sever Soul"],"picked":"Carnage","floor":10},{"not_picked":["Burning Pact","Fire Breathing"],"picked":"Shockwave","floor":12}],"player_experience":375893,"relics_obtained":[{"floor":6,"key":"Bag of Preparation"},{"floor":8,"key":"Odd Mushroom"},{"floor":9,"key":"Pear"},{"floor":11,"key":"Tiny Chest"}],"event_choices":[{"damage_healed":0,"gold_gain":75,"player_choice":"Gather Gold","damage_taken":11,"max_hp_gain":0,"max_hp_loss":0,"event_name":"World of Goop","floor":2,"gold_loss":0},{"damage_healed":0,"gold_gain":0,"player_choice":"Entered Light","damage_taken":16,"max_hp_gain":0,"max_hp_loss":0,"event_name":"Shining Light","floor":3,"gold_loss":0,"cards_upgraded":["Defend_R","Strike_R"]},{"damage_healed":0,"gold_gain":0,"player_choice":"Success","damage_taken":33,"relics_obtained":["Oddly Smooth Stone"],"max_hp_gain":0,"max_hp_loss":0,"event_name":"Scrap Ooze","floor":7,"gold_loss":0},{"damage_healed":0,"gold_gain":0,"player_choice":"Fought Mushrooms","damage_taken":0,"max_hp_gain":0,"max_hp_loss":0,"event_name":"Mushrooms","floor":8,"gold_loss":0}],"is_beta":false,"boss_relics":[],"items_purged_floors":[4],"is_endless":false,"potions_floor_spawned":[6,10],"killed_by":"Large Slime","ascension_level":11}