{"path_per_floor":["M","M","$","M","?","R","M","?","T","?","R","E","R","M","R","B",null,"M","M","T","M","M","R","M","R","T","M","$","M","?","M","R","B",null,"M","$","M","?","M","R","M","$","T","?","$","R","M","M","R","B"],"character_chosen":"THE_SILENT","items_purchased":["Noxious Fumes","Backflip","Bag of Marbles","Well Laid Plans","Backflip","Poisoned Stab","Oddly Smooth Stone","Cloak And Dagger","Noxious Fumes","Gremlin Horn"],"gold_per_floor":[216,230,67,81,81,81,100,100,126,196,196,240,240,263,263,382,382,366,390,390,403,421,421,435,435,459,479,175,195,195,214,214,333,333,348,43,63,63,86,86,111,111,111,444,27,27,43,56,56,56],"floor_reached":51,"campfire_rested":4,"playtime":3476,"current_hp_per_floor":[70,65,65,65,48,48,34,39,39,29,51,34,34,34,34,18,75,64,43,43,56,50,50,31,53,53,47,47,38,38,43,67,48,80,80,80,63,63,63,63,57,57,57,57,57,57,57,46,70,47],"items_purged":["Defend_G","Venomology","Writhe"],"gold":56,"score":799,"play_id":"eb951dd3-f431-4ca4-a531-8d551dfb45fd","local_time":"20180516175901","is_prod":false,"is_daily":false,"chose_seed":false,"is_ascension_mode":true,"campfire_upgraded":6,"timestamp":1526518741,"path_taken":["M","M","$","M","?","R","M","?","T","?","R","E","R","M","R","BOSS","M","?","?","M","?","R","M","R","T","M","$","M","?","M","R","BOSS","M","$","M","?","M","R","M","$","T","?","$","R","M","M","R","BOSS"],"build_version":"2018-05-10","seed_source_timestamp":0,"purchased_purges":3,"victory":true,"master_deck":["Defend_G","Defend_G","Defend_G","Defend_G","Strike_G","Strike_G","Strike_G+1","Strike_G","Survivor","Neutralize+1","Crippling Poison","Malaise+1","Noxious Fumes+1","Backflip","Dagger Spray+1","Cloak And Dagger","Flying Knee","Backstab","Catalyst+1","PiercingWail","Leg Sweep+1","Acrobatics+1","Blur+1","Bane","Well Laid Plans","Backflip","Poisoned Stab","Glass Knife+1","Flying Knee","Malaise","Footwork","After Image","Cloak And Dagger","Adrenaline","Infinite Blades+1","Noxious Fumes+1","Cloak And Dagger+1"],"max_hp_per_floor":[70,70,70,70,70,70,70,75,75,75,75,75,75,75,75,75,75,75,75,75,75,75,75,75,75,75,75,75,75,75,80,80,80,80,80,80,80,80,80,80,80,80,80,80,80,80,80,80,80,80],"relics":["Ring of the Snake","Omamori","Whetstone","Happy Flower","Cursed Key","Tough Bandages","Snake Skull","Bag of Marbles","Sozu","Oddly Smooth Stone","Meat on the Bone","Gremlin Horn"],"card_choices":[{"not_picked":["Finisher","Terror"],"picked":"Crippling Poison","floor":1.0},{"not_picked":["PiercingWail","Flying Knee"],"picked":"Malaise","floor":2.0},{"not_picked":["Expertise","Bane"],"picked":"Dagger Spray","floor":4.0},{"not_picked":["PiercingWail","Eviscerate"],"picked":"Cloak And Dagger","floor":7.0},{"not_picked":["Calculated Gamble","Expertise"],"picked":"Flying Knee","floor":10.0},{"not_picked":["Storm of Steel","Slice"],"picked":"Backstab","floor":12.0},{"not_picked":["Slice","Dagger Throw"],"picked":"Catalyst","floor":14.0},{"not_picked":["Unload","Storm of Steel"],"picked":"Venomology","floor":16.0},{"not_picked":["Dagger Spray","Caltrops"],"picked":"PiercingWail","floor":18.0},{"not_picked":["Acrobatics","Dagger Spray"],"picked":"Leg Sweep","floor":19.0},{"not_picked":["Prepared","Sucker Punch"],"picked":"Acrobatics","floor":22.0},{"not_picked":["Flying Knee","Sucker Punch"],"picked":"Blur","floor":24.0},{"not_picked":["Underhanded Strike","Dodge and Roll"],"picked":"Bane","floor":27.0},{"not_picked":["Heel Hook","Prepared"],"picked":"Glass Knife","floor":29.0},{"not_picked":["Deflect","Skewer"],"picked":"Footwork","floor":31},{"not_picked":["Unload","Tactician"],"picked":"After Image","floor":33},{"not_picked":["Poisoned Stab","Dodge and Roll"],"picked":"Adrenaline","floor":39},{"not_picked":["Catalyst","Predator"],"picked":"Infinite Blades","floor":41},{"not_picked":["Bane","Quick Slash"],"picked":"Cloak And Dagger","floor":48}],"player_experience":173984,"potions_floor_usage":[31,31,31,33,50,50],"damage_taken":[{"damage":0.0,"enemies":"2 Louse","floor":1.0,"turns":4.0},{"damage":5.0,"enemies":"Small Slimes","floor":2.0,"turns":5.0},{"damage":0.0,"enemies":"Jaw Worm","floor":4.0,"turns":5.0},{"damage":14.0,"enemies":"Looter","floor":7.0,"turns":4.0},{"damage":10.0,"enemies":"3 Sentries","floor":10.0,"turns":7.0},{"damage":17.0,"enemies":"Gremlin Nob","floor":12.0,"turns":5.0},{"damage":0.0,"enemies":"2 Fungi Beasts","floor":14.0,"turns":2.0},{"damage":16.0,"enemies":"Slime Boss","floor":16.0,"turns":8.0},{"damage":11.0,"enemies":"2 Thieves","floor":18.0,"turns":4.0},{"damage":21.0,"enemies":"Spheric Guardian","floor":19.0,"turns":5.0},{"damage":2.0,"enemies":"Centurion and Healer","floor":21.0,"turns":6.0},{"damage":6.0,"enemies":"Snake Plant","floor":22.0,"turns":5.0},{"damage":19.0,"enemies":"Chosen and Byrds","floor":24.0,"turns":6.0},{"damage":6.0,"enemies":"Snecko","floor":27.0,"turns":6.0},{"damage":9.0,"enemies":"Snake Plant","floor":29.0,"turns":4.0},{"damage":0,"enemies":"Centurion and Healer","floor":31,"turns":4},{"damage":19,"enemies":"Champ","floor":33,"turns":14},{"damage":0,"enemies":"3 Shapes","floor":35,"turns":4},{"damage":17,"enemies":"3 Darklings","floor":37,"turns":8},{"damage":0,"enemies":"Sphere and 2 Shapes","floor":39,"turns":5},{"damage":6,"enemies":"4 Shapes","floor":41,"turns":4},{"damage":0,"enemies":"Maw","floor":47,"turns":7},{"damage":11,"enemies":"Sphere and 2 Shapes","floor":48,"turns":4},{"damage":35,"enemies":"Donu and Deca","floor":50,"turns":10}],"event_choices":[{"event_name":"Golden Idol","player_choice":"Take Damage","floor":5.0,"damage_taken":0.0},{"event_name":"Big Fish","player_choice":"Donut","floor":8.0,"damage_taken":0.0},{"event_name":"Dead Adventurer","player_choice":"Searched \u00271\u0027 times","floor":10.0,"damage_taken":0.0},{"event_name":"Match and Keep!","player_choice":"2 cards matched","floor":30.0,"damage_taken":0.0},{"event_name":"Purifier","player_choice":"One Purge","floor":38,"damage_taken":0},{"event_name":"The Moai Head","player_choice":"Gave Idol","floor":44,"damage_taken":0}],"boss_relics":[{"not_picked":["Snecko Eye","Pandora\u0027s Box"],"picked":"Sozu"}],"potions_floor_spawned":[1,10,10,19,22,27,29,33,35,39,47],"seed_played":"7812280533160874956","ascension_level":4,"is_trial":false}