{"gold_per_floor":[369,388,399,28,41,72,72,72,98,133,133,151,163,196,196,267,267,280,291,291,391,411,411,445,445,468,468,497,514,528,541,541,614,614,630,386,386,386,15,15,15,45,45,45,61,61,61,61],"floor_reached":48,"playtime":2889,"items_purged":["Normality","Strike_B","Strike_B"],"score":962,"play_id":"0a4655f5-99cd-4292-a7f5-34f401f0a278","local_time":"20190224092159","is_ascension_mode":true,"campfire_choices":[{"data":"Defragment","floor":8.0,"key":"SMITH"},{"data":"Sunder","floor":11.0,"key":"SMITH"},{"floor":15.0,"key":"REST"},{"data":"Zap","floor":23.0,"key":"SMITH"},{"data":"Dualcast","floor":25.0,"key":"SMITH"},{"data":"Double Energy","floor":27.0,"key":"SMITH"},{"data":"Loop","floor":32.0,"key":"SMITH"},{"data":"Thinking Ahead","floor":40.0,"key":"SMITH"},{"data":"Defragment","floor":44,"key":"SMITH"},{"data":"Glacier","floor":47,"key":"SMITH"}],"neow_cost":"CURSE","seed_source_timestamp":93051610726260,"circlet_count":0,"master_deck":["AscendersBane","Strike_B+1","Strike_B","Defend_B","Defend_B","Defend_B","Defend_B","Zap+1","Dualcast+1","Cold Snap","Sunder+1","Defragment+1","Double Energy+1","Electrodynamics","Glacier+1","Go for the Eyes+1","Self Repair","Loop+1","Echo Form","Thinking Ahead+1","Madness","Madness","Defragment+1"],"special_seed":0,"relics":["Cracked Core","PreservedInsect","Bag of Preparation","DataDisk","Omamori","Meat on the Bone","Black Star","Shuriken","Boot","Pen Nib","Mercury Hourglass","Bag of Marbles","Inserter","Whetstone","Bottled Tornado","Matryoshka","Art of War","Bronze Scales","Anchor","Darkstone Periapt"],"potions_floor_usage":[42],"damage_taken":[{"damage":1.0,"enemies":"Cultist","floor":1.0,"turns":4.0},{"damage":0.0,"enemies":"Small Slimes","floor":2.0,"turns":3.0},{"damage":0.0,"enemies":"Jaw Worm","floor":3.0,"turns":4.0},{"damage":1.0,"enemies":"3 Louse","floor":5.0,"turns":2.0},{"damage":22.0,"enemies":"Lagavulin","floor":6.0,"turns":5.0},{"damage":0.0,"enemies":"Gremlin Nob","floor":10.0,"turns":2.0},{"damage":0.0,"enemies":"Red Slaver","floor":12.0,"turns":2.0},{"damage":10.0,"enemies":"Lots of Slimes","floor":13.0,"turns":3.0},{"damage":5.0,"enemies":"3 Sentries","floor":14.0,"turns":2.0},{"damage":6.0,"enemies":"Hexaghost","floor":16.0,"turns":13.0},{"damage":12.0,"enemies":"2 Thieves","floor":18.0,"turns":4.0},{"damage":3.0,"enemies":"Shell Parasite","floor":19.0,"turns":5.0},{"damage":0.0,"enemies":"Chosen and Byrds","floor":22.0,"turns":7.0},{"damage":12.0,"enemies":"Gremlin Leader","floor":24.0,"turns":5.0},{"damage":0.0,"enemies":"Slavers","floor":28.0,"turns":4.0},{"damage":0.0,"enemies":"Cultist and Chosen","floor":29.0,"turns":5.0},{"damage":0.0,"enemies":"Snecko","floor":30.0,"turns":3.0},{"damage":7.0,"enemies":"3 Cultists","floor":31.0,"turns":4.0},{"damage":38.0,"enemies":"Collector","floor":33.0,"turns":14.0},{"damage":16.0,"enemies":"3 Darklings","floor":35.0,"turns":7.0},{"damage":39,"enemies":"Nemesis","floor":42,"turns":9},{"damage":0,"enemies":"3 Shapes","floor":45,"turns":4},{"damage":38,"enemies":"Jaw Worm Horde","floor":48,"turns":3}],"seed_played":"6066262987973679815","potions_obtained":[{"floor":6.0,"key":"SpeedPotion"},{"floor":7.0,"key":"Regen Potion"},{"floor":7.0,"key":"AttackPotion"},{"floor":10.0,"key":"SteroidPotion"},{"floor":12.0,"key":"Weak Potion"},{"floor":14.0,"key":"Explosive Potion"},{"floor":18.0,"key":"SteroidPotion"},{"floor":22.0,"key":"SpeedPotion"},{"floor":29.0,"key":"Weak Potion"},{"floor":33.0,"key":"SteroidPotion"},{"floor":35.0,"key":"Swift Potion"},{"floor":42,"key":"AttackPotion"}],"is_trial":false,"path_per_floor":["M","M","M","$","M","E","?","R","T","E","R","M","M","E","R","B",null,"M","M","?","?","M","R","E","R","T","R","E","M","M","M","R","B",null,"M","$","?","T","$","R","?","E","T","R","M","?","R","M"],"character_chosen":"DEFECT","items_purchased":["Defragment","PreservedInsect","Double Energy","Whetstone","Matryoshka"],"campfire_rested":1,"item_purchase_floors":[4,4,4,36,39],"current_hp_per_floor":[67,67,67,67,66,44,44,44,44,44,44,44,34,34,56,50,69,57,54,54,54,61,61,56,56,56,56,63,70,70,70,70,51,69,67,67,67,67,67,67,58,38,38,38,38,38,38,0],"gold":61,"neow_bonus":"TWO_FIFTY_GOLD","is_prod":false,"is_daily":false,"chose_seed":false,"campfire_upgraded":9,"win_rate":0,"timestamp":1551028919,"path_taken":["M","M","M","$","?","E","?","R","T","E","R","M","?","E","R","BOSS","M","M","?","?","M","R","E","R","T","R","E","M","?","?","R","BOSS","M","$","?","?","$","R","?","E","T","R","?","?","R","M"],"build_version":"2019-01-23","purchased_purges":3,"victory":false,"max_hp_per_floor":[75,75,75,75,75,75,75,75,75,75,75,75,75,75,75,75,75,75,75,75,75,75,75,75,75,75,75,75,75,75,75,75,75,75,75,75,75,75,75,75,75,75,75,75,75,75,75,75],"card_choices":[{"not_picked":["Go for the Eyes","Stack"],"picked":"Cold Snap","floor":1.0},{"not_picked":["Leap","Double Energy","Ball Lightning"],"picked":"SKIP","floor":2.0},{"not_picked":["Recycle","Rip and Tear"],"picked":"Sunder","floor":3.0},{"not_picked":["Force Field","Gash"],"picked":"Chill","floor":5.0},{"not_picked":["Heatsinks","Loop"],"picked":"Electrodynamics","floor":6.0},{"not_picked":["Compile Driver","Streamline","Tempest"],"picked":"SKIP","floor":10.0},{"not_picked":["Melter","Scrape","Auto Shields"],"picked":"SKIP","floor":12.0},{"not_picked":["Self Repair","Stack"],"picked":"Glacier","floor":13.0},{"not_picked":["Creative AI","Multi-Cast"],"picked":"Go for the Eyes","floor":14.0},{"not_picked":["Streamline","Sunder","Go for the Eyes"],"picked":"SKIP","floor":18.0},{"not_picked":["BootSequence","Auto Shields"],"picked":"Self Repair","floor":19.0},{"not_picked":["Beam Cell","Compile Driver","Undo"],"picked":"SKIP","floor":22.0},{"not_picked":["Gash","Compile Driver","Self Repair+1"],"picked":"SKIP","floor":24.0},{"not_picked":["Hologram","Self Repair","Compile Driver"],"picked":"SKIP","floor":28.0},{"not_picked":["Beam Cell","Leap","Stack"],"picked":"SKIP","floor":29.0},{"not_picked":["BootSequence","Capacitor"],"picked":"Loop","floor":30.0},{"not_picked":["Force Field","Leap","Gash"],"picked":"SKIP","floor":31.0},{"not_picked":["Fission","Core Surge"],"picked":"Echo Form","floor":33.0},{"not_picked":["Skim","Reinforced Body","Barrage"],"picked":"SKIP","floor":35.0},{"not_picked":["Deep Breath","Dark Shackles"],"picked":"Thinking Ahead","floor":37.0},{"not_picked":["Coolheaded","Fission"],"picked":"Defragment","floor":42},{"not_picked":["Cold Snap","Coolheaded","Recycle+1"],"picked":"SKIP","floor":45}],"player_experience":493933,"relics_obtained":[{"floor":6.0,"key":"Bag of Preparation"},{"floor":9.0,"key":"DataDisk"},{"floor":10.0,"key":"Omamori"},{"floor":14.0,"key":"Meat on the Bone"},{"floor":24.0,"key":"Shuriken"},{"floor":24.0,"key":"Boot"},{"floor":26.0,"key":"Pen Nib"},{"floor":28.0,"key":"Mercury Hourglass"},{"floor":28.0,"key":"Bag of Marbles"},{"floor":38.0,"key":"Bottled Tornado"},{"floor":42,"key":"Art of War"},{"floor":42,"key":"Bronze Scales"},{"floor":43,"key":"Anchor"},{"floor":43,"key":"Darkstone Periapt"}],"event_choices":[{"damage_healed":0.0,"max_hp_gain":0.0,"max_hp_loss":0.0,"gold_gain":0.0,"event_name":"Lab","player_choice":"Got Potions","floor":7.0,"gold_loss":0.0,"damage_taken":0.0},{"damage_healed":0.0,"max_hp_gain":0.0,"max_hp_loss":0.0,"gold_gain":0.0,"event_name":"Cursed Tome","player_choice":"Ignored","floor":20.0,"gold_loss":0.0,"damage_taken":0.0},{"damage_healed":0.0,"max_hp_gain":0.0,"max_hp_loss":0.0,"gold_gain":100.0,"event_name":"Golden Shrine","player_choice":"Pray","floor":21.0,"gold_loss":0.0,"damage_taken":0.0},{"damage_healed":0.0,"max_hp_gain":0.0,"max_hp_loss":0.0,"gold_gain":0.0,"event_name":"SensoryStone","player_choice":"Memory 1","floor":37.0,"gold_loss":0.0,"damage_taken":0.0},{"damage_healed":0.0,"max_hp_gain":0.0,"max_hp_loss":0.0,"gold_gain":0.0,"event_name":"Winding Halls","player_choice":"Embrace Madness","floor":41.0,"gold_loss":0.0,"damage_taken":9.0,"cards_obtained":["Madness","Madness"]},{"cards_removed":["Chill"],"damage_healed":0,"gold_gain":0,"player_choice":"Removed Skill","damage_taken":0,"max_hp_gain":0,"max_hp_loss":0,"event_name":"Falling","floor":46,"gold_loss":0}],"is_beta":false,"boss_relics":[{"not_picked":["Tiny House","Astrolabe"],"picked":"Black Star"},{"not_picked":["Nuclear Battery","Empty Cage"],"picked":"Inserter"}],"items_purged_floors":[4,36,39],"is_endless":false,"potions_floor_spawned":[6,10,12,13,14,18,22,29,33,35,42],"killed_by":"Jaw Worm Horde","ascension_level":13}