{"gold_per_floor":[111,111,128,139,159,159,172,187,187,67,67,87,14,14,14,116,166,183,194,194,94,94,94,15,15],"floor_reached":25,"playtime":946,"items_purged":["Strike_G","Strike_G+1"],"score":241,"play_id":"a3d529ad-407c-4cc1-a89a-eb47b0f77104","local_time":"20190104221036","is_ascension_mode":true,"campfire_choices":[{"data":"After Image","floor":6,"key":"SMITH"},{"floor":15,"key":"REST"},{"floor":23,"key":"REST"}],"neow_cost":"TEN_PERCENT_HP_LOSS","seed_source_timestamp":1280453194057477,"circlet_count":0,"master_deck":["Defend_G+1","Defend_G+1","Defend_G+1","Defend_G+1","Defend_G+1","Strike_G+1","Strike_G+1","Strike_G+1","Survivor","Neutralize","After Image+1","Choke","Leg Sweep","Cloak And Dagger","Slice","Cloak And Dagger","Blade Dance","Blade Dance","Doppelganger","Pain","Adrenaline","Slice","Quick Slash","Footwork","Footwork"],"relics":["Ring of the Snake","NlothsMask","WingedGreaves","WarpedTongs","Tiny House"],"potions_floor_usage":[16,16,17],"damage_taken":[{"damage":2,"enemies":"Small Slimes","floor":1,"turns":5},{"damage":0,"enemies":"Cultist","floor":3,"turns":3},{"damage":1,"enemies":"Jaw Worm","floor":4,"turns":5},{"damage":12,"enemies":"Large Slime","floor":5,"turns":8},{"damage":0,"enemies":"Red Slaver","floor":7,"turns":5},{"damage":7,"enemies":"Blue Slaver","floor":8,"turns":4},{"damage":15,"enemies":"3 Louse","floor":12,"turns":3},{"damage":54,"enemies":"Slime Boss","floor":16,"turns":12},{"damage":13,"enemies":"3 Byrds","floor":18,"turns":5},{"damage":6,"enemies":"Shell Parasite","floor":19,"turns":5},{"damage":34,"enemies":"Colosseum Slavers","floor":22,"turns":5},{"damage":0,"enemies":"Centurion and Healer","floor":25,"turns":1}],"seed_played":"-2076698611441149230","potions_obtained":[{"floor":3,"key":"SteroidPotion"},{"floor":4,"key":"GamblersBrew"},{"floor":8,"key":"FearPotion"},{"floor":12,"key":"Regen Potion"},{"floor":17,"key":"Fruit Juice"},{"floor":18,"key":"FearPotion"}],"is_trial":false,"path_per_floor":["M","?","M","M","M","R","M","M","T","$","T","M","$","?","R","B",null,"M","M","?","$","?","R","$","M"],"character_chosen":"THE_SILENT","items_purchased":["Blade Dance","Doppelganger","Footwork"],"campfire_rested":2,"item_purchase_floors":[10,13,24],"current_hp_per_floor":[61,61,61,60,48,48,48,41,41,41,41,26,26,26,44,5,59,46,40,40,40,6,27,27,27],"gold":15,"neow_bonus":"THREE_RARE_CARDS","is_prod":false,"is_daily":false,"chose_seed":false,"campfire_upgraded":1,"win_rate":0,"timestamp":1546657836,"path_taken":["M","?","M","M","?","R","M","?","T","$","?","M","?","?","R","BOSS","M","M","?","$","?","R","$","M"],"build_version":"2019-01-03v3","purchased_purges":2,"victory":false,"max_hp_per_floor":[63,63,63,63,63,63,63,63,63,63,63,63,63,63,63,63,73,73,73,73,73,73,73,73,73],"card_choices":[{"not_picked":["Bullet Time","Tools of the Trade"],"picked":"After Image","floor":0},{"not_picked":["Dagger Throw","Predator"],"picked":"Choke","floor":1},{"not_picked":["Poisoned Stab","Reflex"],"picked":"Leg Sweep","floor":3},{"not_picked":["PiercingWail","All Out Attack"],"picked":"Cloak And Dagger","floor":4},{"not_picked":["Outmaneuver","Underhanded Strike"],"picked":"Slice","floor":5},{"not_picked":["Setup","Eviscerate"],"picked":"Cloak And Dagger","floor":7},{"not_picked":["Dagger Spray","Reflex"],"picked":"Blade Dance","floor":8},{"not_picked":["Dash","Catalyst","Dagger Spray"],"picked":"SKIP","floor":12},{"not_picked":["Malaise","Unload"],"picked":"Adrenaline","floor":16},{"not_picked":["Deadly Poison","Outmaneuver"],"picked":"Slice","floor":17},{"not_picked":["Sucker Punch+1","Dagger Throw"],"picked":"Quick Slash","floor":18},{"not_picked":["PiercingWail","Skewer"],"picked":"Footwork","floor":19}],"player_experience":312175,"relics_obtained":[{"floor":11,"key":"WingedGreaves"}],"event_choices":[{"damage_healed":0,"gold_gain":0,"player_choice":"Trade","damage_taken":0,"relics_obtained":["NlothsMask"],"max_hp_gain":0,"max_hp_loss":0,"event_name":"FaceTrader","floor":2,"gold_loss":0},{"damage_healed":0,"gold_gain":0,"player_choice":"Rummage","damage_taken":0,"relics_obtained":["WarpedTongs"],"max_hp_gain":0,"max_hp_loss":0,"event_name":"Accursed Blacksmith","floor":14,"gold_loss":0,"cards_obtained":["Pain"]},{"damage_healed":0,"gold_gain":0,"player_choice":"Simplicity","damage_taken":0,"max_hp_gain":0,"max_hp_loss":0,"event_name":"Back to Basics","floor":20,"gold_loss":0,"cards_upgraded":["Defend_G","Defend_G","Defend_G","Defend_G","Strike_G","Strike_G","Strike_G","Strike_G"]},{"damage_healed":0,"gold_gain":0,"player_choice":"Fight","damage_taken":0,"max_hp_gain":0,"max_hp_loss":0,"event_name":"Colosseum","floor":22,"gold_loss":0},{"damage_healed":0,"gold_gain":0,"player_choice":"Fled From Nobs","damage_taken":0,"max_hp_gain":0,"max_hp_loss":0,"event_name":"Colosseum","floor":22,"gold_loss":0}],"is_beta":false,"boss_relics":[{"not_picked":["Coffee Dripper","Runic Dome"],"picked":"Tiny House"}],"items_purged_floors":[10,21],"is_endless":false,"potions_floor_spawned":[3,4,8,12,18],"killed_by":"Centurion and Healer","ascension_level":5}