{"gold_per_floor":[109,127,142,142,70,70,98,98,125,125,125,142,142,162,162,236,236,252,263,277,40,40],"floor_reached":22,"playtime":1105,"items_purged":["Strike_G"],"score":326,"play_id":"83252eb2-3cdc-40c0-b37c-b04b5167d014","local_time":"20190210162849","is_ascension_mode":true,"campfire_choices":[{"data":"Neutralize","floor":6.0,"key":"SMITH"},{"data":"Wraith Form v2","floor":8.0,"key":"SMITH"},{"floor":13,"key":"REST"},{"data":"Skewer","floor":15,"key":"SMITH"}],"neow_cost":"NONE","seed_source_timestamp":244545932374183,"circlet_count":0,"master_deck":["AscendersBane","Defend_G","Defend_G","Defend_G","Defend_G+1","Defend_G+1","Strike_G","Strike_G","Strike_G","Strike_G","Survivor","Neutralize+1","Cloak And Dagger","Cloak And Dagger","Dagger Spray","Flying Knee","Backflip","Wraith Form v2+1","Corpse Explosion","Cloak And Dagger","Neutralize","Skewer+1","PiercingWail","Burst","Deadly Poison","Caltrops","Noxious Fumes","Bandage Up"],"special_seed":0,"relics":["Ring of the Snake","Bag of Marbles","Omamori","War Paint","HoveringKite"],"potions_floor_usage":[16,16,20,22],"damage_taken":[{"damage":2.0,"enemies":"Cultist","floor":1.0,"turns":4.0},{"damage":0.0,"enemies":"Jaw Worm","floor":2.0,"turns":3.0},{"damage":0.0,"enemies":"2 Louse","floor":3.0,"turns":3.0},{"damage":19.0,"enemies":"3 Sentries","floor":7.0,"turns":8.0},{"damage":0,"enemies":"Gremlin Gang","floor":12,"turns":1},{"damage":0,"enemies":"2 Fungi Beasts","floor":14,"turns":2},{"damage":46,"enemies":"Slime Boss","floor":16,"turns":11},{"damage":25,"enemies":"Chosen","floor":18,"turns":5},{"damage":12,"enemies":"3 Byrds","floor":19,"turns":5},{"damage":9,"enemies":"Snecko","floor":20,"turns":6},{"damage":17,"enemies":"Chosen and Byrds","floor":22,"turns":4}],"seed_played":"6048284250866193550","potions_obtained":[{"floor":7.0,"key":"AttackPotion"},{"floor":12,"key":"PowerPotion"},{"floor":16,"key":"Ancient Potion"},{"floor":18,"key":"Weak Potion"}],"is_trial":false,"path_per_floor":["M","M","M","?","$","R","E","R","T","?","?","M","R","M","R","B",null,"M","M","M","$","M"],"character_chosen":"THE_SILENT","items_purchased":["Flying Knee","Backflip","Noxious Fumes","Bandage Up"],"campfire_rested":1,"item_purchase_floors":[5,5,21,21],"current_hp_per_floor":[57,57,57,57,57,57,38,38,38,38,38,38,57,57,57,11,52,27,15,6,6,0],"gold":40,"neow_bonus":"RANDOM_COMMON_RELIC","is_prod":false,"is_daily":false,"chose_seed":false,"campfire_upgraded":3,"win_rate":0,"timestamp":1549834129,"path_taken":["M","?","M","?","$","R","E","R","T","?","?","M","R","M","R","BOSS","M","M","M","$","?"],"build_version":"2019-01-23","purchased_purges":1,"victory":false,"max_hp_per_floor":[66,66,66,66,66,66,66,66,66,66,66,66,66,66,66,66,66,66,66,66,66,66],"card_choices":[{"not_picked":["Slice","Eviscerate"],"picked":"Cloak And Dagger","floor":1.0},{"not_picked":["Calculated Gamble","Backflip"],"picked":"Cloak And Dagger","floor":2.0},{"not_picked":["Sucker Punch","Poisoned Stab"],"picked":"Dagger Spray","floor":3.0},{"not_picked":["Dagger Spray","Dodge and Roll"],"picked":"Wraith Form v2","floor":7.0},{"not_picked":["Prepared","Poisoned Stab"],"picked":"Skewer","floor":12},{"not_picked":["Slice","Catalyst"],"picked":"PiercingWail","floor":14},{"not_picked":["Malaise","Phantasmal Killer"],"picked":"Burst","floor":16},{"not_picked":["Bouncing Flask","Outmaneuver"],"picked":"Deadly Poison","floor":18},{"not_picked":["Underhanded Strike","Blur"],"picked":"Caltrops","floor":19},{"not_picked":["Sucker Punch+1","Setup","Blade Dance"],"picked":"SKIP","floor":20}],"player_experience":440680,"relics_obtained":[{"floor":7.0,"key":"Omamori"},{"floor":9.0,"key":"War Paint"}],"event_choices":[{"damage_healed":0.0,"max_hp_gain":0.0,"max_hp_loss":0.0,"gold_gain":0.0,"event_name":"The Cleric","player_choice":"Leave","floor":4.0,"gold_loss":0.0,"damage_taken":0.0},{"damage_healed":0.0,"max_hp_gain":0.0,"max_hp_loss":0.0,"gold_gain":0.0,"event_name":"Liars Game","player_choice":"Ignored","floor":10.0,"gold_loss":0.0,"damage_taken":0.0},{"damage_healed":0,"gold_gain":0,"player_choice":"3 cards matched","damage_taken":0,"max_hp_gain":0,"max_hp_loss":0,"event_name":"Match and Keep!","floor":11,"gold_loss":0,"cards_obtained":["Corpse Explosion","Cloak And Dagger","Neutralize"]}],"is_beta":false,"boss_relics":[{"not_picked":["Runic Pyramid","Lizard Tail"],"picked":"HoveringKite"}],"items_purged_floors":[21],"is_endless":false,"potions_floor_spawned":[7,12,16,18],"killed_by":"Chosen and Byrds","ascension_level":15}