{"gold_per_floor":[109,109,34,52,69,69,84,84,108,123,140,140,140,152,152,254,254,269,269,280,298,310,310,220,135,135,135,153,153,153,8,8,8],"floor_reached":33,"playtime":1563,"items_purged":[],"score":289,"play_id":"173c88b9-b92f-4515-a396-1777252fb945","local_time":"20181118175950","is_ascension_mode":false,"campfire_choices":[{"data":"Zap","floor":6,"key":"SMITH"},{"data":"Defragment","floor":13,"key":"SMITH"},{"data":"Dualcast","floor":15,"key":"SMITH"},{"data":"Redo","floor":23,"key":"SMITH"},{"floor":30,"key":"REST"},{"data":"Sweeping Beam","floor":32,"key":"SMITH"}],"neow_cost":"NONE","seed_source_timestamp":10922549706459,"circlet_count":0,"master_deck":["Strike_B","Strike_B","Defend_B","Defend_B+1","Defend_B+1","Defend_B","Zap+1","Dualcast+1","Lockon","Defragment+1","FTL","Sweeping Beam+1","Beam Cell","Coolheaded+1","Cold Snap","Electrodynamics","Parasite","Parasite","Doom and Gloom","Self Repair+1","Redo+1","Melter+1","Static Discharge+1","Steam","Stack+1"],"relics":["Cracked Core","Ornamental Fan","Bag of Marbles","War Paint","Calling Bell","Juzu Bracelet","Frozen Egg 2","Ice Cream","Bag of Preparation","Potion Belt","Vajra"],"potions_floor_usage":[18,18,22,28],"damage_taken":[{"damage":1,"enemies":"2 Louse","floor":1,"turns":2},{"damage":1,"enemies":"Cultist","floor":4,"turns":3},{"damage":7,"enemies":"Small Slimes","floor":5,"turns":3},{"damage":16,"enemies":"Gremlin Gang","floor":7,"turns":4},{"damage":2,"enemies":"Blue Slaver","floor":10,"turns":3},{"damage":8,"enemies":"Red Slaver","floor":11,"turns":3},{"damage":5,"enemies":"2 Fungi Beasts","floor":14,"turns":2},{"damage":0,"enemies":"Hexaghost","floor":16,"turns":8},{"damage":18,"enemies":"Shell Parasite","floor":18,"turns":4},{"damage":3,"enemies":"3 Byrds","floor":20,"turns":4},{"damage":12,"enemies":"Cultist and Chosen","floor":21,"turns":5},{"damage":22,"enemies":"Shelled Parasite and Fungi","floor":22,"turns":5},{"damage":16,"enemies":"Snake Plant","floor":28,"turns":4},{"damage":17,"enemies":"Colosseum Slavers","floor":29,"turns":4},{"damage":50,"enemies":"Collector","floor":33,"turns":7}],"seed_played":"-3990037228358579120","potions_obtained":[{"floor":1,"key":"Ancient Potion"},{"floor":5,"key":"GamblersBrew"},{"floor":14,"key":"LiquidBronze"},{"floor":16,"key":"SpeedPotion"},{"floor":21,"key":"EssenceOfSteel"},{"floor":22,"key":"EssenceOfSteel"}],"is_trial":false,"path_per_floor":["M","?","$","M","M","R","M","T","T","M","M","?","R","M","R","B",null,"M","?","M","M","M","R","?","?","T","?","M","?","R","$","R","B"],"character_chosen":"DEFECT","items_purchased":["Defragment","Vajra"],"campfire_rested":1,"item_purchase_floors":[3,31],"current_hp_per_floor":[74,74,74,73,66,66,50,50,50,48,40,40,40,35,35,35,75,57,57,64,62,40,40,40,40,40,40,34,27,49,49,49,0],"gold":8,"neow_bonus":"REMOVE_CARD","is_prod":false,"is_daily":false,"chose_seed":false,"campfire_upgraded":5,"win_rate":0.0,"timestamp":1542581990,"path_taken":["M","?","$","?","M","R","?","?","T","M","M","?","R","M","R","BOSS","M","?","M","M","M","R","?","?","T","?","M","?","R","$","R","BOSS"],"build_version":"2018-11-15","purchased_purges":0,"victory":false,"max_hp_per_floor":[75,75,75,75,75,75,75,75,75,75,75,75,75,75,75,75,75,75,75,75,75,75,75,75,75,75,75,75,75,75,75,75,75],"card_choices":[{"not_picked":["Heatsinks","Skim"],"picked":"Lockon","floor":1},{"not_picked":["Gash","Compile Driver","Steam Power"],"picked":"SKIP","floor":4},{"not_picked":["Coolheaded","Lockon"],"picked":"FTL","floor":5},{"not_picked":["Leap","Gash"],"picked":"Sweeping Beam","floor":7},{"not_picked":["Compile Driver","Barrage"],"picked":"Beam Cell","floor":10},{"not_picked":["Redo","Auto Shields"],"picked":"Coolheaded","floor":11},{"not_picked":["Hello World","Ball Lightning"],"picked":"Cold Snap","floor":14},{"not_picked":["Machine Learning","Creative AI"],"picked":"Electrodynamics","floor":16},{"not_picked":["Compile Driver","Rebound"],"picked":"Doom and Gloom","floor":18},{"not_picked":["Coolheaded","Ball Lightning"],"picked":"Redo","floor":20},{"not_picked":["Gash","Amplify"],"picked":"Melter+1","floor":21},{"not_picked":["Stack+1","Skim"],"picked":"Static Discharge+1","floor":22},{"not_picked":["Gash","Reprogram+1"],"picked":"Stack+1","floor":28}],"player_experience":2972315,"relics_obtained":[{"floor":8,"key":"Bag of Marbles"},{"floor":9,"key":"War Paint"},{"floor":17,"key":"Juzu Bracelet"},{"floor":17,"key":"Frozen Egg 2"},{"floor":17,"key":"Ice Cream"},{"floor":26,"key":"Potion Belt"}],"event_choices":[{"damage_healed":0,"gold_gain":0,"player_choice":"Gave Potion","damage_taken":0,"relics_obtained":["Ornamental Fan"],"max_hp_gain":0,"max_hp_loss":0,"event_name":"WeMeetAgain","floor":2,"gold_loss":0},{"cards_removed":["Strike_B"],"damage_healed":0,"gold_gain":0,"player_choice":"Forget","damage_taken":0,"max_hp_gain":0,"max_hp_loss":0,"event_name":"Living Wall","floor":12,"gold_loss":0},{"damage_healed":0,"gold_gain":0,"player_choice":"Read","damage_taken":0,"max_hp_gain":0,"max_hp_loss":0,"event_name":"The Library","floor":19,"gold_loss":0,"cards_obtained":["Self Repair"]},{"cards_removed":["Normality"],"damage_healed":0,"gold_gain":0,"player_choice":"Upgrade and Remove","damage_taken":0,"max_hp_gain":0,"max_hp_loss":0,"event_name":"Designer","floor":24,"gold_loss":90,"cards_upgraded":["Coolheaded"]},{"damage_healed":0,"gold_gain":0,"player_choice":"Obtained Relic","damage_taken":0,"relics_obtained":["Bag of Preparation"],"max_hp_gain":0,"max_hp_loss":0,"event_name":"Addict","floor":25,"gold_loss":85},{"damage_healed":0,"gold_gain":0,"player_choice":"1 cards matched","damage_taken":0,"max_hp_gain":0,"max_hp_loss":0,"event_name":"Match and Keep!","floor":27,"gold_loss":0,"cards_obtained":["Steam"]},{"damage_healed":0,"gold_gain":0,"player_choice":"Fight","damage_taken":0,"max_hp_gain":0,"max_hp_loss":0,"event_name":"Colosseum","floor":29,"gold_loss":0},{"damage_healed":0,"gold_gain":0,"player_choice":"Fled From Nobs","damage_taken":0,"max_hp_gain":0,"max_hp_loss":0,"event_name":"Colosseum","floor":29,"gold_loss":0}],"is_beta":false,"boss_relics":[{"not_picked":["Velvet Choker","Coffee Dripper"],"picked":"Calling Bell"}],"items_purged_floors":[],"is_endless":false,"potions_floor_spawned":[1,5,14,16,21,22],"killed_by":"Collector","ascension_level":0}