{"gold_per_floor":[113,113,87,101,111,111,286,286,286,286,119,119,148,158,158,263,263,273,273,285,297,212,212,20,20,47,47,47,60,60,10,10,108,108,128,142,157,167,267,294,294,175,175,175,175,175,23,37,37,37],"floor_reached":51,"playtime":2180,"items_purged":["Doubt","Defend_G+1","Defend_G+1"],"score":979,"play_id":"491b7f34-4101-4784-b11e-976d9475b146","local_time":"20190303195336","is_ascension_mode":true,"campfire_choices":[{"data":"Catalyst","floor":6,"key":"SMITH"},{"data":"Bouncing Flask","floor":8,"key":"SMITH"},{"data":"Sucker Punch","floor":10,"key":"SMITH"},{"floor":12,"key":"REST"},{"data":"Bullet Time","floor":15,"key":"SMITH"},{"floor":23,"key":"REST"},{"data":"Catalyst","floor":25,"key":"SMITH"},{"data":"Discovery","floor":32,"key":"SMITH"},{"data":"A Thousand Cuts","floor":41,"key":"SMITH"},{"floor":44,"key":"REST"},{"floor":49,"key":"REST"}],"neow_cost":"CURSE","seed_source_timestamp":65476291733300,"circlet_count":0,"master_deck":["Defend_G+1","Strike_G+1","Survivor+1","Neutralize+1","Grand Finale+1","Crippling Poison+1","Sucker Punch+1","Bouncing Flask+1","Catalyst+1","Discovery+1","Bullet Time+1","Corpse Explosion+1","Backflip+1","Slice+1","Catalyst+1","Backflip+1","Deflect+1","A Thousand Cuts+1","Backflip+1","Skewer+1","Dagger Spray+1","Leg Sweep+1","Prepared+1","Concentrate+1","Parasite","PiercingWail+1","Terror+1","After Image"],"relics":["Ring of the Snake","Singing Bowl","Darkstone Periapt","Runic Pyramid","Vajra","TwistedFunnel","Lantern","Smiling Mask","Incense Burner","Astrolabe","Anchor","Bag of Marbles","Mark of the Bloom"],"potions_floor_usage":[13,16,18,20,21,50,50],"damage_taken":[{"damage":6,"enemies":"Small Slimes","floor":1,"turns":5},{"damage":4,"enemies":"Jaw Worm","floor":4,"turns":4},{"damage":7,"enemies":"2 Louse","floor":5,"turns":3},{"damage":10,"enemies":"Gremlin Nob","floor":13,"turns":3},{"damage":0,"enemies":"Looter","floor":14,"turns":2},{"damage":17,"enemies":"Hexaghost","floor":16,"turns":6},{"damage":0,"enemies":"3 Byrds","floor":18,"turns":1},{"damage":8,"enemies":"Chosen","floor":20,"turns":2},{"damage":18,"enemies":"Snake Plant","floor":21,"turns":2},{"damage":0,"enemies":"Centurion and Healer","floor":29,"turns":3},{"damage":14,"enemies":"Automaton","floor":33,"turns":9},{"damage":0,"enemies":"Orb Walker","floor":35,"turns":2},{"damage":0,"enemies":"3 Darklings","floor":36,"turns":2},{"damage":9,"enemies":"Sphere and 2 Shapes","floor":37,"turns":6},{"damage":0,"enemies":"Writhing Mass","floor":38,"turns":4},{"damage":6,"enemies":"Nemesis","floor":40,"turns":5},{"damage":18,"enemies":"Spire Growth","floor":48,"turns":6},{"damage":15,"enemies":"Donu and Deca","floor":50,"turns":6}],"seed_played":"-1164086395845940696","potions_obtained":[{"floor":1,"key":"Poison Potion"},{"floor":4,"key":"Energy Potion"},{"floor":5,"key":"Explosive Potion"},{"floor":16,"key":"LiquidBronze"},{"floor":18,"key":"Poison Potion"},{"floor":20,"key":"Regen Potion"},{"floor":37,"key":"Block Potion"},{"floor":38,"key":"Ancient Potion"}],"is_trial":false,"path_per_floor":["M","?","$","M","M","R","?","R","T","R","$","R","E","M","R","B",null,"M","?","M","M","?","R","$","R","T","?","T","M","?","$","R","B",null,"M","M","M","M","?","E","R","$","T","R","?","?","$","M","R","B",null],"character_chosen":"THE_SILENT","items_purchased":["Sucker Punch","Discovery","TwistedFunnel","Terror","After Image"],"campfire_rested":4,"item_purchase_floors":[3,11,24,42,47],"current_hp_per_floor":[57,50,50,46,39,39,39,39,39,39,39,60,50,52,52,35,63,63,63,55,48,48,70,70,70,70,70,70,70,70,70,70,56,70,70,70,61,69,69,63,63,63,63,82,82,82,82,64,64,49],"gold":37,"neow_bonus":"THREE_RARE_CARDS","is_prod":false,"is_daily":false,"chose_seed":false,"campfire_upgraded":7,"win_rate":0,"timestamp":1551660816,"path_taken":["M","?","$","M","M","R","?","R","T","R","$","R","E","M","R","BOSS","M","?","M","M","?","R","$","R","T","?","?","?","?","?","R","BOSS","M","?","M","M","?","E","R","?","T","R","?","?","?","M","R","BOSS"],"build_version":"2019-01-23","purchased_purges":3,"victory":true,"max_hp_per_floor":[70,70,70,70,70,70,70,70,70,70,70,70,70,72,72,72,72,72,72,72,74,74,74,74,74,74,74,74,74,74,74,74,74,74,74,74,74,82,82,82,82,82,82,82,82,82,82,84,84,84],"card_choices":[{"not_picked":["Wraith Form v2","Unload"],"picked":"Grand Finale","floor":0},{"not_picked":["Prepared","Cloak And Dagger"],"picked":"Crippling Poison","floor":1},{"not_picked":["Deflect","Catalyst"],"picked":"Bouncing Flask","floor":4},{"not_picked":["Bane","Deadly Poison"],"picked":"Catalyst","floor":5},{"not_picked":["Quick Slash","PiercingWail"],"picked":"Bullet Time","floor":13},{"not_picked":["PiercingWail","Deflect","Dagger Spray"],"picked":"Singing Bowl","floor":14},{"not_picked":["Grand Finale","After Image"],"picked":"Corpse Explosion","floor":16},{"not_picked":["Expertise","Finisher"],"picked":"Backflip","floor":18},{"not_picked":["Sucker Punch","Prepared"],"picked":"Backflip","floor":20},{"not_picked":["Poisoned Stab","Skewer","Dodge and Roll"],"picked":"Singing Bowl","floor":21},{"not_picked":["Choke+1","Crippling Poison"],"picked":"Deflect+1","floor":29},{"not_picked":["Unload","Corpse Explosion"],"picked":"A Thousand Cuts","floor":33},{"not_picked":["Noxious Fumes","Quick Slash+1"],"picked":"Leg Sweep+1","floor":35},{"not_picked":["Setup","Backflip"],"picked":"Prepared+1","floor":36},{"not_picked":["Deflect","Skewer"],"picked":"Concentrate+1","floor":37},{"not_picked":["Backflip","Blade Dance+1","Setup+1"],"picked":"Singing Bowl","floor":38},{"not_picked":["Cloak And Dagger+1","Skewer"],"picked":"PiercingWail+1","floor":40},{"not_picked":["Slice","Setup","Dodge and Roll"],"picked":"Singing Bowl","floor":48}],"player_experience":2328844,"relics_obtained":[{"floor":9,"key":"Singing Bowl"},{"floor":13,"key":"Darkstone Periapt"},{"floor":26,"key":"Lantern"},{"floor":28,"key":"Smiling Mask"},{"floor":40,"key":"Anchor"},{"floor":43,"key":"Bag of Marbles"}],"event_choices":[{"cards_removed":["Injury"],"damage_healed":0,"gold_gain":0,"player_choice":"Card Removal","damage_taken":7,"max_hp_gain":0,"max_hp_loss":0,"event_name":"Golden Wing","floor":2,"gold_loss":0},{"damage_healed":0,"gold_gain":175,"player_choice":"AGREE","damage_taken":0,"max_hp_gain":0,"max_hp_loss":0,"event_name":"Liars Game","floor":7,"gold_loss":0,"cards_obtained":["Doubt"]},{"damage_healed":0,"gold_gain":0,"cards_transformed":["Strike_G","Strike_G"],"player_choice":"Became Test Subject","damage_taken":0,"max_hp_gain":0,"max_hp_loss":0,"event_name":"Drug Dealer","floor":19,"gold_loss":0,"cards_obtained":["Slice","Catalyst"]},{"damage_healed":0,"gold_gain":0,"player_choice":"Obtained Relic","damage_taken":0,"relics_obtained":["Vajra"],"max_hp_gain":0,"max_hp_loss":0,"event_name":"Addict","floor":22,"gold_loss":85},{"damage_healed":0,"gold_gain":0,"player_choice":"Simplicity","damage_taken":0,"max_hp_gain":0,"max_hp_loss":0,"event_name":"Back to Basics","floor":27,"gold_loss":0,"cards_upgraded":["Defend_G","Defend_G","Defend_G","Defend_G","Defend_G","Strike_G","Strike_G","Strike_G"]},{"damage_healed":0,"gold_gain":0,"player_choice":"Gave Potion","damage_taken":0,"relics_obtained":["Incense Burner"],"max_hp_gain":0,"max_hp_loss":0,"event_name":"WeMeetAgain","floor":30,"gold_loss":0},{"damage_healed":0,"gold_gain":100,"player_choice":"Pray","damage_taken":0,"max_hp_gain":0,"max_hp_loss":0,"event_name":"Golden Shrine","floor":39,"gold_loss":0},{"damage_healed":0,"gold_gain":0,"player_choice":"Upgrade","damage_taken":0,"relics_obtained":["Mark of the Bloom"],"max_hp_gain":0,"max_hp_loss":0,"event_name":"MindBloom","floor":45,"gold_loss":0,"cards_upgraded":["Survivor","Neutralize","Grand Finale","Crippling Poison","Corpse Explosion","Backflip","Slice","Backflip","Terror"]},{"cards_removed":["Defend_G"],"damage_healed":0,"gold_gain":0,"player_choice":"Removed Skill","damage_taken":0,"max_hp_gain":0,"max_hp_loss":0,"event_name":"Falling","floor":46,"gold_loss":0}],"is_beta":false,"boss_relics":[{"not_picked":["Runic Dome","Velvet Choker"],"picked":"Runic Pyramid"},{"not_picked":["Orrery","Pandora\u0027s Box"],"picked":"Astrolabe"}],"items_purged_floors":[11,31,42],"is_endless":false,"potions_floor_spawned":[1,4,5,16,18,20,37,38],"ascension_level":8}