{"gold_per_floor":[109,109,109,109,134,134,33,54,78,78,78,118,118,137,137,228,228,243,143,158,172,172,212,127,127,178,178,216,341,341,364,364,460,460,474,474,193,207,228,228,228,253,277,289,301,344,62,81,81,81],"floor_reached":50,"playtime":2168,"items_purged":["Defend_R","Strike_R","Strike_R","Strike_R"],"score":860,"play_id":"8f943a5d-fb7b-4a59-8c07-81690d7ab24e","local_time":"20190513213620","is_ascension_mode":true,"campfire_choices":[{"data":"Demon Form","floor":6,"key":"SMITH"},{"data":"Shrug It Off","floor":10,"key":"SMITH"},{"data":"Shrug It Off","floor":15,"key":"SMITH"},{"data":"Immolate","floor":25,"key":"SMITH"},{"data":"Immolate","floor":27,"key":"SMITH"},{"data":"Fiend Fire","floor":30,"key":"SMITH"},{"data":"Metallicize","floor":32,"key":"SMITH"},{"data":"Metallicize","floor":40,"key":"SMITH"},{"data":"Defend_R","floor":49,"key":"SMITH"}],"neow_cost":"TEN_PERCENT_HP_LOSS","seed_source_timestamp":3829165483047758,"circlet_count":0,"master_deck":["AscendersBane","Strike_R+1","Defend_R+1","Bash+1","Demon Form+1","Immolate+1","Shrug It Off+1","Shrug It Off+1","Immolate+1","Reaper","Entrench","Metallicize+1","Metallicize+1","Feel No Pain+1"],"relics":["Burning Blood","Golden Idol","Centennial Puzzle","Red Skull","Meat on the Bone","Snecko Eye","Smiling Mask","Darkstone Periapt","Orichalcum","Juzu Bracelet","StoneCalendar","Mummified Hand","Cursed Key","Omamori","MawBank","Sundial","Bottled Tornado"],"potions_floor_usage":[16,16,20,33,42,50,50],"damage_taken":[{"damage":16,"enemies":"2 Louse","floor":1,"turns":2},{"damage":4,"enemies":"Small Slimes","floor":5,"turns":3},{"damage":0,"enemies":"Jaw Worm","floor":8,"turns":4},{"damage":26,"enemies":"3 Sentries","floor":12,"turns":5},{"damage":0,"enemies":"Gremlin Gang","floor":14,"turns":1},{"damage":42,"enemies":"Hexaghost","floor":16,"turns":9},{"damage":1,"enemies":"Chosen","floor":18,"turns":2},{"damage":17,"enemies":"Shell Parasite","floor":20,"turns":5},{"damage":0,"enemies":"3 Cultists","floor":21,"turns":2},{"damage":9,"enemies":"Gremlin Leader","floor":23,"turns":4},{"damage":9,"enemies":"Slavers","floor":28,"turns":2},{"damage":2,"enemies":"Colosseum Slavers","floor":29,"turns":2},{"damage":6,"enemies":"Colosseum Nobs","floor":29,"turns":3},{"damage":5,"enemies":"Snake Plant","floor":31,"turns":2},{"damage":25,"enemies":"Champ","floor":33,"turns":7},{"damage":0,"enemies":"3 Darklings","floor":35,"turns":2},{"damage":6,"enemies":"3 Shapes","floor":38,"turns":2},{"damage":2,"enemies":"Spire Growth","floor":39,"turns":2},{"damage":15,"enemies":"Writhing Mass","floor":42,"turns":3},{"damage":10,"enemies":"Reptomancer","floor":46,"turns":4},{"damage":0,"enemies":"4 Shapes","floor":48,"turns":2},{"damage":64,"enemies":"Time Eater","floor":50,"turns":6}],"seed_played":"8066572824310126362","potions_obtained":[{"floor":5,"key":"Weak Potion"},{"floor":8,"key":"FearPotion"},{"floor":14,"key":"PowerPotion"},{"floor":18,"key":"SpeedPotion"},{"floor":23,"key":"SteroidPotion"},{"floor":29,"key":"Dexterity Potion"},{"floor":33,"key":"AttackPotion"},{"floor":39,"key":"Strength Potion"},{"floor":48,"key":"LiquidBronze"}],"is_trial":false,"path_per_floor":["M","?","?","?","M","R","$","M","T","R","T","E","?","M","R","B",null,"M","$","M","M","?","E","?","R","T","R","E","?","R","M","R","B",null,"M","?","$","M","M","R","?","M","T","?","?","E","$","M","R","B"],"character_chosen":"IRONCLAD","items_purchased":["Shrug It Off","Omamori","Metallicize","Bottled Tornado"],"campfire_rested":0,"item_purchase_floors":[7,37,37,47],"current_hp_per_floor":[58,58,58,58,60,60,60,63,63,63,63,43,30,48,48,24,53,63,63,52,58,58,63,63,63,63,63,60,63,63,63,63,52,60,63,63,63,63,63,63,60,51,51,51,51,51,51,57,57,0],"gold":81,"neow_bonus":"TRANSFORM_TWO_CARDS","is_prod":false,"is_daily":false,"chose_seed":false,"campfire_upgraded":9,"win_rate":0,"timestamp":1557776180,"path_taken":["M","?","?","?","M","R","$","M","T","R","?","E","?","?","R","BOSS","M","$","M","?","?","E","?","R","T","R","E","?","R","M","R","BOSS","M","?","$","M","M","R","?","M","T","?","?","E","$","M","R","BOSS"],"build_version":"2019-01-23","purchased_purges":4,"victory":false,"max_hp_per_floor":[68,68,68,63,63,63,63,63,63,63,63,63,63,63,63,63,63,63,63,63,63,63,63,63,63,63,63,63,63,63,63,63,63,63,63,63,63,63,63,63,60,60,60,60,60,60,60,60,60,60],"card_choices":[{"not_picked":["Thunderclap","Corruption"],"picked":"Shrug It Off","floor":1},{"not_picked":["Clothesline","Sever Soul","Havoc"],"picked":"SKIP","floor":5},{"not_picked":["Thunderclap","Warcry","Dual Wield"],"picked":"SKIP","floor":8},{"not_picked":["Whirlwind","Flex","Wild Strike"],"picked":"SKIP","floor":12},{"not_picked":["Blood for Blood","Cleave"],"picked":"Immolate","floor":14},{"not_picked":["Immolate","Brutality"],"picked":"Reaper","floor":16},{"not_picked":["Iron Wave","Flex"],"picked":"Entrench","floor":18},{"not_picked":["Cleave","Twin Strike","Clothesline"],"picked":"SKIP","floor":20},{"not_picked":["Shockwave","Wild Strike+1"],"picked":"Metallicize","floor":21},{"not_picked":["Disarm","Clash","Hemokinesis+1"],"picked":"SKIP","floor":23},{"not_picked":["Power Through","Sentinel","Perfected Strike"],"picked":"SKIP","floor":28},{"not_picked":["Cleave","Pummel"],"picked":"Fiend Fire","floor":29},{"not_picked":["Clash","Sword Boomerang","Anger"],"picked":"SKIP","floor":31},{"not_picked":["Searing Blow+1","Inflame","Clothesline"],"picked":"SKIP","floor":35},{"not_picked":["Sword Boomerang+1","Power Through","Rupture"],"picked":"SKIP","floor":38},{"not_picked":["Flex","Body Slam"],"picked":"Feel No Pain+1","floor":39},{"not_picked":["Twin Strike","Sword Boomerang+1","Sentinel"],"picked":"SKIP","floor":42},{"not_picked":["Dual Wield","Wild Strike","Twin Strike"],"picked":"SKIP","floor":46},{"not_picked":["Shrug It Off","Havoc","Ghostly Armor"],"picked":"SKIP","floor":48}],"player_experience":549200,"relics_obtained":[{"floor":9,"key":"Centennial Puzzle"},{"floor":11,"key":"Red Skull"},{"floor":12,"key":"Meat on the Bone"},{"floor":23,"key":"Smiling Mask"},{"floor":26,"key":"Orichalcum"},{"floor":28,"key":"Juzu Bracelet"},{"floor":29,"key":"StoneCalendar"},{"floor":29,"key":"Mummified Hand"},{"floor":43,"key":"MawBank"},{"floor":46,"key":"Sundial"}],"event_choices":[{"cards_removed":["Defend_R"],"damage_healed":0,"gold_gain":0,"player_choice":"Forget","damage_taken":0,"max_hp_gain":0,"max_hp_loss":0,"event_name":"Living Wall","floor":2,"gold_loss":0},{"damage_healed":0,"gold_gain":0,"player_choice":"Ignored","damage_taken":0,"max_hp_gain":0,"max_hp_loss":0,"event_name":"Liars Game","floor":3,"gold_loss":0},{"damage_healed":0,"gold_gain":0,"player_choice":"Lose Max HP","damage_taken":0,"relics_obtained":["Golden Idol"],"max_hp_gain":0,"max_hp_loss":5,"event_name":"Golden Idol","floor":4,"gold_loss":0},{"damage_healed":0,"gold_gain":0,"player_choice":"Entered Light","damage_taken":13,"max_hp_gain":0,"max_hp_loss":0,"event_name":"Shining Light","floor":13,"gold_loss":0,"cards_upgraded":["Bash","Strike_R"]},{"damage_healed":0,"gold_gain":0,"player_choice":"Ignored","damage_taken":0,"max_hp_gain":0,"max_hp_loss":0,"event_name":"The Mausoleum","floor":22,"gold_loss":0},{"damage_healed":0,"gold_gain":0,"player_choice":"Obtained Relic","damage_taken":0,"relics_obtained":["Darkstone Periapt"],"max_hp_gain":0,"max_hp_loss":0,"event_name":"Addict","floor":24,"gold_loss":85},{"damage_healed":0,"gold_gain":0,"player_choice":"Fight","damage_taken":0,"max_hp_gain":0,"max_hp_loss":0,"event_name":"Colosseum","floor":29,"gold_loss":0},{"damage_healed":0,"gold_gain":0,"player_choice":"Fought Nobs","damage_taken":0,"max_hp_gain":0,"max_hp_loss":0,"event_name":"Colosseum","floor":29,"gold_loss":0},{"damage_healed":0,"gold_gain":0,"player_choice":"Memory 1","damage_taken":0,"max_hp_gain":0,"max_hp_loss":0,"event_name":"SensoryStone","floor":36,"gold_loss":0},{"damage_healed":0,"gold_gain":0,"player_choice":"Max HP","damage_taken":0,"max_hp_gain":0,"max_hp_loss":3,"event_name":"Winding Halls","floor":41,"gold_loss":0},{"damage_healed":0,"gold_gain":0,"player_choice":"Ignored","damage_taken":0,"max_hp_gain":0,"max_hp_loss":0,"event_name":"Tomb of Lord Red Mask","floor":44,"gold_loss":0},{"cards_removed":["Fiend Fire"],"damage_healed":0,"gold_gain":0,"player_choice":"Removed Attack","damage_taken":0,"max_hp_gain":0,"max_hp_loss":0,"event_name":"Falling","floor":45,"gold_loss":0}],"is_beta":false,"boss_relics":[{"not_picked":["Tiny House","Eternal Feather"],"picked":"Snecko Eye"},{"not_picked":["Black Star","Orrery"],"picked":"Cursed Key"}],"items_purged_floors":[7,19,37,47],"is_endless":false,"potions_floor_spawned":[5,8,14,18,23,29,31,33,39,48],"killed_by":"Time Eater","ascension_level":14}