{"gold_per_floor":[114,89,101,101,101,176,190,190,216,216,244,263,72,87,87,87],"floor_reached":16,"playtime":573,"items_purged":[],"score":155,"play_id":"309b5350-c3b3-4165-b0d5-a44eab18b41c","local_time":"20190330173609","is_ascension_mode":true,"campfire_choices":[{"floor":8.0,"key":"REST"},{"data":"Electrodynamics","floor":10.0,"key":"SMITH"},{"floor":15.0,"key":"REST"}],"neow_cost":"TEN_PERCENT_HP_LOSS","seed_source_timestamp":0,"circlet_count":0,"master_deck":["AscendersBane","Strike_B","Strike_B","Strike_B","Strike_B","Defend_B","Defend_B","Defend_B","Defend_B","Zap","Dualcast","Electrodynamics+1","Chill","Barrage","Self Repair","Cold Snap","Blizzard","Meteor Strike"],"special_seed":0,"relics":["Cracked Core","Vajra","Boot","Mercury Hourglass","Ancient Tea Set"],"potions_floor_usage":[16],"damage_taken":[{"damage":0.0,"enemies":"2 Louse","floor":1.0,"turns":2.0},{"damage":3.0,"enemies":"Small Slimes","floor":3.0,"turns":3.0},{"damage":7.0,"enemies":"Jaw Worm","floor":7.0,"turns":3.0},{"damage":28.0,"enemies":"Lagavulin","floor":11.0,"turns":5.0},{"damage":8.0,"enemies":"Blue Slaver","floor":12.0,"turns":2.0},{"damage":0.0,"enemies":"3 Louse","floor":14.0,"turns":2.0},{"damage":40,"enemies":"The Guardian","floor":16,"turns":9}],"seed_played":"-920113201115100788","potions_obtained":[{"floor":11.0,"key":"Ancient Potion"},{"floor":14.0,"key":"Swift Potion"}],"is_trial":false,"path_per_floor":["M","$","M","?","?","?","M","R","T","R","E","M","$","M","R","B"],"character_chosen":"DEFECT","items_purchased":["Barrage","Blizzard","Ancient Tea Set"],"campfire_rested":2,"item_purchase_floors":[2,13,13],"current_hp_per_floor":[68,68,65,47,47,36,29,49,49,49,28,20,20,20,40,0],"gold":87,"neow_bonus":"THREE_RARE_CARDS","is_prod":false,"is_daily":false,"chose_seed":false,"campfire_upgraded":1,"win_rate":0,"timestamp":1553981769,"path_taken":["M","$","M","?","?","?","M","R","T","R","E","M","?","M","R","BOSS"],"build_version":"2019-01-23","purchased_purges":0,"victory":false,"max_hp_per_floor":[68,68,68,68,68,68,68,68,68,68,68,68,68,68,68,68],"card_choices":[{"not_picked":["Amplify","Rainbow"],"picked":"Electrodynamics","floor":0.0},{"not_picked":["Compile Driver","Loop"],"picked":"Chill","floor":1.0},{"not_picked":["Rebound","Barrage"],"picked":"Self Repair","floor":3.0},{"not_picked":["Beam Cell","Streamline","Hello World"],"picked":"SKIP","floor":7.0},{"not_picked":["Beam Cell","Steam"],"picked":"Cold Snap","floor":11.0},{"not_picked":["Turbo","Beam Cell","Redo"],"picked":"SKIP","floor":12.0},{"not_picked":["Cold Snap","Barrage"],"picked":"Meteor Strike","floor":14.0}],"player_experience":2547484,"relics_obtained":[{"floor":9.0,"key":"Boot"},{"floor":11.0,"key":"Mercury Hourglass"}],"event_choices":[{"damage_healed":0.0,"max_hp_gain":0.0,"max_hp_loss":0.0,"gold_gain":0.0,"event_name":"Scrap Ooze","player_choice":"Success","floor":4.0,"gold_loss":0.0,"damage_taken":18.0,"relics_obtained":["Vajra"]},{"damage_healed":0.0,"max_hp_gain":0.0,"max_hp_loss":0.0,"gold_gain":0.0,"event_name":"Golden Idol","player_choice":"Ignored","floor":5.0,"gold_loss":0.0,"damage_taken":0.0},{"damage_healed":0.0,"max_hp_gain":0.0,"max_hp_loss":0.0,"gold_gain":75.0,"event_name":"World of Goop","player_choice":"Gather Gold","floor":6.0,"gold_loss":0.0,"damage_taken":11.0}],"is_beta":false,"boss_relics":[],"items_purged_floors":[],"is_endless":false,"potions_floor_spawned":[11,14],"killed_by":"The Guardian","ascension_level":11}