{"gold_per_floor":[110,124,144,219,36,36,1,26,26,57,57,57,75,90,90,186,186,206,121,132,132,147,147,147],"floor_reached":24,"playtime":2972,"items_purged":[],"score":227,"play_id":"3bb8872f-5749-4db4-87b3-28332bd1ef79","local_time":"20190110000512","is_ascension_mode":true,"campfire_choices":[{"data":"Strike_B","floor":6.0,"key":"PURGE"},{"data":"Strike_B","floor":12.0,"key":"PURGE"},{"floor":15.0,"key":"REST"},{"floor":23,"key":"REST"}],"neow_cost":"TEN_PERCENT_HP_LOSS","seed_source_timestamp":0,"circlet_count":0,"master_deck":["Strike_B","Strike_B","Defend_B","Defend_B","Defend_B","Defend_B","Zap","Dualcast","Hologram","Capacitor","Cold Snap","Tempest","Ball Lightning","Hologram","FTL","Chill","Barrage","Machine Learning","Static Discharge","Capacitor","FTL"],"special_seed":0,"relics":["Cracked Core","Peace Pipe","Dead Branch","Bottled Flame","Unceasing Top","The Courier","Cursed Key","Pocketwatch","Nilry\u0027s Codex"],"potions_floor_usage":[20],"damage_taken":[{"damage":1.0,"enemies":"Cultist","floor":1.0,"turns":4.0},{"damage":8.0,"enemies":"Small Slimes","floor":2.0,"turns":4.0},{"damage":2.0,"enemies":"2 Louse","floor":3.0,"turns":3.0},{"damage":23.0,"enemies":"3 Sentries","floor":8.0,"turns":8.0},{"damage":29.0,"enemies":"Gremlin Nob","floor":10.0,"turns":5.0},{"damage":3.0,"enemies":"Looter","floor":13.0,"turns":3.0},{"damage":0.0,"enemies":"2 Fungi Beasts","floor":14.0,"turns":3.0},{"damage":31.0,"enemies":"The Guardian","floor":16.0,"turns":10.0},{"damage":1,"enemies":"Spheric Guardian","floor":18,"turns":3},{"damage":11,"enemies":"2 Thieves","floor":20,"turns":4},{"damage":36,"enemies":"Shelled Parasite and Fungi","floor":22,"turns":7},{"damage":26,"enemies":"Book of Stabbing","floor":24,"turns":4}],"seed_played":"-5209371841799460138","potions_obtained":[{"floor":14.0,"key":"Regen Potion"},{"floor":16.0,"key":"Poison Potion"}],"is_trial":false,"path_per_floor":["M","M","M","?","$","R","?","E","T","E","?","R","M","M","R","B",null,"M","?","M","?","M","R","E"],"character_chosen":"DEFECT","items_purchased":["Tempest","Ball Lightning","Hologram"],"campfire_rested":2,"item_purchase_floors":[5,5,5],"current_hp_per_floor":[67,59,57,46,46,46,63,40,40,11,11,11,8,8,28,9,68,67,67,56,40,4,24,0],"gold":147,"neow_bonus":"ONE_RARE_RELIC","is_prod":false,"is_daily":false,"chose_seed":false,"campfire_upgraded":0,"win_rate":0,"timestamp":1547100312,"path_taken":["M","M","?","?","$","R","?","E","T","E","?","R","?","M","R","BOSS","M","?","M","?","M","R","E"],"build_version":"2019-01-03v4","purchased_purges":0,"victory":false,"max_hp_per_floor":[68,68,68,68,68,68,68,68,68,68,68,68,68,68,68,68,68,68,68,68,68,68,68,68],"card_choices":[{"not_picked":["Gash","Heatsinks"],"picked":"Hologram","floor":1.0},{"not_picked":["Sweeping Beam","Coolheaded"],"picked":"Capacitor","floor":2.0},{"not_picked":["Barrage","Compile Driver"],"picked":"Cold Snap","floor":3.0},{"not_picked":["Storm","Rebound"],"picked":"FTL","floor":8.0},{"not_picked":["Turbo","Gash","Heatsinks"],"picked":"SKIP","floor":10.0},{"not_picked":["Blizzard","FTL"],"picked":"Chill","floor":13.0},{"not_picked":["Aggregate","Amplify"],"picked":"Barrage","floor":14.0},{"not_picked":["All For One","Amplify"],"picked":"Machine Learning","floor":16.0},{"not_picked":["Go for the Eyes","Melter+1"],"picked":"Static Discharge","floor":18},{"not_picked":["Gash","Heatsinks"],"picked":"Capacitor","floor":20},{"not_picked":["Chaos","Blizzard+1"],"picked":"FTL","floor":22}],"player_experience":507763,"relics_obtained":[{"floor":8.0,"key":"Dead Branch"},{"floor":9.0,"key":"Bottled Flame"},{"floor":10.0,"key":"Unceasing Top"},{"floor":11.0,"key":"The Courier"},{"floor":21,"key":"Nilry\u0027s Codex"}],"event_choices":[{"damage_healed":0.0,"max_hp_gain":0.0,"max_hp_loss":0.0,"gold_gain":75.0,"event_name":"World of Goop","player_choice":"Gather Gold","floor":4.0,"gold_loss":0.0,"damage_taken":11.0},{"damage_healed":17.0,"max_hp_gain":0.0,"max_hp_loss":0.0,"gold_gain":0.0,"event_name":"The Cleric","player_choice":"Healed","floor":7.0,"gold_loss":35.0,"damage_taken":0.0},{"damage_healed":0.0,"max_hp_gain":0.0,"max_hp_loss":0.0,"gold_gain":0.0,"event_name":"Wheel of Change","player_choice":"Relic","floor":11.0,"gold_loss":0.0,"damage_taken":0.0},{"damage_healed":0,"gold_gain":0,"player_choice":"Obtained Relic","damage_taken":0,"relics_obtained":["Pocketwatch"],"max_hp_gain":0,"max_hp_loss":0,"event_name":"Addict","floor":19,"gold_loss":85},{"damage_healed":0,"gold_gain":0,"player_choice":"Obtained Book","damage_taken":16,"max_hp_gain":0,"max_hp_loss":0,"event_name":"Cursed Tome","floor":21,"gold_loss":0}],"is_beta":false,"boss_relics":[{"not_picked":["Velvet Choker","Nuclear Battery"],"picked":"Cursed Key"}],"items_purged_floors":[],"is_endless":false,"potions_floor_spawned":[14,16],"killed_by":"Book of Stabbing","ascension_level":2}