{"gold_per_floor":[114,114,189,189,200,200,218,218,269,269,296,309,322,322,322,424,424,437,450,18,0,20,20,31,31,31,41,57,57,77,96,96,96],"floor_reached":33,"playtime":1738,"items_purged":[],"score":326,"play_id":"0f5e36f7-80cd-48d8-80e2-29b7bf999062","local_time":"20190204034008","is_ascension_mode":true,"campfire_choices":[{"floor":6,"key":"REST"},{"floor":8,"key":"REST"},{"data":"Phantasmal Killer","floor":10,"key":"SMITH"},{"data":"Cloak And Dagger","floor":15,"key":"SMITH"},{"floor":23,"key":"REST"},{"floor":25,"key":"REST"},{"floor":29,"key":"REST"},{"floor":32,"key":"REST"}],"neow_cost":"PERCENT_DAMAGE","seed_source_timestamp":170414039281400,"circlet_count":0,"master_deck":["Defend_G","Defend_G","Defend_G","Defend_G+1","Defend_G","Strike_G","Strike_G","Strike_G","Strike_G+1","Strike_G","Survivor","Neutralize","Footwork","Dagger Spray","Caltrops","Infinite Blades","Slice","Blade Dance","Cloak And Dagger+1","Phantasmal Killer+1","Acrobatics","PiercingWail","Dagger Spray","Blade Dance","Quick Slash","A Thousand Cuts","Slice","Cloak And Dagger","Prepared","Chrysalis","Cloak And Dagger","Venomology","PiercingWail","Blur","Dagger Throw+1","Blade Dance+1","Deflect+1","Blur+1","Corpse Explosion"],"relics":["Ring of the Snake","Prayer Wheel","Dream Catcher","PreservedInsect","Calipers","Busted Crown","Ninja Scroll","Mercury Hourglass"],"potions_floor_usage":[11,12,16,27,28,30,33,33],"damage_taken":[{"damage":1,"enemies":"Jaw Worm","floor":1,"turns":5},{"damage":0,"enemies":"2 Louse","floor":5,"turns":2},{"damage":3,"enemies":"Small Slimes","floor":7,"turns":4},{"damage":9,"enemies":"Lagavulin","floor":11,"turns":6},{"damage":13,"enemies":"Exordium Wildlife","floor":12,"turns":5},{"damage":1,"enemies":"Looter","floor":13,"turns":4},{"damage":30,"enemies":"The Guardian","floor":16,"turns":13},{"damage":18,"enemies":"Spheric Guardian","floor":18,"turns":4},{"damage":0,"enemies":"3 Byrds","floor":19,"turns":3},{"damage":22,"enemies":"Centurion and Healer","floor":22,"turns":6},{"damage":25,"enemies":"Sentry and Sphere","floor":24,"turns":4},{"damage":24,"enemies":"Shelled Parasite and Fungi","floor":27,"turns":5},{"damage":11,"enemies":"3 Cultists","floor":28,"turns":5},{"damage":25,"enemies":"Centurion and Healer","floor":30,"turns":6},{"damage":5,"enemies":"Sentry and Sphere","floor":31,"turns":3},{"damage":34,"enemies":"Collector","floor":33,"turns":5}],"seed_played":"4497689457945176216","potions_obtained":[{"floor":1,"key":"Weak Potion"},{"floor":5,"key":"PowerPotion"},{"floor":7,"key":"GhostInAJar"},{"floor":13,"key":"Dexterity Potion"},{"floor":22,"key":"SteroidPotion"},{"floor":24,"key":"Explosive Potion"}],"is_trial":false,"path_per_floor":["M","?","?","?","M","R","M","R","T","R","E","M","M","?","R","B",null,"M","M","$","?","M","R","M","R","T","M","M","R","M","M","R","B"],"character_chosen":"THE_SILENT","items_purchased":["Ninja Scroll","Chrysalis"],"campfire_rested":6,"item_purchase_floors":[20,20],"current_hp_per_floor":[48,48,37,23,23,44,41,62,62,62,53,40,39,39,39,9,70,52,52,52,52,30,51,26,47,47,23,12,33,8,3,24,0],"gold":96,"neow_bonus":"ONE_RARE_RELIC","is_prod":false,"is_daily":false,"chose_seed":false,"campfire_upgraded":2,"win_rate":0,"timestamp":1549269608,"path_taken":["M","?","?","?","M","R","M","R","T","R","E","M","?","?","R","BOSS","M","M","$","?","M","R","M","R","T","M","M","R","M","M","R","BOSS"],"build_version":"2019-01-23","purchased_purges":0,"victory":false,"max_hp_per_floor":[70,70,70,70,70,70,70,70,70,70,70,70,70,70,70,70,70,70,70,70,70,70,70,70,70,70,70,70,70,70,70,70,70],"card_choices":[{"not_picked":["Leg Sweep","Sucker Punch"],"picked":"Footwork","floor":1},{"not_picked":["Underhanded Strike","Sucker Punch"],"picked":"Dagger Spray","floor":1},{"not_picked":["Dodge and Roll","Eviscerate"],"picked":"Caltrops","floor":5},{"not_picked":["Predator","Expertise"],"picked":"Infinite Blades","floor":5},{"not_picked":["Dagger Spray","Flying Knee"],"picked":"Slice","floor":6},{"not_picked":["Deflect","Deadly Poison"],"picked":"Blade Dance","floor":7},{"not_picked":["Masterful Stab","Escape Plan"],"picked":"Cloak And Dagger","floor":7},{"not_picked":["Prepared","Riddle With Holes"],"picked":"Phantasmal Killer","floor":8},{"not_picked":["Dodge and Roll","All Out Attack"],"picked":"Acrobatics","floor":11},{"not_picked":["Flying Knee","Dodge and Roll"],"picked":"PiercingWail","floor":12},{"not_picked":["Slice","Masterful Stab"],"picked":"Dagger Spray","floor":12},{"not_picked":["Quick Slash","Acrobatics"],"picked":"Blade Dance","floor":13},{"not_picked":["Bouncing Flask","Deadly Poison"],"picked":"Quick Slash","floor":13},{"not_picked":["Malaise","Venomology"],"picked":"A Thousand Cuts","floor":16},{"not_picked":[],"picked":"Slice","floor":18},{"not_picked":[],"picked":"Cloak And Dagger","floor":18},{"not_picked":[],"picked":"Prepared","floor":19},{"not_picked":["Noxious Fumes"],"picked":"SKIP","floor":19},{"not_picked":["Outmaneuver"],"picked":"SKIP","floor":22},{"not_picked":["Concentrate"],"picked":"SKIP","floor":22},{"not_picked":[],"picked":"Cloak And Dagger","floor":23},{"not_picked":[],"picked":"Venomology","floor":24},{"not_picked":["Dagger Spray"],"picked":"SKIP","floor":24},{"not_picked":[],"picked":"PiercingWail","floor":25},{"not_picked":[],"picked":"Blur","floor":27},{"not_picked":["Catalyst"],"picked":"SKIP","floor":27},{"not_picked":[],"picked":"Dagger Throw+1","floor":28},{"not_picked":["Bane"],"picked":"SKIP","floor":28},{"not_picked":[],"picked":"Blade Dance+1","floor":29},{"not_picked":[],"picked":"Deflect+1","floor":30},{"not_picked":["Poisoned Stab"],"picked":"SKIP","floor":30},{"not_picked":[],"picked":"Blur+1","floor":31},{"not_picked":[],"picked":"Corpse Explosion","floor":31}],"player_experience":2091169,"relics_obtained":[{"floor":9,"key":"PreservedInsect"},{"floor":11,"key":"Calipers"},{"floor":26,"key":"Mercury Hourglass"}],"event_choices":[{"damage_healed":0,"gold_gain":0,"player_choice":"Box","damage_taken":0,"relics_obtained":["Dream Catcher"],"max_hp_gain":0,"max_hp_loss":0,"event_name":"Big Fish","floor":2,"gold_loss":0,"cards_obtained":["Regret"]},{"damage_healed":0,"gold_gain":75,"player_choice":"Gather Gold","damage_taken":11,"max_hp_gain":0,"max_hp_loss":0,"event_name":"World of Goop","floor":3,"gold_loss":0},{"damage_healed":0,"gold_gain":0,"player_choice":"Entered Light","damage_taken":14,"max_hp_gain":0,"max_hp_loss":0,"event_name":"Shining Light","floor":4,"gold_loss":0,"cards_upgraded":["Strike_G","Defend_G"]},{"cards_removed":["Regret"],"damage_healed":0,"gold_gain":0,"player_choice":"Forget","damage_taken":0,"max_hp_gain":0,"max_hp_loss":0,"event_name":"Living Wall","floor":14,"gold_loss":0},{"damage_healed":0,"gold_gain":0,"player_choice":"Paid Fearfully","damage_taken":0,"max_hp_gain":0,"max_hp_loss":0,"event_name":"Masked Bandits","floor":21,"gold_loss":18}],"is_beta":false,"boss_relics":[{"not_picked":["Lizard Tail","Runic Dome"],"picked":"Busted Crown"}],"items_purged_floors":[],"is_endless":false,"potions_floor_spawned":[1,5,7,13,22,24],"killed_by":"Collector","ascension_level":4}