{"gold_per_floor":[116,41,54,54,54,54,74,74,101,101,122,188,87,137,137,230,230,249,299,320,336,73,107,107,207,207,207],"floor_reached":27,"playtime":1311,"items_purged":["Strike_R","Strike_R","Strike_R"],"score":387,"play_id":"bc1afb31-fb79-4862-89e3-a8c5d6c7f720","local_time":"20190520135112","is_ascension_mode":true,"campfire_choices":[{"data":"Juggernaut","floor":6,"key":"SMITH"},{"data":"Defend_R","floor":8,"key":"SMITH"},{"data":"Defend_R","floor":10,"key":"SMITH"},{"data":"True Grit","floor":15,"key":"SMITH"},{"data":"Dark Embrace","floor":24,"key":"SMITH"}],"neow_cost":"TEN_PERCENT_HP_LOSS","seed_source_timestamp":4406949283490057,"circlet_count":0,"master_deck":["AscendersBane","Strike_R","Strike_R","Defend_R","Defend_R","Defend_R+1","Defend_R+1","Bash","Juggernaut+1","Feel No Pain","Pommel Strike","True Grit+1","Dark Embrace+1","Disarm","Pommel Strike"],"relics":["Burning Blood","Golden Idol","SsserpentHead","PreservedInsect","Coffee Dripper","MutagenicStrength","Membership Card","Shuriken","Regal Pillow","Bottled Flame"],"potions_floor_usage":[3,12,18,21,23],"damage_taken":[{"damage":0,"enemies":"Cultist","floor":1,"turns":4},{"damage":22,"enemies":"Small Slimes","floor":3,"turns":4},{"damage":9,"enemies":"Jaw Worm","floor":7,"turns":4},{"damage":8,"enemies":"Blue Slaver","floor":11,"turns":4},{"damage":6,"enemies":"2 Fungi Beasts","floor":12,"turns":3},{"damage":34,"enemies":"Hexaghost","floor":16,"turns":14},{"damage":24,"enemies":"3 Byrds","floor":18,"turns":5},{"damage":12,"enemies":"Shell Parasite","floor":20,"turns":6},{"damage":3,"enemies":"Shelled Parasite and Fungi","floor":21,"turns":7},{"damage":19,"enemies":"Book of Stabbing","floor":23,"turns":7},{"damage":18,"enemies":"3 Cultists","floor":27,"turns":4}],"seed_played":"-4499669874591262225","potions_obtained":[{"floor":1,"key":"Regen Potion"},{"floor":7,"key":"SkillPotion"},{"floor":16,"key":"GamblersBrew"},{"floor":18,"key":"Block Potion"},{"floor":20,"key":"Block Potion"}],"is_trial":false,"path_per_floor":["M","$","M","?","?","R","M","R","T","R","M","M","$","?","R","B",null,"M","?","M","M","$","E","R","T","T","M"],"character_chosen":"IRONCLAD","items_purchased":["True Grit","Membership Card"],"campfire_rested":0,"item_purchase_floors":[13,22],"current_hp_per_floor":[68,68,61,38,38,38,35,35,35,35,33,33,33,55,55,27,58,40,40,34,37,37,24,24,24,24,6],"gold":207,"neow_bonus":"THREE_RARE_CARDS","is_prod":false,"is_daily":false,"chose_seed":false,"campfire_upgraded":5,"win_rate":0,"timestamp":1558353072,"path_taken":["M","$","M","?","?","R","M","R","T","R","M","?","?","?","R","BOSS","M","?","M","M","$","E","R","?","T","M"],"build_version":"2019-01-23","purchased_purges":3,"victory":false,"max_hp_per_floor":[68,68,68,68,68,68,68,68,68,68,68,68,68,68,68,68,68,68,68,68,68,68,68,68,68,68,68],"card_choices":[{"not_picked":["Brutality","Bludgeon"],"picked":"Juggernaut","floor":0},{"not_picked":["Pummel","Inflame"],"picked":"Feel No Pain","floor":1},{"not_picked":["Second Wind","Blood for Blood","Wild Strike"],"picked":"SKIP","floor":3},{"not_picked":["Warcry","Headbutt","Second Wind"],"picked":"SKIP","floor":7},{"not_picked":["Rupture","Sever Soul"],"picked":"Pommel Strike","floor":11},{"not_picked":["Headbutt","Power Through","Sentinel"],"picked":"SKIP","floor":12},{"not_picked":["Offering","Berserk"],"picked":"Dark Embrace","floor":16},{"not_picked":["Second Wind","Fire Breathing"],"picked":"Disarm","floor":18},{"not_picked":["Headbutt","Sword Boomerang"],"picked":"Pommel Strike","floor":20},{"not_picked":["Seeing Red","True Grit","Sword Boomerang"],"picked":"SKIP","floor":21},{"not_picked":["Cleave","Evolve","Clothesline"],"picked":"SKIP","floor":23}],"player_experience":572055,"relics_obtained":[{"floor":9,"key":"PreservedInsect"},{"floor":23,"key":"Shuriken"},{"floor":25,"key":"Regal Pillow"},{"floor":26,"key":"Bottled Flame"}],"event_choices":[{"damage_healed":0,"gold_gain":0,"player_choice":"Take Damage","damage_taken":23,"relics_obtained":["Golden Idol"],"max_hp_gain":0,"max_hp_loss":0,"event_name":"Golden Idol","floor":4,"gold_loss":0},{"damage_healed":0,"gold_gain":0,"player_choice":"Trade","damage_taken":0,"relics_obtained":["SsserpentHead"],"max_hp_gain":0,"max_hp_loss":0,"event_name":"FaceTrader","floor":5,"gold_loss":0},{"damage_healed":22,"gold_gain":0,"player_choice":"Banana","damage_taken":0,"max_hp_gain":0,"max_hp_loss":0,"event_name":"Big Fish","floor":14,"gold_loss":0},{"damage_healed":0,"gold_gain":0,"player_choice":"Inject Mutagens","damage_taken":0,"relics_obtained":["MutagenicStrength"],"max_hp_gain":0,"max_hp_loss":0,"event_name":"Drug Dealer","floor":19,"gold_loss":0}],"is_beta":false,"boss_relics":[{"not_picked":["Runic Cube","Black Blood"],"picked":"Coffee Dripper"}],"items_purged_floors":[2,13,22],"is_endless":false,"potions_floor_spawned":[1,7,16,18,20],"killed_by":"3 Cultists","ascension_level":15}