{"gold_per_floor":[117,117,117,192,206,223,243,277,277,49,77,77],"floor_reached":12,"playtime":687,"items_purged":["Regret"],"score":101,"play_id":"2f76dd6a-1ffc-42ce-b064-9db54c71eb51","local_time":"20190103180218","is_ascension_mode":true,"campfire_choices":[],"neow_cost":"NONE","seed_source_timestamp":18542958287182,"circlet_count":0,"master_deck":["Strike_B","Strike_B","Strike_B","Strike_B","Defend_B","Defend_B","Defend_B","Defend_B","Zap+1","Dualcast","Static Discharge","Rainbow","Fusion","Loop","Jack Of All Trades"],"relics":["Cracked Core","Vajra","Singing Bowl","Emotion Chip","Letter Opener","WingedGreaves"],"potions_floor_usage":[11,12],"damage_taken":[{"damage":4,"enemies":"Jaw Worm","floor":1,"turns":3},{"damage":0,"enemies":"Small Slimes","floor":5,"turns":2},{"damage":2,"enemies":"Cultist","floor":6,"turns":3},{"damage":3,"enemies":"Red Slaver","floor":7,"turns":4},{"damage":34,"enemies":"3 Sentries","floor":8,"turns":5},{"damage":18,"enemies":"Lagavulin","floor":11,"turns":4},{"damage":13,"enemies":"2 Fungi Beasts","floor":12,"turns":2}],"seed_played":"-7020104457313599539","potions_obtained":[{"floor":1,"key":"SmokeBomb"},{"floor":8,"key":"GamblersBrew"},{"floor":11,"key":"Energy Potion"}],"is_trial":false,"path_per_floor":["M","?","?","?","M","M","M","E","T","$","E","M"],"character_chosen":"DEFECT","items_purchased":["Loop","Jack Of All Trades"],"campfire_rested":0,"item_purchase_floors":[10,10],"current_hp_per_floor":[71,71,71,60,62,62,59,25,25,25,9,0],"gold":77,"neow_bonus":"RANDOM_COMMON_RELIC","is_prod":false,"is_daily":false,"chose_seed":false,"campfire_upgraded":0,"win_rate":0,"timestamp":1546556538,"path_taken":["M","?","?","?","?","M","M","E","T","?","E","?"],"build_version":"2018-12-20","purchased_purges":1,"victory":false,"max_hp_per_floor":[75,75,75,75,77,79,79,79,79,79,81,81],"card_choices":[{"not_picked":["Aggregate","Hologram"],"picked":"Static Discharge","floor":1},{"not_picked":["Ball Lightning","Reinforced Body","Hologram"],"picked":"Singing Bowl","floor":5},{"not_picked":["Beam Cell","Go for the Eyes","Turbo"],"picked":"Singing Bowl","floor":6},{"not_picked":["Static Discharge","Scrape"],"picked":"Rainbow","floor":7},{"not_picked":["Undo","Streamline"],"picked":"Fusion","floor":8},{"not_picked":["Beam Cell","Consume","Hologram"],"picked":"Singing Bowl","floor":11}],"player_experience":233125,"relics_obtained":[{"floor":8,"key":"Emotion Chip"},{"floor":9,"key":"Letter Opener"},{"floor":11,"key":"WingedGreaves"}],"event_choices":[{"damage_healed":0,"gold_gain":0,"player_choice":"Grow","damage_taken":0,"max_hp_gain":0,"max_hp_loss":0,"event_name":"Living Wall","floor":2,"gold_loss":0,"cards_upgraded":["Zap"]},{"damage_healed":0,"gold_gain":0,"player_choice":"Box","damage_taken":0,"relics_obtained":["Singing Bowl"],"max_hp_gain":0,"max_hp_loss":0,"event_name":"Big Fish","floor":3,"gold_loss":0,"cards_obtained":["Regret"]},{"damage_healed":0,"gold_gain":75,"player_choice":"Gather Gold","damage_taken":11,"max_hp_gain":0,"max_hp_loss":0,"event_name":"World of Goop","floor":4,"gold_loss":0}],"is_beta":false,"boss_relics":[],"items_purged_floors":[10],"is_endless":false,"potions_floor_spawned":[1,8,11],"killed_by":"2 Fungi Beasts","ascension_level":3}