{"gold_per_floor":[109,30,30,48,68,103,103,118,118,68,88,101,115,446,446,549,549,562,577,420,335,363,363,2,2,2,2,13,13,23,37,37,134,134,154,154,154,166,5,5,18,18,18,44,44,58,58,58,58,58],"floor_reached":51,"playtime":3580,"items_purged":["Strike_R","Strike_R","Strike_R"],"score":1012,"play_id":"119f9bd9-5a4f-40bf-aeb8-b8f269605133","local_time":"20190512133454","is_ascension_mode":true,"campfire_choices":[{"data":"Rampage","floor":7,"key":"SMITH"},{"data":"Dual Wield","floor":15,"key":"SMITH"},{"floor":23,"key":"REST"},{"data":"Burning Pact","floor":25,"key":"SMITH"},{"data":"Metallicize","floor":32,"key":"SMITH"},{"data":"Barricade","floor":40,"key":"SMITH"},{"data":"Madness","floor":47,"key":"SMITH"},{"floor":49,"key":"REST"}],"neow_cost":"NONE","seed_source_timestamp":3712473915813093,"circlet_count":0,"master_deck":["AscendersBane","Defend_R+1","Defend_R+1","Defend_R+1","Defend_R+1","Burning Pact+1","Rampage+1","Burning Pact+1","Metallicize+1","Juggernaut+1","Dual Wield+1","Sentinel+1","Feel No Pain+1","Feel No Pain+1","Metallicize+1","Barricade+1","Rage+1","Master of Strategy+1","Entrench+1","Madness+1","Madness+1","Inflame+1"],"relics":["Burning Blood","NeowsBlessing","Bag of Preparation","Mummified Hand","Old Coin","Mark of Pain","Calipers","Red Mask","Self Forming Clay","Paper Frog","Kunai","Runic Cube","Mercury Hourglass","StoneCalendar","Mark of the Bloom"],"potions_floor_usage":[6,12,14,14,19,22,33,33,44],"damage_taken":[{"damage":0,"enemies":"Jaw Worm","floor":1,"turns":1},{"damage":0,"enemies":"Small Slimes","floor":4,"turns":2},{"damage":0,"enemies":"2 Louse","floor":5,"turns":1},{"damage":51,"enemies":"Lagavulin","floor":6,"turns":7},{"damage":17,"enemies":"Exordium Thugs","floor":8,"turns":6},{"damage":3,"enemies":"Looter","floor":11,"turns":3},{"damage":0,"enemies":"Exordium Wildlife","floor":12,"turns":4},{"damage":2,"enemies":"Blue Slaver","floor":13,"turns":5},{"damage":14,"enemies":"3 Sentries","floor":14,"turns":8},{"damage":11,"enemies":"Hexaghost","floor":16,"turns":10},{"damage":10,"enemies":"Spheric Guardian","floor":18,"turns":4},{"damage":17,"enemies":"2 Thieves","floor":19,"turns":4},{"damage":50,"enemies":"Masked Bandits","floor":22,"turns":4},{"damage":4,"enemies":"Sentry and Sphere","floor":28,"turns":5},{"damage":0,"enemies":"Centurion and Healer","floor":30,"turns":5},{"damage":0,"enemies":"Snake Plant","floor":31,"turns":4},{"damage":37,"enemies":"Collector","floor":33,"turns":7},{"damage":0,"enemies":"Orb Walker","floor":35,"turns":5},{"damage":3,"enemies":"3 Shapes","floor":38,"turns":5},{"damage":4,"enemies":"Transient","floor":41,"turns":5},{"damage":2,"enemies":"Nemesis","floor":44,"turns":11},{"damage":3,"enemies":"3 Darklings","floor":46,"turns":5},{"damage":6,"enemies":"Donu and Deca","floor":50,"turns":9}],"seed_played":"-3548035850416608026","potions_obtained":[{"floor":4,"key":"Block Potion"},{"floor":8,"key":"PowerPotion"},{"floor":11,"key":"SpeedPotion"},{"floor":12,"key":"Block Potion"},{"floor":16,"key":"AttackPotion"},{"floor":18,"key":"LiquidBronze"},{"floor":22,"key":"Fire Potion"},{"floor":30,"key":"Ancient Potion"},{"floor":38,"key":"Ancient Potion"},{"floor":41,"key":"Block Potion"}],"is_trial":false,"path_per_floor":["M","$","?","M","M","E","R","M","T","?","M","M","M","E","R","B",null,"M","M","$","?","?","R","$","R","T","?","M","?","M","M","R","B",null,"M","?","?","M","$","R","M","?","T","E","$","M","R","?","R","B",null],"character_chosen":"IRONCLAD","items_purchased":["Rampage","Feel No Pain","Self Forming Clay","Entrench"],"campfire_rested":2,"item_purchase_floors":[2,20,24,39],"current_hp_per_floor":[78,78,78,80,80,35,35,24,24,24,27,33,37,29,29,24,66,62,51,51,51,7,31,31,31,31,31,33,33,39,45,45,14,64,70,70,70,73,73,73,75,65,65,69,69,72,72,72,72,66],"gold":58,"neow_bonus":"THREE_ENEMY_KILL","is_prod":false,"is_daily":false,"chose_seed":false,"campfire_upgraded":6,"win_rate":0,"timestamp":1557660894,"path_taken":["M","$","?","M","M","E","R","M","T","?","M","M","M","E","R","BOSS","M","M","$","?","?","R","$","R","T","?","?","?","M","M","R","BOSS","M","?","?","M","$","R","M","?","T","E","$","M","R","?","R","BOSS"],"build_version":"2019-01-23","purchased_purges":3,"victory":true,"max_hp_per_floor":[80,80,80,80,80,80,80,80,80,80,80,80,80,80,80,80,80,80,80,80,80,80,80,80,80,80,80,80,80,80,80,80,80,80,80,80,80,80,80,80,80,80,80,80,80,80,80,80,80,80],"card_choices":[{"not_picked":["Headbutt","Intimidate"],"picked":"Burning Pact","floor":1},{"not_picked":["Dropkick","Anger"],"picked":"Burning Pact","floor":4},{"not_picked":["Sentinel","Fire Breathing"],"picked":"Metallicize","floor":5},{"not_picked":["Clothesline","True Grit"],"picked":"Juggernaut","floor":6},{"not_picked":["Iron Wave","Heavy Blade","Twin Strike"],"picked":"SKIP","floor":8},{"not_picked":["Bloodletting","Warcry"],"picked":"Dual Wield","floor":11},{"not_picked":["Headbutt","Clash"],"picked":"Sentinel","floor":12},{"not_picked":["Cleave","Shrug It Off","Dual Wield"],"picked":"SKIP","floor":13},{"not_picked":["Clothesline","Iron Wave","Reaper"],"picked":"SKIP","floor":14},{"not_picked":["Heavy Blade","Thunderclap","Disarm"],"picked":"SKIP","floor":18},{"not_picked":["Sword Boomerang","Clothesline","Twin Strike"],"picked":"SKIP","floor":19},{"not_picked":["Flex","Fire Breathing"],"picked":"Feel No Pain","floor":22},{"not_picked":["Headbutt","Shrug It Off+1"],"picked":"Metallicize","floor":28},{"not_picked":["Warcry","Combust","Headbutt"],"picked":"SKIP","floor":30},{"not_picked":["Havoc","True Grit","Clothesline"],"picked":"SKIP","floor":31},{"not_picked":["Bludgeon","Impervious"],"picked":"Barricade","floor":33},{"not_picked":["Havoc","Pummel"],"picked":"Rage","floor":35},{"not_picked":["Swift Strike","Good Instincts"],"picked":"Master of Strategy","floor":37},{"not_picked":["Twin Strike","Fire Breathing+1","Shockwave"],"picked":"SKIP","floor":38},{"not_picked":["Havoc+1","Wild Strike","Blood for Blood"],"picked":"SKIP","floor":41},{"not_picked":["True Grit+1","Heavy Blade"],"picked":"Inflame+1","floor":44},{"not_picked":["Wild Strike","Ghostly Armor+1","Sentinel"],"picked":"SKIP","floor":46}],"player_experience":518219,"relics_obtained":[{"floor":6,"key":"Bag of Preparation"},{"floor":9,"key":"Mummified Hand"},{"floor":14,"key":"Old Coin"},{"floor":22,"key":"Red Mask"},{"floor":26,"key":"Paper Frog"},{"floor":27,"key":"Kunai"},{"floor":43,"key":"Mercury Hourglass"},{"floor":44,"key":"StoneCalendar"}],"event_choices":[{"cards_removed":["Strike_R"],"damage_healed":0,"gold_gain":0,"player_choice":"Forget","damage_taken":0,"max_hp_gain":0,"max_hp_loss":0,"event_name":"Living Wall","floor":3,"gold_loss":0},{"cards_removed":["Strike_R"],"damage_healed":0,"gold_gain":0,"player_choice":"Card Removal","damage_taken":0,"max_hp_gain":0,"max_hp_loss":0,"event_name":"The Cleric","floor":10,"gold_loss":50},{"damage_healed":0,"gold_gain":0,"player_choice":"Obtained Relic","damage_taken":0,"relics_obtained":["Calipers"],"max_hp_gain":0,"max_hp_loss":0,"event_name":"Addict","floor":21,"gold_loss":85},{"damage_healed":0,"gold_gain":0,"player_choice":"Fought Bandits","damage_taken":0,"max_hp_gain":0,"max_hp_loss":0,"event_name":"Masked Bandits","floor":22,"gold_loss":0},{"damage_healed":0,"gold_gain":0,"player_choice":"Relic","damage_taken":0,"max_hp_gain":0,"max_hp_loss":0,"event_name":"Wheel of Change","floor":27,"gold_loss":0},{"damage_healed":0,"gold_gain":0,"player_choice":"Ignored","damage_taken":0,"max_hp_gain":0,"max_hp_loss":0,"event_name":"Cursed Tome","floor":29,"gold_loss":0},{"cards_removed":["Bash"],"damage_healed":0,"gold_gain":0,"player_choice":"Removed Attack","damage_taken":0,"max_hp_gain":0,"max_hp_loss":0,"event_name":"Falling","floor":36,"gold_loss":0},{"damage_healed":0,"gold_gain":0,"player_choice":"Memory 1","damage_taken":0,"max_hp_gain":0,"max_hp_loss":0,"event_name":"SensoryStone","floor":37,"gold_loss":0},{"damage_healed":0,"gold_gain":0,"player_choice":"Embrace Madness","damage_taken":10,"max_hp_gain":0,"max_hp_loss":0,"event_name":"Winding Halls","floor":42,"gold_loss":0,"cards_obtained":["Madness","Madness"]},{"damage_healed":0,"gold_gain":0,"player_choice":"Upgrade","damage_taken":0,"relics_obtained":["Mark of the Bloom"],"max_hp_gain":0,"max_hp_loss":0,"event_name":"MindBloom","floor":48,"gold_loss":0,"cards_upgraded":["Defend_R","Defend_R","Defend_R","Defend_R","Burning Pact","Juggernaut","Sentinel","Feel No Pain","Feel No Pain","Metallicize","Rage","Master of Strategy","Entrench","Madness"]}],"is_beta":false,"boss_relics":[{"not_picked":["Astrolabe","Runic Dome"],"picked":"Mark of Pain"},{"not_picked":["Pandora\u0027s Box","Cursed Key"],"picked":"Runic Cube"}],"items_purged_floors":[20,24,39],"is_endless":false,"potions_floor_spawned":[4,8,11,12,13,16,18,22,30,38,41],"ascension_level":11}