{"gold_per_floor":[114,39,49,61,79,79,79,109,184,184,214,214,230,256,268,379,391,390,402,434,361,373,420,432,459,471,483,76,76,35,52,52,152,152,163,175,223,323,338,338,367,367,391,402,11,11,25,45,45,45,45,45,45,74,74],"floor_reached":55,"playtime":4975,"items_purged":["Defend_B","Parasite"],"score":881,"play_id":"90a13f8f-bfa1-4b51-8a61-1f2139c3eab0","local_time":"20181229000143","is_ascension_mode":true,"campfire_choices":[{"floor":6,"key":"RECALL"},{"data":"Zap","floor":10,"key":"SMITH"},{"data":"Hologram","floor":15,"key":"SMITH"},{"data":"Dualcast","floor":24,"key":"SMITH"},{"data":"Rainbow","floor":27,"key":"SMITH"},{"floor":29,"key":"REST"},{"data":"Go for the Eyes","floor":32,"key":"SMITH"},{"data":"Sunder","floor":40,"key":"SMITH"},{"data":"Echo Form","floor":42,"key":"SMITH"},{"data":"Scrape","floor":49,"key":"SMITH"},{"data":"Storm","floor":52,"key":"SMITH"}],"neow_cost":"NONE","seed_source_timestamp":473279688451258,"circlet_count":0,"master_deck":["Zap+1","Dualcast+1","Conserve Battery","Melter","Defragment","Go for the Eyes+1","Glacier","Defragment","Hologram+1","All For One","Reboot","Streamline","Seek","Self Repair","Sunder+1","Hyperbeam","Auto Shields","Sweeping Beam+1","Loop","Leap+1","Genetic Algorithm","Rainbow+1","Self Repair","Steam+1","Storm+1","Echo Form+1","Go for the Eyes+1","Heatsinks","Gash","Redo+1","Reboot","Conserve Battery+1","Capacitor","Scrape+1","Hologram+1","Static Discharge","Double Energy+1"],"relics":["Cracked Core","NeowsBlessing","Thread and Needle","Dream Catcher","MawBank","Pandora\u0027s Box","Blue Candle","Dodecahedron","Incense Burner","Mummified Hand","Nuclear Battery","StoneCalendar","Bird Faced Urn","Pen Nib","Potion Belt","Mercury Hourglass","Happy Flower"],"potions_floor_usage":[11,16,18,20,35,44,50,55,55],"damage_taken":[{"damage":0,"enemies":"Cultist","floor":1,"turns":1},{"damage":0,"enemies":"Small Slimes","floor":3,"turns":1},{"damage":0,"enemies":"Jaw Worm","floor":4,"turns":1},{"damage":21,"enemies":"Exordium Wildlife","floor":5,"turns":4},{"damage":14,"enemies":"Lagavulin","floor":8,"turns":5},{"damage":0,"enemies":"3 Sentries","floor":11,"turns":11},{"damage":0,"enemies":"Blue Slaver","floor":13,"turns":4},{"damage":3,"enemies":"The Guardian","floor":16,"turns":12},{"damage":10,"enemies":"2 Thieves","floor":18,"turns":4},{"damage":11,"enemies":"3 Byrds","floor":20,"turns":4},{"damage":23,"enemies":"Gremlin Leader","floor":23,"turns":8},{"damage":12,"enemies":"Centurion and Healer","floor":25,"turns":8},{"damage":0,"enemies":"Snecko","floor":31,"turns":3},{"damage":25,"enemies":"Automaton","floor":33,"turns":11},{"damage":0,"enemies":"3 Darklings","floor":35,"turns":5},{"damage":2,"enemies":"3 Shapes","floor":36,"turns":5},{"damage":0,"enemies":"2 Orb Walkers","floor":37,"turns":4},{"damage":0,"enemies":"Mind Bloom Boss Battle","floor":38,"turns":6},{"damage":23,"enemies":"Transient","floor":39,"turns":5},{"damage":0,"enemies":"Nemesis","floor":41,"turns":5},{"damage":19,"enemies":"Maw","floor":44,"turns":4},{"damage":0,"enemies":"Jaw Worm Horde","floor":47,"turns":5},{"damage":2,"enemies":"Spire Growth","floor":48,"turns":5},{"damage":35,"enemies":"Awakened One","floor":50,"turns":12},{"damage":5,"enemies":"Shield and Spear","floor":54,"turns":6},{"damage":106,"enemies":"The Heart","floor":55,"turns":9}],"seed_played":"7997648399853553784","potions_obtained":[{"floor":5,"key":"Fire Potion"},{"floor":8,"key":"AttackPotion"},{"floor":16,"key":"Fruit Juice"},{"floor":18,"key":"Explosive Potion"},{"floor":31,"key":"EssenceOfSteel"},{"floor":36,"key":"SteroidPotion"},{"floor":41,"key":"PowerPotion"},{"floor":48,"key":"EssenceOfSteel"},{"floor":54,"key":"SkillPotion"}],"is_trial":false,"path_per_floor":["M","$","M","M","M","R","?","E","T","R","E","?","M","T","R","B",null,"M","?","M","?","?","E","R","M","T","R","$","R","$","M","R","B",null,"M","M","?","?","M","R","E","R","T","M","$","?","M","M","R","B",null,"R","$","E","B"],"character_chosen":"DEFECT","items_purchased":["Self Repair","Mummified Hand","Storm","Capacitor","Mercury Hourglass","Scrape"],"campfire_rested":1,"item_purchase_floors":[28,28,30,45,45,45],"current_hp_per_floor":[75,75,75,75,54,54,72,58,58,58,58,43,43,43,43,40,75,77,77,66,66,51,35,35,30,30,30,30,54,54,61,61,50,82,82,82,82,82,82,82,82,82,82,82,82,82,82,82,82,74,82,82,82,82,0],"gold":74,"neow_bonus":"THREE_ENEMY_KILL","is_prod":false,"is_daily":false,"chose_seed":false,"campfire_upgraded":9,"win_rate":0,"timestamp":1546059703,"path_taken":["M","$","M","?","M","R","?","E","T","R","E","?","M","?","R","BOSS","M","?","M","?","?","E","R","M","T","R","?","R","$","M","R","BOSS","M","M","?","?","M","R","E","R","T","M","$","?","M","M","R","BOSS","R","$","E","BOSS"],"build_version":"2018-12-20","purchased_purges":2,"victory":false,"max_hp_per_floor":[75,75,75,75,75,75,75,75,75,75,75,75,75,75,75,75,75,80,80,80,80,85,85,85,85,85,85,82,82,82,82,82,82,82,82,82,82,82,82,82,82,82,82,82,82,82,82,82,82,82,82,82,82,82,82],"card_choices":[{"not_picked":["Steam","Sweeping Beam"],"picked":"Conserve Battery","floor":1},{"not_picked":["Reinforced Body","Tempest"],"picked":"Melter","floor":3},{"not_picked":["Hologram","Multi-Cast"],"picked":"Defragment","floor":4},{"not_picked":["Heatsinks","Storm"],"picked":"Go for the Eyes","floor":5},{"not_picked":["Rebound","Amplify"],"picked":"Glacier","floor":8},{"not_picked":["Hello World","Conserve Battery"],"picked":"Defragment","floor":11},{"not_picked":["Gash","Beam Cell"],"picked":"Hologram","floor":13},{"not_picked":["Machine Learning","Hyperbeam"],"picked":"All For One","floor":16},{"not_picked":["Sunder","Hologram"],"picked":"Sweeping Beam+1","floor":18},{"not_picked":["Hologram+1","Sweeping Beam+1"],"picked":"Leap+1","floor":20},{"not_picked":["Reprogram","Sweeping Beam+1"],"picked":"Genetic Algorithm","floor":23},{"not_picked":["BootSequence","Cold Snap"],"picked":"Rainbow","floor":25},{"not_picked":["Go for the Eyes+1","Redo"],"picked":"Steam+1","floor":29},{"not_picked":["Sweeping Beam+1","Blizzard","Skim"],"picked":"SKIP","floor":31},{"not_picked":["Reboot","Amplify"],"picked":"Echo Form","floor":33},{"not_picked":["Steam+1","Gash"],"picked":"Go for the Eyes+1","floor":35},{"not_picked":["Ball Lightning+1","Reinforced Body"],"picked":"Heatsinks","floor":36},{"not_picked":["Sweeping Beam+1","Recycle"],"picked":"Gash","floor":37},{"not_picked":["Coolheaded+1","Scrape"],"picked":"Redo+1","floor":38},{"not_picked":["Doom and Gloom","Ball Lightning"],"picked":"Reboot","floor":39},{"not_picked":["Gash+1","Ball Lightning+1"],"picked":"Thunder Strike","floor":41},{"not_picked":["Leap","Steam"],"picked":"Conserve Battery+1","floor":44},{"not_picked":["Stack+1","Cold Snap"],"picked":"Hologram+1","floor":47},{"not_picked":["Redo+1","Leap+1"],"picked":"Static Discharge","floor":48},{"not_picked":["Turbo+1","Rebound"],"picked":"Double Energy+1","floor":54}],"player_experience":176145,"relics_obtained":[{"floor":8,"key":"Thread and Needle"},{"floor":11,"key":"Dream Catcher"},{"floor":14,"key":"MawBank"},{"floor":23,"key":"Dodecahedron"},{"floor":26,"key":"Incense Burner"},{"floor":37,"key":"StoneCalendar"},{"floor":38,"key":"Bird Faced Urn"},{"floor":41,"key":"Pen Nib"},{"floor":43,"key":"Potion Belt"},{"floor":54,"key":"Happy Flower"}],"event_choices":[{"damage_healed":18,"gold_gain":0,"player_choice":"Healed and dodged fight","damage_taken":0,"max_hp_gain":0,"max_hp_loss":0,"event_name":"Mushrooms","floor":7,"gold_loss":0,"cards_obtained":["Parasite"]},{"damage_healed":0,"gold_gain":0,"player_choice":"Entered Light","damage_taken":15,"max_hp_gain":0,"max_hp_loss":0,"event_name":"Shining Light","floor":12,"gold_loss":0,"cards_upgraded":["Defend_B","Defend_B"]},{"damage_healed":0,"gold_gain":0,"player_choice":"Read","damage_taken":0,"max_hp_gain":0,"max_hp_loss":0,"event_name":"The Library","floor":19,"gold_loss":0,"cards_obtained":["Loop"]},{"damage_healed":0,"gold_gain":0,"player_choice":"Obtained Relic","damage_taken":0,"relics_obtained":["Blue Candle"],"max_hp_gain":0,"max_hp_loss":0,"event_name":"Addict","floor":21,"gold_loss":85},{"damage_healed":0,"gold_gain":0,"player_choice":"Shed Blood","damage_taken":20,"max_hp_gain":5,"max_hp_loss":0,"event_name":"Forgotten Altar","floor":22,"gold_loss":0},{"damage_healed":0,"gold_gain":0,"player_choice":"Fight","damage_taken":0,"max_hp_gain":0,"max_hp_loss":0,"event_name":"Mysterious Sphere","floor":37,"gold_loss":0},{"damage_healed":0,"gold_gain":0,"player_choice":"Fight","damage_taken":0,"max_hp_gain":0,"max_hp_loss":0,"event_name":"MindBloom","floor":38,"gold_loss":0},{"cards_removed":["Thunder Strike"],"damage_healed":0,"gold_gain":0,"player_choice":"Removed Attack","damage_taken":0,"max_hp_gain":0,"max_hp_loss":0,"event_name":"Falling","floor":46,"gold_loss":0}],"is_beta":false,"boss_relics":[{"not_picked":["Tiny House","White Beast Statue"],"picked":"Pandora\u0027s Box"},{"not_picked":["Black Star","Coffee Dripper"],"picked":"Nuclear Battery"}],"items_purged_floors":[2,28],"is_endless":false,"potions_floor_spawned":[5,8,16,18,31,36,41,48,54],"killed_by":"The Heart","ascension_level":2}