{"gold_per_floor":[112,287,304,304,3,47,72,111,111,111,361,379,454,126,126,247,247,261,280,315,328,328,328,392,392,392,406,406,406,441,459,459,459],"floor_reached":33,"playtime":17704,"items_purged":["Doubt","Regret"],"score":293,"play_id":"bf1ae433-2cbd-47ce-bb97-79a2f9e690f8","local_time":"20180709014750","is_ascension_mode":false,"campfire_choices":[{"floor":10,"key":"REST"},{"floor":15,"key":"REST"},{"data":"Shockwave","floor":23,"key":"SMITH"},{"floor":25,"key":"REST"},{"data":"Fire Breathing","floor":29,"key":"SMITH"},{"floor":32,"key":"REST"}],"neow_cost":"NONE","seed_source_timestamp":155768907392668,"circlet_count":0,"master_deck":["Strike_R","Strike_R","Strike_R","Strike_R","Strike_R","Defend_R","Defend_R","Defend_R","Defend_R","Bash","Exhume","Iron Wave","Intimidate","Injury","Fire Breathing+1","Wild Strike","Thunderclap","Shockwave+1","Iron Wave","Evolve","Power Through","Power Through","Juggernaut","Infernal Blade+1","Dropkick","Wild Strike+1","Offering","Flash of Steel","True Grit","Wild Strike","Bloodletting","Writhe","Warcry+1","Fire Breathing"],"relics":["Burning Blood","Golden Idol","Bag of Marbles","Bronze Scales","Meat on the Bone","Dream Catcher","Centennial Puzzle","Cursed Key","Red Mask","Tiny Chest","Bottled Lightning","Mummified Hand"],"potions_floor_usage":[8,16,16,19,19,24,33],"damage_taken":[{"damage":1,"enemies":"Jaw Worm","floor":1,"turns":5},{"damage":2,"enemies":"Small Slimes","floor":3,"turns":5},{"damage":50,"enemies":"Gremlin Nob","floor":6,"turns":6},{"damage":0,"enemies":"Cultist","floor":7,"turns":3},{"damage":29,"enemies":"Lagavulin","floor":8,"turns":8},{"damage":20,"enemies":"Large Slime","floor":12,"turns":6},{"damage":52,"enemies":"Hexaghost","floor":16,"turns":13},{"damage":9,"enemies":"3 Byrds","floor":18,"turns":4},{"damage":6,"enemies":"Spheric Guardian","floor":19,"turns":5},{"damage":21,"floor":20,"turns":7},{"damage":15,"enemies":"Snake Plant","floor":21,"turns":4},{"damage":26,"enemies":"Book of Stabbing","floor":24,"turns":5},{"damage":33,"enemies":"Slaver and Parasite","floor":27,"turns":6},{"damage":16,"enemies":"Slavers","floor":30,"turns":6},{"damage":21,"enemies":"Centurion and Healer","floor":31,"turns":5},{"damage":75,"enemies":"Automaton","floor":33,"turns":6}],"seed_played":"-5834880404132670208","potions_obtained":[{"floor":7,"key":"SpeedPotion"},{"floor":8,"key":"Explosive Potion"},{"floor":12,"key":"SkillPotion"},{"floor":18,"key":"EntropicBrew"},{"floor":20,"key":"Ancient Potion"},{"floor":27,"key":"SteroidPotion"}],"is_trial":false,"path_per_floor":["M","?","M","?","$","E","M","E","T","R","?","M","?","$","R","B",null,"M","M","?","M","?","R","E","R","T","M","?","R","E","M","R"],"character_chosen":"IRONCLAD","items_purchased":["Bag of Marbles","Fire Breathing","Power Through","Centennial Puzzle"],"campfire_rested":4,"item_purchase_floors":[5,5,14,14],"current_hp_per_floor":[80,80,80,80,80,36,42,19,19,43,43,41,30,30,54,20,80,77,77,65,56,56,56,48,72,72,57,57,57,47,44,68,0],"gold":459,"neow_bonus":"ONE_RANDOM_RARE_CARD","is_prod":false,"is_daily":false,"chose_seed":false,"campfire_upgraded":2,"win_rate":0,"timestamp":1531115270,"path_taken":["M","?","M","?","$","E","M","E","T","R","?","M","?","$","R","BOSS","M","M","?","M","?","R","E","R","T","M","?","R","E","?","R","BOSS"],"build_version":"2018-07-05","purchased_purges":2,"victory":false,"max_hp_per_floor":[80,80,80,80,80,80,80,80,80,80,80,80,80,80,80,80,80,80,80,80,80,80,80,80,80,80,80,80,80,80,80,80,80],"card_choices":[{"not_picked":["Pommel Strike","Warcry"],"picked":"Iron Wave","floor":1},{"not_picked":["Perfected Strike","Headbutt"],"picked":"Intimidate","floor":3},{"not_picked":["Sword Boomerang","Feel No Pain"],"picked":"Wild Strike","floor":6},{"not_picked":["Heavy Blade","Pommel Strike"],"picked":"Thunderclap","floor":7},{"not_picked":["Immolate","Warcry"],"picked":"Shockwave","floor":8},{"not_picked":["Perfected Strike","Headbutt"],"picked":"Iron Wave","floor":10},{"not_picked":["Heavy Blade","Shockwave"],"picked":"Evolve","floor":12},{"not_picked":["Flex","Combust"],"picked":"Power Through","floor":15},{"not_picked":["Exhume","Feed"],"picked":"Juggernaut","floor":16},{"not_picked":["Flame Barrier","Second Wind"],"picked":"Infernal Blade","floor":18},{"not_picked":["Sword Boomerang+1","Anger+1"],"picked":"Dropkick","floor":19},{"not_picked":["Rupture","Warcry"],"picked":"Wild Strike+1","floor":20},{"not_picked":["Infernal Blade","Spot Weakness+1"],"picked":"Offering","floor":21},{"not_picked":["Shrug It Off","Dropkick"],"picked":"Wild Strike","floor":24},{"not_picked":["True Grit+1","Ghostly Armor"],"picked":"Bloodletting","floor":25},{"not_picked":["Headbutt","Body Slam","Iron Wave"],"picked":"SKIP","floor":27},{"not_picked":["Heavy Blade","Reaper"],"picked":"Warcry+1","floor":30},{"not_picked":["Heavy Blade","Evolve","Thunderclap"],"picked":"SKIP","floor":31},{"not_picked":["Infernal Blade","Flame Barrier"],"picked":"Fire Breathing","floor":32}],"player_experience":192788,"relics_obtained":[{"floor":6,"key":"Bronze Scales"},{"floor":8,"key":"Meat on the Bone"},{"floor":9,"key":"Dream Catcher"},{"floor":20,"key":"Red Mask"},{"floor":24,"key":"Tiny Chest"},{"floor":26,"key":"Bottled Lightning"},{"floor":30,"key":"Mummified Hand"}],"event_choices":[{"event_name":"Liars Game","player_choice":"agreed","floor":2,"damage_taken":0},{"event_name":"Golden Idol","player_choice":"Take Wound","floor":4,"damage_taken":0},{"event_name":"Golden Shrine","player_choice":"Desecrate","floor":11,"damage_taken":0},{"event_name":"World of Goop","player_choice":"Gather Gold","floor":13,"damage_taken":0},{"event_name":"Masked Bandits","player_choice":"Fought over 280 gold","floor":20,"damage_taken":0},{"event_name":"Match and Keep!","player_choice":"2 cards matched","floor":22,"damage_taken":0},{"event_name":"Upgrade Shrine","player_choice":"Upgraded","floor":28,"damage_taken":0}],"boss_relics":[{"not_picked":["Ectoplasm","Runic Dome"],"picked":"Cursed Key"}],"items_purged_floors":[5,14],"is_endless":false,"potions_floor_spawned":[7,8,12,18,20,27,30,31],"killed_by":"Automaton","ascension_level":0}