{"path_per_floor":["M","M","M","?","?","E","R","M","T","M","E"],"character_chosen":"IRONCLAD","items_purchased":[],"gold_per_floor":[112,126,142,142,142,173,173,188,188,198,233,203],"floor_reached":12,"campfire_rested":0,"playtime":664,"item_purchase_floors":[],"current_hp_per_floor":[78,70,76,76,76,54,54,45,45,34,13,0],"items_purged":[],"gold":203,"score":90,"play_id":"dc3c483f-66a2-46da-8e2f-8448b915dada","local_time":"20180529133114","is_prod":false,"is_daily":false,"chose_seed":false,"is_ascension_mode":false,"campfire_upgraded":1,"win_rate":0,"timestamp":1527593474,"campfire_choices":[{"data":"Feel No Pain","floor":7,"key":"SMITH"}],"path_taken":["M","M","M","?","?","E","R","M","T","M","E","M"],"build_version":"2018-05-24","seed_source_timestamp":1093135941715237,"purchased_purges":0,"victory":false,"master_deck":["Strike_R","Strike_R","Strike_R","Strike_R","Strike_R","Defend_R","Defend_R","Defend_R","Defend_R","Bash","Feel No Pain+1","Pummel","Wild Strike","Sever Soul","Seeing Red","Bash","Perfected Strike","Feel No Pain","Second Wind","Iron Wave"],"max_hp_per_floor":[80,80,80,80,80,80,80,80,80,80,80,80],"relics":["Burning Blood","Bottled Tornado","Girya","Torii"],"card_choices":[{"not_picked":["Second Wind","Intimidate"],"picked":"Feel No Pain","floor":0},{"not_picked":["Body Slam","Warcry"],"picked":"Pummel","floor":1},{"not_picked":["Shrug It Off","Combust"],"picked":"Wild Strike","floor":2},{"not_picked":["Anger","Corruption"],"picked":"Sever Soul","floor":3},{"not_picked":["Spot Weakness","Iron Wave"],"picked":"Perfected Strike","floor":6},{"not_picked":["Bludgeon","Wild Strike"],"picked":"Feel No Pain","floor":8},{"not_picked":["Body Slam","Thunderclap"],"picked":"Second Wind","floor":10},{"not_picked":["Spot Weakness","Twin Strike"],"picked":"Iron Wave","floor":11}],"player_experience":20155,"potions_floor_usage":[11,11],"damage_taken":[{"damage":8,"enemies":"Small Slimes","floor":1,"turns":3},{"damage":14,"enemies":"2 Louse","floor":2,"turns":3},{"damage":0,"enemies":"Cultist","floor":3,"turns":2},{"damage":28,"enemies":"Gremlin Nob","floor":6,"turns":4},{"damage":15,"enemies":"Looter","floor":8,"turns":3},{"damage":17,"enemies":"Lots of Slimes","floor":10,"turns":5},{"damage":27,"enemies":"Lagavulin","floor":11,"turns":8},{"damage":20,"enemies":"Exordium Thugs","floor":12,"turns":2}],"relics_obtained":[{"floor":6,"key":"Bottled Tornado"},{"floor":9,"key":"Girya"},{"floor":11,"key":"Torii"}],"event_choices":[{"event_name":"Liars Game","player_choice":"disagreed","floor":4,"damage_taken":0},{"event_name":"Match and Keep!","player_choice":"2 cards matched","floor":5,"damage_taken":0}],"boss_relics":[],"items_purged_floors":[],"potions_floor_spawned":[2,8,10],"seed_played":"4476590050398522652","killed_by":"Exordium Thugs","ascension_level":0,"potions_obtained":[{"floor":2,"key":"Explosive Potion"},{"floor":8,"key":"LiquidBronze"},{"floor":10,"key":"Poison Potion"}],"is_trial":false}