{"gold_per_floor":[117,48,48,67,67,86,86,98,98,116,146,146,146,173,173,274,304,315,370,370,380,380,380,392,392,392,392,91,120,120,20,20,116,116,133,178,190,213,291,291,306,306,331,331],"floor_reached":44,"playtime":1826,"items_purged":["Writhe","Strike_B"],"score":433,"play_id":"4c4c1e00-0144-4804-a73d-16d53fcb76d6","local_time":"20181216182753","is_ascension_mode":true,"campfire_choices":[{"floor":7,"key":"RECALL"},{"data":"Zap","floor":13,"key":"SMITH"},{"floor":15,"key":"REST"},{"data":"Redo","floor":23,"key":"SMITH"},{"data":"Chaos","floor":25,"key":"SMITH"},{"data":"Jack Of All Trades","floor":32,"key":"SMITH"},{"floor":40,"key":"REST"},{"data":"Loop","floor":42,"key":"SMITH"}],"neow_cost":"NONE","seed_source_timestamp":149480470138948,"circlet_count":0,"master_deck":["Strike_B+1","Strike_B+1","Defend_B","Defend_B","Defend_B","Defend_B","Zap+1","Dualcast","Self Repair","Redo+1","Leap","Static Discharge","Chaos+1","Capacitor","Leap","Electrodynamics","Ball Lightning","Loop+1","Panache","Melter","Defragment+1","Jack Of All Trades+1","Seek","Cold Snap","BootSequence","Doom and Gloom","Doubt","Injury","FTL+1","Doubt"],"relics":["Cracked Core","Sundial","DataDisk","Omamori","Cables","Calling Bell","Tiny Chest","Matryoshka","Ice Cream","Whetstone","Juzu Bracelet","Bronze Scales","Thread and Needle","Art of War","Bottled Tornado","Red Mask","Cursed Key","Unceasing Top","Blood Vial","Pantograph","Smiling Mask"],"potions_floor_usage":[8,11,16,29,33],"damage_taken":[{"damage":5,"enemies":"Cultist","floor":1,"turns":4},{"damage":6,"enemies":"Jaw Worm","floor":4,"turns":4},{"damage":2,"enemies":"2 Louse","floor":6,"turns":2},{"damage":21,"enemies":"Lots of Slimes","floor":8,"turns":3},{"damage":19,"enemies":"Exordium Wildlife","floor":10,"turns":4},{"damage":27,"enemies":"Gremlin Nob","floor":11,"turns":3},{"damage":22,"enemies":"Lagavulin","floor":14,"turns":5},{"damage":51,"enemies":"Slime Boss","floor":16,"turns":7},{"damage":29,"enemies":"Shell Parasite","floor":18,"turns":5},{"damage":14,"enemies":"3 Byrds","floor":21,"turns":3},{"damage":11,"enemies":"Snake Plant","floor":24,"turns":4},{"damage":1,"enemies":"Masked Bandits","floor":29,"turns":3},{"damage":44,"enemies":"Champ","floor":33,"turns":7},{"damage":0,"enemies":"3 Shapes","floor":35,"turns":2},{"damage":53,"enemies":"2 Orb Walkers","floor":36,"turns":4},{"damage":5,"enemies":"Orb Walker","floor":37,"turns":3},{"damage":11,"enemies":"Writhing Mass","floor":41,"turns":4},{"damage":60,"enemies":"Reptomancer","floor":44,"turns":3}],"seed_played":"-5992309511079212627","potions_obtained":[{"floor":6,"key":"PowerPotion"},{"floor":8,"key":"PowerPotion"},{"floor":14,"key":"Swift Potion"},{"floor":24,"key":"Fire Potion"},{"floor":36,"key":"FearPotion"},{"floor":37,"key":"Strength Potion"}],"is_trial":false,"path_per_floor":["M","$","?","M","T","M","R","M","T","M","E","?","R","E","R","B",null,"M","T","T","M","?","R","M","R","T","T","$","?","?","$","R","B",null,"M","?","M","T","T","R","M","R","T","E"],"character_chosen":"DEFECT","items_purchased":["Self Repair","Panache","Melter"],"campfire_rested":2,"item_purchase_floors":[2,28,28],"current_hp_per_floor":[77,77,77,78,78,82,82,75,75,63,43,43,43,28,52,8,82,60,60,60,53,80,80,76,76,76,76,76,82,58,58,58,21,82,82,36,38,38,38,62,53,53,53,0],"gold":331,"neow_bonus":"TEN_PERCENT_HP_BONUS","is_prod":false,"is_daily":false,"chose_seed":false,"campfire_upgraded":5,"win_rate":0,"timestamp":1545002873,"path_taken":["M","$","?","?","?","M","R","M","T","M","E","?","R","E","R","BOSS","M","?","?","M","?","R","M","R","T","?","?","?","?","$","R","BOSS","M","?","M","?","?","R","M","R","T","E"],"build_version":"2018-12-13","purchased_purges":2,"victory":false,"max_hp_per_floor":[82,82,82,82,82,82,82,82,82,82,82,82,82,82,82,82,82,82,82,82,82,82,82,82,82,82,82,82,82,82,82,82,82,82,82,82,82,82,82,82,82,82,82,82],"card_choices":[{"not_picked":["Sweeping Beam","Streamline"],"picked":"Hologram","floor":1},{"not_picked":["Double Energy","Stack","Streamline"],"picked":"SKIP","floor":4},{"not_picked":["Beam Cell","Consume"],"picked":"Redo","floor":6},{"not_picked":["Buffer","Steam"],"picked":"Leap","floor":8},{"not_picked":["Gash","Storm"],"picked":"Static Discharge","floor":10},{"not_picked":["Leap","Recycle"],"picked":"Chaos","floor":11},{"not_picked":["Steam","Turbo"],"picked":"Leap","floor":14},{"not_picked":["Meteor Strike","Machine Learning"],"picked":"Electrodynamics","floor":16},{"not_picked":["Consume","Blizzard"],"picked":"Ball Lightning","floor":18},{"not_picked":["Stack","Go for the Eyes","Barrage"],"picked":"SKIP","floor":21},{"not_picked":["Go for the Eyes","Cold Snap"],"picked":"Loop","floor":24},{"not_picked":["Rip and Tear+1","Compile Driver"],"picked":"Defragment+1","floor":29},{"not_picked":["Buffer","Electrodynamics"],"picked":"Seek","floor":33},{"not_picked":["Turbo","Streamline"],"picked":"Cold Snap","floor":35},{"not_picked":["Turbo+1","Reprogram"],"picked":"BootSequence","floor":36},{"not_picked":["Sweeping Beam","Aggregate"],"picked":"Doom and Gloom","floor":37},{"not_picked":["Scrape","Beam Cell"],"picked":"FTL+1","floor":41}],"player_experience":130524,"relics_obtained":[{"floor":9,"key":"DataDisk"},{"floor":11,"key":"Omamori"},{"floor":14,"key":"Cables"},{"floor":17,"key":"Tiny Chest"},{"floor":17,"key":"Matryoshka"},{"floor":17,"key":"Ice Cream"},{"floor":19,"key":"Whetstone"},{"floor":19,"key":"Juzu Bracelet"},{"floor":20,"key":"Bronze Scales"},{"floor":20,"key":"Thread and Needle"},{"floor":26,"key":"Art of War"},{"floor":27,"key":"Bottled Tornado"},{"floor":29,"key":"Red Mask"},{"floor":36,"key":"Unceasing Top"},{"floor":38,"key":"Blood Vial"},{"floor":39,"key":"Pantograph"},{"floor":43,"key":"Smiling Mask"}],"event_choices":[{"cards_removed":["Hologram"],"damage_healed":0,"gold_gain":0,"player_choice":"Gave Card","damage_taken":0,"relics_obtained":["Sundial"],"max_hp_gain":0,"max_hp_loss":0,"event_name":"WeMeetAgain","floor":3,"gold_loss":0},{"damage_healed":0,"gold_gain":0,"cards_transformed":["Strike_B"],"player_choice":"Transformed","damage_taken":0,"max_hp_gain":0,"max_hp_loss":0,"event_name":"Transmorgrifier","floor":12,"gold_loss":0,"cards_obtained":["Capacitor"]},{"damage_healed":27,"gold_gain":0,"player_choice":"Heal","damage_taken":0,"max_hp_gain":0,"max_hp_loss":0,"event_name":"The Library","floor":22,"gold_loss":0},{"damage_healed":0,"gold_gain":0,"player_choice":"Fought Bandits","damage_taken":0,"max_hp_gain":0,"max_hp_loss":0,"event_name":"Masked Bandits","floor":29,"gold_loss":0},{"damage_healed":0,"gold_gain":0,"player_choice":"CARD POTION ","damage_taken":24,"max_hp_gain":0,"max_hp_loss":0,"event_name":"Knowing Skull","floor":30,"potions_obtained":["AttackPotion"],"gold_loss":0,"cards_obtained":["Jack Of All Trades"]},{"damage_healed":0,"gold_gain":0,"player_choice":"Fight","damage_taken":0,"max_hp_gain":0,"max_hp_loss":0,"event_name":"Mysterious Sphere","floor":36,"gold_loss":0}],"is_beta":false,"boss_relics":[{"not_picked":["Coffee Dripper","Philosopher\u0027s Stone"],"picked":"Calling Bell"},{"not_picked":["Orrery","Snecko Eye"],"picked":"Cursed Key"}],"items_purged_floors":[28,31],"is_endless":false,"potions_floor_spawned":[6,8,14,24,36,37],"killed_by":"Reptomancer","ascension_level":1}