{"path_per_floor":["M","M","?","M","T","R","E","?","T","E","R","M","M","M","R","B",null,"M","M","?","?","M","R","E","R","T","E","$","?","M","M","R","B",null,"M","?","?","M","M","E","R"],"character_chosen":"THE_SILENT","items_purchased":[],"gold_per_floor":[99,99,99,99,99,99,99,99,99,99,99,99,69,69,69,69,69,69,69,69,69,69,69,69,69,69,69,69,69,69,69,69,69,69,69,69,69,69,69,69,69,69],"floor_reached":42,"campfire_rested":2,"playtime":2735,"item_purchase_floors":[],"current_hp_per_floor":[70,70,75,75,75,75,73,66,66,59,59,56,54,44,68,68,82,82,82,57,57,38,38,27,27,27,40,40,28,34,21,42,38,72,72,63,63,46,42,44,44,0],"items_purged":[],"gold":69,"score":606,"play_id":"f5f4d1b3-ed66-499d-988a-f102b9e28c57","local_time":"20180602173204","is_prod":false,"is_daily":false,"chose_seed":false,"is_ascension_mode":true,"campfire_upgraded":5,"win_rate":0,"timestamp":1527953524,"campfire_choices":[{"data":"Catalyst","floor":6,"key":"SMITH"},{"data":"After Image","floor":11,"key":"SMITH"},{"floor":15,"key":"REST"},{"data":"Blur","floor":23,"key":"SMITH"},{"data":"A Thousand Cuts","floor":25,"key":"SMITH"},{"floor":32,"key":"REST"},{"data":"Backflip","floor":41,"key":"SMITH"}],"path_taken":["M","M","?","M","?","R","E","?","T","E","R","M","M","M","R","BOSS","M","M","?","?","M","R","E","R","T","E","$","?","M","M","R","BOSS","M","?","?","M","M","E","R","E"],"build_version":"2018-05-31","seed_source_timestamp":1451105393390264,"purchased_purges":0,"victory":false,"master_deck":["Defend_G","Defend_G","Defend_G","Defend_G","Defend_G","Survivor","Neutralize","Deadly Poison","Catalyst+1","Quick Slash","After Image+1","Calculated Gamble","Poisoned Stab","Prepared","A Thousand Cuts+1","Bite","Bite","Bite","Bite","Bite","Blur+1","Poisoned Stab","Backflip+1","Die Die Die","Leg Sweep+1","Madness","Madness","Backflip+1"],"max_hp_per_floor":[70,70,75,75,75,75,82,82,82,82,82,82,82,82,82,82,82,82,82,57,57,57,57,57,57,57,67,67,72,72,72,72,72,72,72,72,72,72,72,72,72,72],"relics":["Ectoplasm","Mummified Hand","Strawberry","Snake Skull","Orichalcum","Blue Candle","Lizard Tail","Oddly Smooth Stone","Girya","Pear","Runic Dome","The Courier"],"card_choices":[{"not_picked":["Prepared","Endless Agony"],"picked":"Deadly Poison","floor":1},{"not_picked":["Flying Knee","Reflex"],"picked":"Catalyst","floor":2},{"not_picked":["PiercingWail","Calculated Gamble"],"picked":"Quick Slash","floor":4},{"not_picked":["Finisher","Slice"],"picked":"After Image","floor":7},{"not_picked":["Cloak And Dagger","Corpse Explosion"],"picked":"Calculated Gamble","floor":10},{"not_picked":["Catalyst","Deflect"],"picked":"Poisoned Stab","floor":12},{"not_picked":["Heel Hook","Outmaneuver"],"picked":"Prepared","floor":13},{"not_picked":["Endless Agony","Dodge and Roll","PiercingWail"],"picked":"SKIP","floor":14},{"not_picked":["Doppelganger","Glass Knife"],"picked":"A Thousand Cuts","floor":16},{"not_picked":["All Out Attack","Slice+1","Underhanded Strike"],"picked":"SKIP","floor":18},{"not_picked":["Dagger Spray","Dodge and Roll+1","Deflect+1"],"picked":"SKIP","floor":19},{"not_picked":["Endless Agony","Acrobatics"],"picked":"Blur","floor":22},{"not_picked":["Cloak And Dagger+1","Deflect+1","Prepared"],"picked":"SKIP","floor":24},{"not_picked":["Dagger Throw","Accuracy"],"picked":"Poisoned Stab","floor":27},{"not_picked":["Underhanded Strike","Bane","Poisoned Stab"],"picked":"SKIP","floor":30},{"not_picked":["Heel Hook","Sucker Punch"],"picked":"Backflip","floor":31},{"not_picked":["Grand Finale","Unload"],"picked":"Die Die Die","floor":33},{"not_picked":["Endless Agony+1","Dodge and Roll"],"picked":"Leg Sweep+1","floor":35},{"not_picked":["Cloak And Dagger","Dagger Throw+1"],"picked":"Backflip+1","floor":38},{"not_picked":["Dagger Spray","Outmaneuver","Acrobatics+1"],"picked":"SKIP","floor":39},{"not_picked":["Slice+1","Dash","Acrobatics"],"picked":"SKIP","floor":40}],"player_experience":183181,"potions_floor_usage":[7,16,16,19,24,27,38,42,42],"damage_taken":[{"damage":0,"enemies":"Small Slimes","floor":1,"turns":6},{"damage":0,"enemies":"Jaw Worm","floor":2,"turns":3},{"damage":0,"enemies":"Cultist","floor":4,"turns":4},{"damage":9,"enemies":"3 Sentries","floor":7,"turns":8},{"damage":7,"enemies":"Lagavulin Event","floor":8,"turns":6},{"damage":7,"enemies":"Lagavulin","floor":10,"turns":5},{"damage":3,"enemies":"Exordium Wildlife","floor":12,"turns":5},{"damage":2,"enemies":"Looter","floor":13,"turns":3},{"damage":10,"enemies":"Large Slime","floor":14,"turns":6},{"damage":0,"enemies":"Hexaghost","floor":16,"turns":7},{"damage":0,"enemies":"Shell Parasite","floor":18,"turns":5},{"damage":0,"enemies":"3 Byrds","floor":19,"turns":5},{"damage":27,"enemies":"Slaver and Parasite","floor":22,"turns":5},{"damage":55,"enemies":"Slavers","floor":24,"turns":7},{"damage":3,"enemies":"Book of Stabbing","floor":27,"turns":5},{"damage":2,"enemies":"Chosen and Byrds","floor":30,"turns":4},{"damage":21,"enemies":"Snake Plant","floor":31,"turns":4},{"damage":22,"enemies":"Collector","floor":33,"turns":8},{"damage":0,"enemies":"3 Shapes","floor":35,"turns":5},{"damage":33,"enemies":"3 Darklings","floor":38,"turns":7},{"damage":8,"enemies":"4 Shapes","floor":39,"turns":3},{"damage":8,"enemies":"Nemesis","floor":40,"turns":7},{"damage":49,"enemies":"2 Orb Walkers","floor":42,"turns":5}],"relics_obtained":[{"floor":5,"key":"Mummified Hand"},{"floor":7,"key":"Strawberry"},{"floor":8,"key":"Snake Skull"},{"floor":9,"key":"Orichalcum"},{"floor":10,"key":"Blue Candle"},{"floor":24,"key":"Oddly Smooth Stone"},{"floor":26,"key":"Girya"},{"floor":27,"key":"Pear"},{"floor":40,"key":"The Courier"}],"event_choices":[{"event_name":"Big Fish","player_choice":"Donut","floor":3,"damage_taken":0},{"event_name":"Dead Adventurer","player_choice":"Searched \u00271\u0027 times","floor":8,"damage_taken":0},{"event_name":"Vampires","player_choice":"Became a vampire","floor":20,"damage_taken":0},{"event_name":"Drug Dealer","player_choice":"Ignored","floor":21,"damage_taken":0},{"event_name":"Forgotten Altar","player_choice":"Shed Blood","floor":29,"damage_taken":0},{"event_name":"Winding Halls","player_choice":"Embrace Madness","floor":36,"damage_taken":0},{"event_name":"Match and Keep!","player_choice":"0 cards matched","floor":37,"damage_taken":0}],"boss_relics":[{"not_picked":["Orrery","Velvet Choker"],"picked":"Lizard Tail"},{"not_picked":["Snecko Eye","Runic Pyramid"],"picked":"Runic Dome"}],"items_purged_floors":[],"potions_floor_spawned":[2,4,8,13,14,22,24,33,35,39],"seed_played":"-3587436693810025878","killed_by":"2 Orb Walkers","ascension_level":2,"potions_obtained":[{"floor":2,"key":"GhostInAJar"},{"floor":4,"key":"SkillPotion"},{"floor":8,"key":"AttackPotion"},{"floor":13,"key":"LiquidBronze"},{"floor":22,"key":"EssenceOfSteel"},{"floor":24,"key":"EssenceOfSteel"},{"floor":33,"key":"Swift Potion"},{"floor":35,"key":"LiquidBronze"},{"floor":39,"key":"GamblersBrew"}],"is_trial":false}