{"gold_per_floor":[114,114,114,130,39,64,64,94,94,94,124,135,135,96,96,192,192,204,204,204,204,129,129,129],"floor_reached":24,"playtime":932,"items_purged":[],"score":312,"play_id":"f3277603-52d9-468f-ba7a-8e14c2105940","local_time":"20190208225757","is_ascension_mode":true,"campfire_choices":[{"data":"Zap","floor":7,"key":"SMITH"},{"data":"Dualcast","floor":10,"key":"SMITH"},{"floor":13,"key":"RECALL"},{"data":"White Noise","floor":15,"key":"SMITH"},{"data":"Bandage Up","floor":23,"key":"SMITH"}],"neow_cost":"NONE","seed_source_timestamp":285095665375725,"circlet_count":0,"master_deck":["Strike_B","Strike_B","Defend_B","Defend_B","Defend_B","Zap+1","Dualcast+1","Gash","Glacier","Bandage Up+1","Melter","Capacitor","White Noise+1","Buffer","Redo+1","FTL","Storm"],"relics":["FrozenCore","NeowsBlessing","Art of War","Turnip","Bottled Lightning","Peace Pipe","Nunchaku"],"potions_floor_usage":[16],"damage_taken":[{"damage":0,"enemies":"Small Slimes","floor":1,"turns":1},{"damage":0,"enemies":"2 Louse","floor":4,"turns":1},{"damage":0,"enemies":"3 Sentries","floor":6,"turns":1},{"damage":20,"enemies":"Lagavulin","floor":11,"turns":8},{"damage":2,"enemies":"Jaw Worm","floor":12,"turns":2},{"damage":29,"enemies":"Hexaghost","floor":16,"turns":15},{"damage":0,"enemies":"Spheric Guardian","floor":18,"turns":4},{"damage":20,"enemies":"Colosseum Slavers","floor":20,"turns":9},{"damage":56,"enemies":"Slavers","floor":24,"turns":3}],"seed_played":"4924347819050540445","potions_obtained":[{"floor":4,"key":"SteroidPotion"},{"floor":12,"key":"EssenceOfSteel"},{"floor":18,"key":"Ancient Potion"}],"is_trial":false,"path_per_floor":["M","?","?","M","$","E","R","?","T","R","E","M","R","?","R","B",null,"M","?","?","?","?","R","E"],"character_chosen":"DEFECT","items_purchased":["Bandage Up"],"campfire_rested":0,"item_purchase_floors":[5],"current_hp_per_floor":[68,56,49,49,49,53,53,53,53,53,37,39,39,39,39,14,60,64,64,48,48,48,48,0],"gold":129,"neow_bonus":"THREE_ENEMY_KILL","is_prod":false,"is_daily":false,"chose_seed":false,"campfire_upgraded":4,"win_rate":0,"timestamp":1549684677,"path_taken":["M","?","?","M","$","E","R","?","T","R","E","?","R","?","R","BOSS","M","?","?","?","?","R","E"],"build_version":"2019-01-23","purchased_purges":0,"victory":false,"max_hp_per_floor":[75,75,75,75,75,75,75,75,75,75,75,75,75,75,75,75,75,75,75,75,75,75,75,75],"card_choices":[{"not_picked":["Rebound","Reprogram"],"picked":"Gash","floor":1},{"not_picked":["Storm","Static Discharge"],"picked":"Glacier","floor":4},{"not_picked":["Compile Driver","Hologram"],"picked":"Melter","floor":6},{"not_picked":["Redo","Barrage"],"picked":"Capacitor","floor":11},{"not_picked":["Compile Driver","Sweeping Beam"],"picked":"White Noise","floor":12},{"not_picked":["Machine Learning","Creative AI"],"picked":"Buffer","floor":16},{"not_picked":["Leap+1","Hologram+1"],"picked":"Redo+1","floor":18}],"player_experience":590511,"relics_obtained":[{"floor":6,"key":"Turnip"},{"floor":9,"key":"Bottled Lightning"},{"floor":11,"key":"Peace Pipe"}],"event_choices":[{"damage_healed":0,"gold_gain":0,"player_choice":"Success","damage_taken":12,"relics_obtained":["Art of War"],"max_hp_gain":0,"max_hp_loss":0,"event_name":"Scrap Ooze","floor":2,"gold_loss":0},{"cards_removed":["Strike_B"],"damage_healed":0,"gold_gain":0,"player_choice":"Card Removal","damage_taken":7,"max_hp_gain":0,"max_hp_loss":0,"event_name":"Golden Wing","floor":3,"gold_loss":0},{"damage_healed":0,"gold_gain":30,"player_choice":"Searched \u00272\u0027 times","damage_taken":0,"max_hp_gain":0,"max_hp_loss":0,"event_name":"Dead Adventurer","floor":8,"gold_loss":0},{"damage_healed":0,"gold_gain":0,"player_choice":"Left Gold","damage_taken":0,"max_hp_gain":0,"max_hp_loss":0,"event_name":"World of Goop","floor":14,"gold_loss":39},{"damage_healed":0,"gold_gain":0,"player_choice":"Opened","damage_taken":0,"relics_obtained":["Nunchaku"],"max_hp_gain":0,"max_hp_loss":0,"event_name":"The Mausoleum","floor":19,"gold_loss":0,"cards_obtained":["Writhe"]},{"damage_healed":0,"gold_gain":0,"player_choice":"Fight","damage_taken":0,"max_hp_gain":0,"max_hp_loss":0,"event_name":"Colosseum","floor":20,"gold_loss":0},{"damage_healed":0,"gold_gain":0,"player_choice":"Fled From Nobs","damage_taken":0,"max_hp_gain":0,"max_hp_loss":0,"event_name":"Colosseum","floor":20,"gold_loss":0},{"damage_healed":0,"gold_gain":0,"cards_transformed":["Strike_B","Defend_B"],"player_choice":"Became Test Subject","damage_taken":0,"max_hp_gain":0,"max_hp_loss":0,"event_name":"Drug Dealer","floor":21,"gold_loss":0,"cards_obtained":["FTL","Storm"]},{"cards_removed":["Writhe"],"damage_healed":0,"gold_gain":0,"player_choice":"Gave Gold","damage_taken":0,"max_hp_gain":0,"max_hp_loss":0,"event_name":"Beggar","floor":22,"gold_loss":75}],"is_beta":false,"boss_relics":[{"not_picked":["Eternal Feather","Lizard Tail"],"picked":"FrozenCore"}],"items_purged_floors":[],"is_endless":false,"potions_floor_spawned":[4,12,18],"killed_by":"Slavers","ascension_level":8}