{"gold_per_floor":[109,128,53,66,83,103,58,78,78,78,92,92,108,108],"floor_reached":14,"playtime":1131,"items_purged":["Strike_G"],"score":95,"play_id":"26f1bd43-2343-42dd-a0cd-8520832abbff","local_time":"20180905231435","is_ascension_mode":true,"campfire_choices":[{"floor":10,"key":"REST"}],"neow_cost":"TEN_PERCENT_HP_LOSS","seed_source_timestamp":1085675789882,"circlet_count":0,"master_deck":["Defend_G","Defend_G","Defend_G","Defend_G","Defend_G","Strike_G","Strike_G","Strike_G","Strike_G","Survivor","Neutralize","Night Terror","Blur","Leg Sweep","Footwork","Accuracy","Cloak And Dagger","Cloak And Dagger","Predator","Infinite Blades","Finisher"],"relics":["Ring of the Snake","Nunchaku"],"potions_floor_usage":[8,13],"damage_taken":[{"damage":1,"enemies":"Jaw Worm","floor":1,"turns":6},{"damage":0,"enemies":"2 Louse","floor":2,"turns":6},{"damage":19,"enemies":"Cultist","floor":4,"turns":9},{"damage":0,"enemies":"Blue Slaver","floor":5,"turns":8},{"damage":20,"enemies":"Exordium Wildlife","floor":6,"turns":12},{"damage":0,"enemies":"Looter","floor":7,"turns":5},{"damage":15,"enemies":"Red Slaver","floor":8,"turns":7},{"damage":30,"enemies":"Gremlin Gang","floor":11,"turns":10},{"damage":0,"enemies":"Exordium Wildlife","floor":13,"turns":4},{"damage":4,"enemies":"Lots of Slimes","floor":14,"turns":1}],"seed_played":"8004815904712173103","potions_obtained":[{"floor":1,"key":"GamblersBrew"},{"floor":5,"key":"Ancient Potion"},{"floor":6,"key":"GhostInAJar"},{"floor":8,"key":"Fruit Juice"}],"is_trial":false,"path_per_floor":["M","M","$","M","M","M","M","M","T","R","M","?","M"],"character_chosen":"THE_SILENT","items_purchased":[],"campfire_rested":1,"item_purchase_floors":[],"current_hp_per_floor":[62,62,62,43,43,23,23,13,13,33,3,3,3,0],"gold":108,"neow_bonus":"THREE_RARE_CARDS","is_prod":false,"is_daily":false,"chose_seed":false,"campfire_upgraded":0,"win_rate":0,"timestamp":1536203675,"path_taken":["M","M","$","M","M","M","M","M","T","R","M","?","?","M"],"build_version":"2018-08-30","purchased_purges":1,"victory":false,"max_hp_per_floor":[63,63,63,63,63,63,63,68,68,68,68,68,68,68],"card_choices":[{"not_picked":["Tools of the Trade","Grand Finale"],"picked":"Night Terror","floor":0},{"not_picked":["Endless Agony","Cloak And Dagger"],"picked":"Blur","floor":1},{"not_picked":["Dagger Throw","PiercingWail"],"picked":"Leg Sweep","floor":2},{"not_picked":["Dagger Spray","Deadly Poison"],"picked":"Footwork","floor":4},{"not_picked":["Finisher","Underhanded Strike"],"picked":"Accuracy","floor":5},{"not_picked":["Predator","Heel Hook"],"picked":"Cloak And Dagger","floor":6},{"not_picked":["Deflect","Setup"],"picked":"Cloak And Dagger","floor":7},{"not_picked":["Slice","Well Laid Plans"],"picked":"Predator","floor":8},{"not_picked":["Dagger Spray","Cloak And Dagger"],"picked":"Infinite Blades","floor":11},{"not_picked":["Crippling Poison","All Out Attack"],"picked":"Finisher","floor":13}],"player_experience":750315,"relics_obtained":[{"floor":9,"key":"Nunchaku"}],"event_choices":[{"event_name":"Golden Idol","player_choice":"Ignored","floor":12,"damage_taken":0}],"is_beta":false,"boss_relics":[],"items_purged_floors":[3],"is_endless":false,"potions_floor_spawned":[1,5,6,8],"killed_by":"Lots of Slimes","ascension_level":2}