{"gold_per_floor":[115,133,133,11,11,11,41,53,53,153,153,53,72,86,86,184,184,203,223,223,243,342,342,361,361,361,236,236,236,236,248,248,248],"floor_reached":33,"playtime":728,"items_purged":["Strike_R","Strike_R","Strike_R"],"score":245,"play_id":"d0d3513c-1bfa-410b-b07a-9304060b9e8e","local_time":"20190521221403","is_ascension_mode":false,"campfire_choices":[{"floor":6,"key":"REST"},{"data":"1","floor":11,"key":"LIFT"},{"data":"2","floor":15,"key":"LIFT"},{"data":"3","floor":23,"key":"LIFT"},{"floor":25,"key":"REST"},{"data":"Dropkick","floor":30,"key":"SMITH"},{"floor":32,"key":"REST"}],"neow_cost":"NONE","seed_source_timestamp":465826626333011,"circlet_count":0,"master_deck":["Strike_R","Strike_R+1","Defend_R","Defend_R","Defend_R","Bash+1","Clash+1","Dropkick+1"],"relics":["Burning Blood","Calipers","Girya","Letter Opener"],"potions_floor_usage":[16,33],"damage_taken":[{"damage":6,"enemies":"Jaw Worm","floor":1,"turns":3},{"damage":7,"enemies":"2 Louse","floor":2,"turns":4},{"damage":11,"enemies":"Gremlin Nob","floor":7,"turns":3},{"damage":1,"enemies":"Cultist","floor":8,"turns":3},{"damage":2,"enemies":"Blue Slaver","floor":13,"turns":4},{"damage":20,"enemies":"Gremlin Gang","floor":14,"turns":5},{"damage":57,"enemies":"Hexaghost","floor":16,"turns":8},{"damage":0,"enemies":"Chosen","floor":18,"turns":4},{"damage":17,"enemies":"Shell Parasite","floor":19,"turns":4},{"damage":2,"enemies":"Centurion and Healer","floor":21,"turns":5},{"damage":66,"enemies":"Sentry and Sphere","floor":24,"turns":8},{"damage":21,"enemies":"Shelled Parasite and Fungi","floor":31,"turns":5},{"damage":80,"enemies":"Collector","floor":33,"turns":7}],"seed_played":"8341598844181215740","potions_obtained":[{"floor":1,"key":"Regen Potion"},{"floor":2,"key":"SteroidPotion"},{"floor":24,"key":"SteroidPotion"},{"floor":31,"key":"Dexterity Potion"}],"is_trial":false,"path_per_floor":["M","M","?","$","?","R","E","M","T","?","R","$","M","M","R","B",null,"M","M","?","M","?","R","M","R","T","$","?","?","R","M","R","B"],"character_chosen":"IRONCLAD","items_purchased":["Clash"],"campfire_rested":3,"item_purchase_floors":[4],"current_hp_per_floor":[88,87,69,69,69,88,83,88,88,88,88,88,88,74,74,37,88,88,77,77,81,81,81,21,47,47,47,47,47,47,32,58,0],"gold":248,"neow_bonus":"TEN_PERCENT_HP_BONUS","is_prod":false,"is_daily":false,"chose_seed":false,"campfire_upgraded":1,"win_rate":0,"timestamp":1558448043,"path_taken":["M","M","?","?","?","R","E","?","T","?","R","$","?","M","R","BOSS","M","M","?","?","?","R","M","R","T","$","?","?","R","M","R","BOSS"],"build_version":"2019-01-23","purchased_purges":3,"victory":false,"max_hp_per_floor":[88,88,88,88,88,88,88,88,88,88,88,88,88,88,88,88,88,88,88,88,88,88,88,88,88,88,88,88,88,88,88,88,88],"card_choices":[{"not_picked":["Whirlwind","Seeing Red","Clothesline"],"picked":"SKIP","floor":1},{"not_picked":["Flex","Fire Breathing","Armaments"],"picked":"SKIP","floor":2},{"not_picked":["Thunderclap","Wild Strike","Reckless Charge"],"picked":"SKIP","floor":7},{"not_picked":["Second Wind","Perfected Strike","Warcry"],"picked":"SKIP","floor":8},{"not_picked":["Sentinel","Rage","Power Through"],"picked":"SKIP","floor":13},{"not_picked":["Wild Strike","Evolve","Rupture"],"picked":"SKIP","floor":14},{"not_picked":["Intimidate","Sentinel+1","Wild Strike"],"picked":"SKIP","floor":18},{"not_picked":["Rampage+1","Body Slam+1","Uppercut"],"picked":"SKIP","floor":19},{"not_picked":["Pummel","Havoc","Corruption+1"],"picked":"SKIP","floor":21},{"not_picked":["Pummel","Evolve"],"picked":"Dropkick","floor":24},{"not_picked":["Armaments","Perfected Strike+1","Thunderclap"],"picked":"SKIP","floor":31}],"player_experience":553436,"relics_obtained":[{"floor":7,"key":"Calipers"},{"floor":9,"key":"Girya"},{"floor":26,"key":"Letter Opener"}],"event_choices":[{"damage_healed":0,"gold_gain":0,"player_choice":"Entered Light","damage_taken":18,"max_hp_gain":0,"max_hp_loss":0,"event_name":"Shining Light","floor":3,"gold_loss":0,"cards_upgraded":["Strike_R","Bash"]},{"damage_healed":0,"gold_gain":0,"player_choice":"Forge","damage_taken":0,"max_hp_gain":0,"max_hp_loss":0,"event_name":"Accursed Blacksmith","floor":5,"gold_loss":0,"cards_upgraded":["Clash"]},{"damage_healed":0,"gold_gain":100,"player_choice":"Pray","damage_taken":0,"max_hp_gain":0,"max_hp_loss":0,"event_name":"Golden Shrine","floor":10,"gold_loss":0},{"cards_removed":["Defend_R"],"damage_healed":0,"gold_gain":0,"player_choice":"Card Removal","damage_taken":0,"max_hp_gain":0,"max_hp_loss":0,"event_name":"Wheel of Change","floor":20,"gold_loss":0},{"damage_healed":0,"gold_gain":99,"player_choice":"Stole From Cult","damage_taken":0,"max_hp_gain":0,"max_hp_loss":0,"event_name":"Nest","floor":22,"gold_loss":0},{"damage_healed":0,"gold_gain":0,"player_choice":"Ignored","damage_taken":0,"max_hp_gain":0,"max_hp_loss":0,"event_name":"Vampires","floor":28,"gold_loss":0},{"damage_healed":0,"gold_gain":0,"player_choice":"Ignored","damage_taken":0,"max_hp_gain":0,"max_hp_loss":0,"event_name":"Cursed Tome","floor":29,"gold_loss":0}],"is_beta":false,"boss_relics":[{"not_picked":["Fusion Hammer","Mark of Pain","Snecko Eye"]}],"items_purged_floors":[4,12,27],"is_endless":false,"potions_floor_spawned":[1,2,24,31],"killed_by":"Collector","ascension_level":0}