{"gold_per_floor":[112,37,50,0,19,19,48,48,48,48,48,67,67,79,79,79],"floor_reached":16,"playtime":592,"items_purged":["Strike_R"],"score":150,"play_id":"d95ff6e5-e76e-4e0e-906c-929347d3d6a3","local_time":"20190113115708","is_ascension_mode":true,"campfire_choices":[{"data":"Blood for Blood","floor":6,"key":"SMITH"},{"data":"Shockwave","floor":8,"key":"SMITH"},{"data":"Searing Blow","floor":11,"key":"SMITH"},{"data":"Searing Blow+1","floor":13,"key":"SMITH"},{"data":"Searing Blow+2","floor":15,"key":"SMITH"}],"neow_cost":"NONE","seed_source_timestamp":128489279877037,"circlet_count":0,"master_deck":["AscendersBane","Strike_R","Strike_R","Defend_R","Defend_R","Defend_R","Defend_R","Bash","Blood for Blood+1","Searing Blow+3","Shockwave+1","Burning Pact","Infernal Blade","Evolve"],"relics":["Burning Blood","Question Card","Singing Bowl"],"potions_floor_usage":[16],"damage_taken":[{"damage":2,"enemies":"2 Louse","floor":1,"turns":3},{"damage":1,"enemies":"Cultist","floor":3,"turns":4},{"damage":18,"enemies":"Small Slimes","floor":5,"turns":5},{"damage":35,"enemies":"Lagavulin","floor":7,"turns":8},{"damage":4,"enemies":"Exordium Wildlife","floor":12,"turns":3},{"damage":6,"enemies":"Red Slaver","floor":14,"turns":3},{"damage":44,"enemies":"Slime Boss","floor":16,"turns":6}],"seed_played":"3227998279447682736","potions_obtained":[{"floor":1,"key":"Weak Potion"},{"floor":5,"key":"Dexterity Potion"}],"is_trial":false,"path_per_floor":["M","$","M","?","M","R","E","R","T","$","R","M","R","M","R","B"],"character_chosen":"IRONCLAD","items_purchased":[],"campfire_rested":0,"item_purchase_floors":[],"current_hp_per_floor":[76,76,80,80,68,68,39,39,39,39,39,41,41,43,43,0],"gold":79,"neow_bonus":"TRANSFORM_CARD","is_prod":false,"is_daily":false,"chose_seed":false,"campfire_upgraded":5,"win_rate":0,"timestamp":1547398628,"path_taken":["M","$","M","?","M","R","E","R","T","$","R","M","R","M","R","BOSS"],"build_version":"2019-01-10","purchased_purges":1,"victory":false,"max_hp_per_floor":[80,80,80,80,80,80,80,80,80,80,80,80,80,82,82,82],"card_choices":[{"not_picked":["Warcry","Twin Strike"],"picked":"Searing Blow","floor":1},{"not_picked":["Havoc","Headbutt"],"picked":"Shockwave","floor":3},{"not_picked":["Seeing Red","Clothesline"],"picked":"Burning Pact","floor":5},{"not_picked":["Thunderclap","Combust"],"picked":"Infernal Blade","floor":7},{"not_picked":["Seeing Red","Disarm","Thunderclap"],"picked":"Evolve","floor":12},{"not_picked":["Wild Strike","Havoc","Iron Wave","Rage"],"picked":"Singing Bowl","floor":14}],"player_experience":1742617,"relics_obtained":[{"floor":7,"key":"Question Card"},{"floor":9,"key":"Singing Bowl"}],"event_choices":[{"cards_removed":["Strike_R"],"damage_healed":0,"gold_gain":0,"player_choice":"Card Removal","damage_taken":0,"max_hp_gain":0,"max_hp_loss":0,"event_name":"The Cleric","floor":4,"gold_loss":50}],"is_beta":false,"boss_relics":[],"items_purged_floors":[2],"is_endless":false,"potions_floor_spawned":[1,5],"killed_by":"Slime Boss","ascension_level":10}