{"gold_per_floor":[111,36,46,66,78,111,126,126,126,153,172,207,207,224,224,321,321,338,353,353,373,385,418,418,343,421,450,462,491,510,510],"floor_reached":31,"playtime":1787,"items_purged":["Defend_R"],"score":321,"play_id":"071e17e4-5b2c-42a9-b01f-57c5d1f58fda","local_time":"20180713003936","is_ascension_mode":false,"campfire_choices":[{"floor":8,"key":"REST"},{"data":"Armaments","floor":13,"key":"SMITH"},{"floor":15,"key":"REST"},{"floor":24,"key":"REST"}],"neow_cost":"NONE","seed_source_timestamp":79471205730956,"circlet_count":0,"master_deck":["Strike_R+1","Strike_R+1","Strike_R+1","Strike_R+1","Strike_R+1","Defend_R+1","Defend_R+1","Bash+1","Armaments+1","Iron Wave","Evolve","Inflame","Twin Strike","Dropkick","Pummel","Feed","Limit Break","Anger+1","Infernal Blade","Spot Weakness","Body Slam+1"],"relics":["Burning Blood","Red Skull","Bronze Scales","Lantern","Self Forming Clay","Busted Crown","Molten Egg 2","Blue Candle","Bottled Flame","Potion Belt"],"potions_floor_usage":[16,16,18,19,23,27,29,31,31],"damage_taken":[{"damage":6,"enemies":"Cultist","floor":1,"turns":3},{"damage":1,"enemies":"Jaw Worm","floor":3,"turns":4},{"damage":4,"enemies":"2 Louse","floor":4,"turns":3},{"damage":20,"enemies":"Large Slime","floor":5,"turns":9},{"damage":34,"enemies":"Gremlin Nob","floor":6,"turns":5},{"damage":2,"enemies":"2 Fungi Beasts","floor":7,"turns":3},{"damage":20,"enemies":"3 Sentries","floor":10,"turns":6},{"damage":10,"enemies":"Looter","floor":11,"turns":3},{"damage":15,"enemies":"Gremlin Nob","floor":12,"turns":4},{"damage":1,"enemies":"Lots of Slimes","floor":14,"turns":3},{"damage":36,"enemies":"Hexaghost","floor":16,"turns":6},{"damage":7,"enemies":"3 Byrds","floor":18,"turns":4},{"damage":27,"enemies":"2 Thieves","floor":19,"turns":4},{"damage":30,"enemies":"Centurion and Healer","floor":21,"turns":4},{"damage":16,"enemies":"Slaver and Parasite","floor":22,"turns":3},{"damage":24,"enemies":"Book of Stabbing","floor":23,"turns":3},{"damage":20,"enemies":"Slavers","floor":27,"turns":4},{"damage":0,"enemies":"3 Cultists","floor":28,"turns":3},{"damage":19,"enemies":"Gremlin Leader","floor":29,"turns":4},{"damage":9,"enemies":"Centurion and Healer","floor":30,"turns":3},{"damage":19,"enemies":"Slaver and Parasite","floor":31,"turns":2}],"seed_played":"9041957278845019210","potions_obtained":[{"floor":5,"key":"SteroidPotion"},{"floor":6,"key":"Explosive Potion"},{"floor":12,"key":"Strength Potion"},{"floor":16,"key":"PowerPotion"},{"floor":22,"key":"Explosive Potion"},{"floor":23,"key":"Weak Potion"},{"floor":28,"key":"SteroidPotion"},{"floor":29,"key":"Poison Potion"},{"floor":30,"key":"Energy Potion"}],"is_trial":false,"path_per_floor":["M","$","M","M","M","E","M","R","T","E","M","E","R","M","R","B",null,"M","M","?","M","M","E","R","?","T","E","M","E","M"],"character_chosen":"IRONCLAD","items_purchased":[],"campfire_rested":3,"item_purchase_floors":[],"current_hp_per_floor":[80,80,80,80,66,38,42,66,66,52,48,39,39,44,68,41,83,85,64,64,40,34,16,43,43,43,29,35,22,19,0],"gold":510,"neow_bonus":"UPGRADE_CARD","is_prod":false,"is_daily":false,"chose_seed":false,"campfire_upgraded":1,"win_rate":0,"timestamp":1531456776,"path_taken":["M","?","M","M","M","E","M","R","T","E","M","E","R","M","R","BOSS","M","M","?","M","M","E","R","?","T","E","M","E","M","M"],"build_version":"2018-07-05","purchased_purges":1,"victory":false,"max_hp_per_floor":[80,80,80,80,80,80,80,80,80,80,80,80,80,80,80,83,83,86,86,86,86,90,90,90,90,90,90,90,90,90,90],"card_choices":[{"not_picked":["Flex","Wild Strike"],"picked":"Armaments","floor":1},{"not_picked":["Hemokinesis","Power Through"],"picked":"Iron Wave","floor":3},{"not_picked":["Iron Wave","Rampage"],"picked":"Evolve","floor":4},{"not_picked":["Flex","Iron Wave"],"picked":"Inflame","floor":5},{"not_picked":["Body Slam","Ghostly Armor"],"picked":"Twin Strike","floor":6},{"not_picked":["Hemokinesis","Rupture"],"picked":"Dropkick","floor":7},{"not_picked":["Anger","Flame Barrier","Disarm"],"picked":"SKIP","floor":10},{"not_picked":["Hemokinesis","Dropkick"],"picked":"Pummel","floor":11},{"not_picked":["Sentinel","Anger","Evolve"],"picked":"SKIP","floor":12},{"not_picked":["Cleave","Headbutt"],"picked":"Feed","floor":14},{"not_picked":["Fiend Fire","Feed"],"picked":"Limit Break","floor":16},{"not_picked":["Headbutt"],"picked":"SKIP","floor":18},{"not_picked":[],"picked":"Anger+1","floor":19},{"not_picked":["Searing Blow"],"picked":"SKIP","floor":21},{"not_picked":[],"picked":"Infernal Blade","floor":22},{"not_picked":["Burning Pact"],"picked":"SKIP","floor":23},{"not_picked":["Dark Embrace"],"picked":"SKIP","floor":27},{"not_picked":["Flame Barrier+1"],"picked":"SKIP","floor":28},{"not_picked":[],"picked":"Spot Weakness","floor":29},{"not_picked":[],"picked":"Body Slam+1","floor":30}],"player_experience":256551,"relics_obtained":[{"floor":6,"key":"Red Skull"},{"floor":9,"key":"Bronze Scales"},{"floor":10,"key":"Lantern"},{"floor":12,"key":"Self Forming Clay"},{"floor":23,"key":"Molten Egg 2"},{"floor":26,"key":"Blue Candle"},{"floor":27,"key":"Bottled Flame"},{"floor":29,"key":"Potion Belt"}],"event_choices":[{"event_name":"Back to Basics","player_choice":"Simplicity","floor":20,"damage_taken":0},{"event_name":"Beggar","player_choice":"Gave Gold","floor":25,"damage_taken":0}],"boss_relics":[{"not_picked":["Sozu","Snecko Eye"],"picked":"Busted Crown"}],"items_purged_floors":[2],"is_endless":false,"potions_floor_spawned":[5,6,12,14,16,22,23,28,29,30],"killed_by":"Slaver and Parasite","ascension_level":0}