{"gold_per_floor":[111,111,111,111,128,158,118,68,68,68,86,49,49,63,63,138,138,155,80,13,13,29,29,29,29,84,96,26,38,56,74,74,152,152,171,189,189,203,34,34,49,68,95,112,112,112,125,85,85,85],"floor_reached":50,"playtime":2678,"items_purged":[],"score":822,"play_id":"236659be-037b-4731-a5d5-deda1035e6c1","local_time":"20190413231134","is_ascension_mode":true,"campfire_choices":[{"data":"Defragment","floor":10,"key":"SMITH"},{"floor":13,"key":"REST"},{"data":"Double Energy","floor":15,"key":"SMITH"},{"data":"Buffer","floor":23,"key":"SMITH"},{"data":"Defragment","floor":25,"key":"SMITH"},{"floor":32,"key":"REST"},{"data":"Heatsinks","floor":40,"key":"SMITH"},{"floor":46,"key":"REST"},{"data":"Reinforced Body","floor":49,"key":"SMITH"}],"neow_cost":"NONE","seed_source_timestamp":80180456646800,"circlet_count":0,"master_deck":["AscendersBane","Strike_B","Strike_B+1","Defend_B","Defend_B","Defend_B","Defend_B","Zap","Dualcast+1","Reinforced Body+1","Defragment+1","Self Repair","Double Energy+1","Redo","Heatsinks+1","Undo","Buffer+1","White Noise+1","Defragment+1","BootSequence","Loop+1","Self Repair","Hello World","Electrodynamics","Hologram+1","Electrodynamics","Magnetism","Static Discharge+1","Steam+1","Secret Technique","Steam+1"],"relics":["Cracked Core","Lantern","Cables","Bronze Scales","Symbiotic Virus","Sozu","Tiny Chest","Nuclear Battery","Regal Pillow"],"potions_floor_usage":[6,16,38],"damage_taken":[{"damage":1,"enemies":"Cultist","floor":1,"turns":3},{"damage":0,"enemies":"Small Slimes","floor":5,"turns":3},{"damage":30,"enemies":"Lagavulin","floor":6,"turns":7},{"damage":9,"enemies":"2 Louse","floor":11,"turns":1},{"damage":7,"enemies":"Looter","floor":14,"turns":3},{"damage":18,"enemies":"Slime Boss","floor":16,"turns":5},{"damage":0,"enemies":"Spheric Guardian","floor":18,"turns":5},{"damage":1,"enemies":"Colosseum Slavers","floor":21,"turns":3},{"damage":35,"enemies":"3 Byrds","floor":22,"turns":4},{"damage":23,"enemies":"Snake Plant","floor":27,"turns":3},{"damage":12,"enemies":"Centurion and Healer","floor":29,"turns":5},{"damage":11,"enemies":"Shelled Parasite and Fungi","floor":30,"turns":4},{"damage":0,"enemies":"Snecko","floor":31,"turns":4},{"damage":73,"enemies":"Champ","floor":33,"turns":8},{"damage":1,"enemies":"Orb Walker","floor":35,"turns":5},{"damage":18,"enemies":"3 Darklings","floor":36,"turns":3},{"damage":6,"enemies":"Sphere and 2 Shapes","floor":38,"turns":5},{"damage":8,"enemies":"Jaw Worm Horde","floor":41,"turns":4},{"damage":0,"enemies":"Maw","floor":42,"turns":8},{"damage":42,"enemies":"Writhing Mass","floor":44,"turns":7},{"damage":22,"enemies":"Spire Growth","floor":47,"turns":5},{"damage":71,"enemies":"Awakened One","floor":50,"turns":10}],"seed_played":"-7869004801004492766","potions_obtained":[{"floor":1,"key":"Explosive Potion"},{"floor":5,"key":"Weak Potion"},{"floor":14,"key":"Poison Potion"}],"is_trial":false,"path_per_floor":["M","T","?","?","M","E","$","?","T","R","M","$","R","M","R","B",null,"M","?","$","?","M","R","$","R","T","M","$","M","M","M","R","B",null,"M","M","?","M","$","R","M","M","T","M","?","R","M","?","R","B"],"character_chosen":"DEFECT","items_purchased":["Double Energy","Heatsinks","Defragment","Self Repair","Magnetism"],"campfire_rested":3,"item_purchase_floors":[7,12,20,28,39],"current_hp_per_floor":[70,70,70,63,63,33,33,33,33,33,24,24,47,47,47,36,68,75,75,75,78,50,50,50,50,50,34,34,36,39,53,76,17,63,69,51,51,59,59,59,58,72,72,44,44,78,70,70,70,0],"gold":85,"neow_bonus":"TEN_PERCENT_HP_BONUS","is_prod":false,"is_daily":false,"chose_seed":false,"campfire_upgraded":6,"win_rate":0,"timestamp":1555211494,"path_taken":["M","?","?","?","M","E","$","?","T","R","M","?","R","M","R","BOSS","M","?","$","?","M","R","?","R","T","M","?","M","M","?","R","BOSS","M","?","?","M","$","R","?","M","T","M","?","R","M","?","R","BOSS"],"build_version":"2019-01-23","purchased_purges":0,"victory":false,"max_hp_per_floor":[78,78,78,78,78,78,78,78,78,78,78,78,78,78,78,78,78,78,78,78,78,78,78,78,78,78,78,78,78,78,78,78,78,78,78,78,78,78,78,78,78,78,78,78,78,78,78,78,78,78],"card_choices":[{"not_picked":["Gash","Undo"],"picked":"Reinforced Body","floor":1},{"not_picked":["Redo","Sweeping Beam"],"picked":"Defragment","floor":5},{"not_picked":["Ball Lightning","Doom and Gloom"],"picked":"Self Repair","floor":6},{"not_picked":["Leap","Sweeping Beam"],"picked":"Redo","floor":11},{"not_picked":["Gash","Conserve Battery"],"picked":"Undo","floor":14},{"not_picked":["Rainbow","Machine Learning"],"picked":"Buffer","floor":16},{"not_picked":["Ball Lightning","Hologram"],"picked":"White Noise+1","floor":18},{"not_picked":["Cold Snap","Gash"],"picked":"BootSequence","floor":22},{"not_picked":["Tempest","Chaos"],"picked":"Loop+1","floor":27},{"not_picked":["Reprogram","Streamline","Hyperbeam"],"picked":"SKIP","floor":29},{"not_picked":["Go for the Eyes+1","Undo"],"picked":"Hello World","floor":30},{"not_picked":["Sweeping Beam","Coolheaded","Stack"],"picked":"SKIP","floor":31},{"not_picked":["Biased Cognition","Meteor Strike"],"picked":"Electrodynamics","floor":33},{"not_picked":["Turbo","Coolheaded+1","Cold Snap"],"picked":"SKIP","floor":35},{"not_picked":["Gash+1","Hello World+1"],"picked":"Hologram+1","floor":36},{"not_picked":["Rebound","Sweeping Beam"],"picked":"Electrodynamics","floor":38},{"not_picked":["Barrage","Compile Driver+1"],"picked":"Static Discharge+1","floor":41},{"not_picked":["Coolheaded+1","Scrape"],"picked":"Steam+1","floor":42},{"not_picked":["Redo","Gash","Rip and Tear"],"picked":"SKIP","floor":44},{"not_picked":["PanicButton","Transmutation"],"picked":"Secret Technique","floor":45},{"not_picked":["Redo+1","Sweeping Beam"],"picked":"Steam+1","floor":47}],"player_experience":2745614,"relics_obtained":[{"floor":2,"key":"Lantern"},{"floor":6,"key":"Bronze Scales"},{"floor":9,"key":"Symbiotic Virus"},{"floor":26,"key":"Tiny Chest"},{"floor":43,"key":"Regal Pillow"}],"event_choices":[{"damage_healed":0,"gold_gain":0,"player_choice":"Ignored","damage_taken":0,"max_hp_gain":0,"max_hp_loss":0,"event_name":"Shining Light","floor":3,"gold_loss":0},{"damage_healed":0,"gold_gain":0,"player_choice":"Success","damage_taken":7,"relics_obtained":["Cables"],"max_hp_gain":0,"max_hp_loss":0,"event_name":"Scrap Ooze","floor":4,"gold_loss":0},{"cards_removed":["Strike_B"],"damage_healed":0,"gold_gain":0,"player_choice":"Card Removal","damage_taken":0,"max_hp_gain":0,"max_hp_loss":0,"event_name":"The Cleric","floor":8,"gold_loss":50},{"cards_removed":["Strike_B"],"damage_healed":0,"gold_gain":0,"player_choice":"Gave Gold","damage_taken":0,"max_hp_gain":0,"max_hp_loss":0,"event_name":"Beggar","floor":19,"gold_loss":75},{"damage_healed":0,"gold_gain":0,"player_choice":"Fight","damage_taken":0,"max_hp_gain":0,"max_hp_loss":0,"event_name":"Colosseum","floor":21,"gold_loss":0},{"damage_healed":0,"gold_gain":0,"player_choice":"Fled From Nobs","damage_taken":0,"max_hp_gain":0,"max_hp_loss":0,"event_name":"Colosseum","floor":21,"gold_loss":0},{"damage_healed":0,"gold_gain":0,"player_choice":"Got Potions","damage_taken":0,"max_hp_gain":0,"max_hp_loss":0,"event_name":"Lab","floor":37,"gold_loss":0},{"damage_healed":0,"gold_gain":0,"player_choice":"Memory 1","damage_taken":0,"max_hp_gain":0,"max_hp_loss":0,"event_name":"SensoryStone","floor":45,"gold_loss":0},{"damage_healed":0,"gold_gain":0,"player_choice":"Upgraded Two","damage_taken":0,"max_hp_gain":0,"max_hp_loss":0,"event_name":"Designer","floor":48,"gold_loss":40,"cards_upgraded":["Strike_B","Dualcast"]}],"is_beta":false,"boss_relics":[{"not_picked":["Calling Bell","Black Star"],"picked":"Sozu"},{"not_picked":["Empty Cage","Fusion Hammer"],"picked":"Nuclear Battery"}],"items_purged_floors":[],"is_endless":false,"potions_floor_spawned":[1,5,14,22,29,30,31,33,35,42],"killed_by":"Awakened One","ascension_level":14}