{"gold_per_floor":[116,134,22,22,42,42,75,75],"floor_reached":8,"playtime":348,"items_purged":["Strike_B"],"score":92,"play_id":"220f448c-dccc-490c-b493-7f899a5a5655","local_time":"20190331002122","is_ascension_mode":true,"campfire_choices":[{"data":"Creative AI","floor":6,"key":"SMITH"}],"neow_cost":"TEN_PERCENT_HP_LOSS","seed_source_timestamp":92769056954600,"circlet_count":0,"master_deck":["AscendersBane","Strike_B","Strike_B","Strike_B","Defend_B","Defend_B","Defend_B","Defend_B","Zap","Dualcast","Creative AI+1","Steam","Chaos","Capacitor","Leap","Stack"],"relics":["Cracked Core","Smiling Mask"],"potions_floor_usage":[7,8],"damage_taken":[{"damage":1,"enemies":"Cultist","floor":1,"turns":3},{"damage":4,"enemies":"Small Slimes","floor":2,"turns":4},{"damage":7,"enemies":"Jaw Worm","floor":5,"turns":4},{"damage":59,"enemies":"3 Sentries","floor":7,"turns":8},{"damage":13,"enemies":"The Mushroom Lair","floor":8,"turns":1}],"seed_played":"-2239086111827922331","potions_obtained":[{"floor":5,"key":"Regen Potion"},{"floor":7,"key":"FocusPotion"}],"is_trial":false,"path_per_floor":["M","M","$","?","M","R","E","?"],"character_chosen":"DEFECT","items_purchased":["Capacitor"],"campfire_rested":0,"item_purchase_floors":[3],"current_hp_per_floor":[67,63,63,63,56,56,12,0],"gold":75,"neow_bonus":"THREE_RARE_CARDS","is_prod":false,"is_daily":false,"chose_seed":false,"campfire_upgraded":1,"win_rate":0,"timestamp":1554006082,"path_taken":["M","M","$","?","M","R","E","?"],"build_version":"2019-01-23","purchased_purges":1,"victory":false,"max_hp_per_floor":[68,68,68,68,68,68,68,68],"card_choices":[{"not_picked":["Multi-Cast","Amplify"],"picked":"Creative AI","floor":0},{"not_picked":["Beam Cell","Coolheaded"],"picked":"Steam","floor":1},{"not_picked":["Scrape","Steam Power"],"picked":"Chaos","floor":2},{"not_picked":["Steam","Streamline"],"picked":"Leap","floor":5},{"not_picked":["Hello World","Doom and Gloom"],"picked":"Stack","floor":7}],"player_experience":2556951,"relics_obtained":[{"floor":7,"key":"Smiling Mask"}],"event_choices":[{"damage_healed":0,"gold_gain":0,"player_choice":"Ignored","damage_taken":0,"max_hp_gain":0,"max_hp_loss":0,"event_name":"Shining Light","floor":4,"gold_loss":0},{"damage_healed":0,"gold_gain":0,"player_choice":"Fought Mushrooms","damage_taken":0,"max_hp_gain":0,"max_hp_loss":0,"event_name":"Mushrooms","floor":8,"gold_loss":0}],"is_beta":false,"boss_relics":[],"items_purged_floors":[3],"is_endless":false,"potions_floor_spawned":[5,7],"killed_by":"The Mushroom Lair","ascension_level":13}