{"gold_per_floor":[119,119,136,153,78,78,78,78,78,78,139,157,157,174,174,271,271,288,307,307],"floor_reached":20,"playtime":933,"items_purged":["Strike_R"],"score":246,"play_id":"2868df11-ff93-4728-9606-8f9ff3dbeb8e","local_time":"20180728190152","is_ascension_mode":true,"campfire_choices":[{"data":"Searing Blow","floor":6,"key":"SMITH"},{"data":"Searing Blow+1","floor":8,"key":"SMITH"},{"data":"Searing Blow+2","floor":10,"key":"SMITH"},{"data":"Searing Blow+3","floor":13,"key":"SMITH"},{"data":"Searing Blow+4","floor":15,"key":"SMITH"}],"neow_cost":"","seed_source_timestamp":3619691489075825,"circlet_count":0,"master_deck":["Strike_R","Strike_R","Defend_R","Defend_R","Defend_R","Bash","AscendersBane","Shockwave","Searing Blow+5","Shrug It Off","Metallicize","Evolve","Double Tap","Spot Weakness+1","Headbutt+1","Flex+1"],"relics":["Burning Blood","Ornamental Fan","Sundial","Astrolabe"],"potions_floor_usage":[16,20],"damage_taken":[{"damage":7,"enemies":"Small Slimes","floor":1,"turns":4},{"damage":0,"enemies":"2 Louse","floor":3,"turns":3},{"damage":7,"enemies":"Jaw Worm","floor":4,"turns":3},{"damage":38,"enemies":"Lagavulin Event","floor":11,"turns":6},{"damage":3,"enemies":"2 Fungi Beasts","floor":12,"turns":3},{"damage":2,"enemies":"Exordium Thugs","floor":14,"turns":3},{"damage":38,"enemies":"The Guardian","floor":16,"turns":10},{"damage":21,"enemies":"Spheric Guardian","floor":18,"turns":5},{"damage":41,"enemies":"3 Byrds","floor":19,"turns":5},{"damage":23,"enemies":"3 Cultists","floor":20,"turns":4}],"seed_played":"5307238784236233646","potions_obtained":[{"floor":1,"key":"Ancient Potion"},{"floor":11,"key":"Swift Potion"},{"floor":16,"key":"Ancient Potion"},{"floor":18,"key":"Strength Potion"}],"is_trial":false,"path_per_floor":["M","?","M","M","$","R","?","R","T","R","?","M","R","M","R","B",null,"M","M"],"character_chosen":"IRONCLAD","items_purchased":[],"campfire_rested":0,"item_purchase_floors":[],"current_hp_per_floor":[71,76,82,81,81,81,81,81,81,81,49,52,52,56,56,24,70,55,20,0],"gold":307,"neow_bonus":"","is_prod":false,"is_daily":false,"chose_seed":false,"campfire_upgraded":5,"win_rate":0,"timestamp":1532797312,"path_taken":["M","?","M","M","$","R","?","R","T","R","?","M","R","M","R","BOSS","M","M","M"],"build_version":"2018-07-26","purchased_purges":1,"victory":false,"max_hp_per_floor":[80,85,85,85,85,85,85,85,85,85,85,85,85,85,85,85,85,85,85,85],"card_choices":[{"not_picked":["Havoc","Body Slam"],"picked":"Shockwave","floor":1},{"not_picked":["Body Slam","Fire Breathing"],"picked":"Searing Blow","floor":3},{"not_picked":["Heavy Blade","Blood for Blood"],"picked":"Shrug It Off","floor":4},{"not_picked":["Juggernaut","Sentinel"],"picked":"Metallicize","floor":11},{"not_picked":["Pummel","Iron Wave"],"picked":"Evolve","floor":12},{"not_picked":["Clothesline","Blood for Blood","Sentinel"],"picked":"SKIP","floor":14},{"not_picked":["Fiend Fire","Feed"],"picked":"Double Tap","floor":16},{"not_picked":["Uppercut","Havoc","Clothesline"],"picked":"SKIP","floor":18},{"not_picked":["Warcry","Clothesline","Armaments"],"picked":"SKIP","floor":19}],"player_experience":398265,"relics_obtained":[{"floor":9,"key":"Ornamental Fan"},{"floor":11,"key":"Sundial"}],"event_choices":[{"event_name":"Big Fish","player_choice":"Donut","floor":2,"damage_taken":0},{"event_name":"Liars Game","player_choice":"disagreed","floor":7,"damage_taken":0},{"event_name":"Dead Adventurer","player_choice":"Searched \u00272\u0027 times","floor":11,"damage_taken":0}],"is_beta":false,"boss_relics":[{"not_picked":["White Beast Statue","Eternal Feather"],"picked":"Astrolabe"}],"items_purged_floors":[5],"is_endless":false,"potions_floor_spawned":[1,11,16,18],"killed_by":"3 Cultists","ascension_level":10}