{"gold_per_floor":[111,127,202,202,213,213,233,243,243,243,243,243,268,286,286,391,391,401,181,96,96,96,96,130,130,153,163,180,78,78],"floor_reached":30,"playtime":2870,"items_purged":["Defend_B"],"score":299,"play_id":"796087c4-315a-4dc1-a32b-68c8db3c9cb0","local_time":"20190103185022","is_ascension_mode":true,"campfire_choices":[{"data":"Redo","floor":6,"key":"SMITH"},{"floor":11,"key":"RECALL"},{"floor":15,"key":"REST"},{"data":"Fission","floor":23,"key":"SMITH"},{"data":"White Noise","floor":25,"key":"SMITH"}],"neow_cost":"NONE","seed_source_timestamp":19243391694813,"circlet_count":0,"master_deck":["Defend_B+1","Zap+1","Dualcast","Blizzard","Redo+1","Sweeping Beam","Tempest","Core Surge","Coolheaded","Fission+1","Barrage+1","Skim+1","Force Field+1","Recycle+1","White Noise+1","Barrage","Coolheaded","Darkness+1","White Noise"],"relics":["Cracked Core","Anchor","Astrolabe","Strawberry","Orichalcum","Meat on the Bone","Kunai","Regal Pillow"],"potions_floor_usage":[8,16,18,27,30],"damage_taken":[{"damage":8,"enemies":"2 Louse","floor":1,"turns":2},{"damage":2,"enemies":"Jaw Worm","floor":2,"turns":3},{"damage":5,"enemies":"Small Slimes","floor":5,"turns":2},{"damage":0,"enemies":"3 Louse","floor":7,"turns":3},{"damage":7,"enemies":"Exordium Wildlife","floor":8,"turns":2},{"damage":3,"enemies":"Blue Slaver","floor":14,"turns":3},{"damage":29,"enemies":"Hexaghost","floor":16,"turns":12},{"damage":23,"enemies":"Shell Parasite","floor":18,"turns":9},{"damage":20,"enemies":"Gremlin Leader","floor":24,"turns":4},{"damage":0,"enemies":"3 Byrds","floor":27,"turns":3},{"damage":0,"enemies":"Snecko","floor":28,"turns":3},{"damage":54,"enemies":"Slavers","floor":30,"turns":5}],"seed_played":"6143983361700545358","potions_obtained":[{"floor":2,"key":"Energy Potion"},{"floor":5,"key":"PowerPotion"},{"floor":7,"key":"GamblersBrew"},{"floor":24,"key":"SkillPotion"},{"floor":28,"key":"SpeedPotion"}],"is_trial":false,"path_per_floor":["M","M","?","?","M","R","M","M","T","?","R","?","T","M","R","B",null,"M","$","?","?","T","R","E","R","T","M","M","$","E"],"character_chosen":"DEFECT","items_purchased":["Strawberry","Fruit Juice"],"campfire_rested":1,"item_purchase_floors":[19,29],"current_hp_per_floor":[74,72,61,61,56,56,56,49,49,42,42,26,26,23,47,18,82,59,66,66,66,66,66,46,46,46,46,46,46,0],"gold":78,"neow_bonus":"TEN_PERCENT_HP_BONUS","is_prod":false,"is_daily":false,"chose_seed":false,"campfire_upgraded":3,"win_rate":0,"timestamp":1546559422,"path_taken":["M","M","?","?","M","R","M","M","T","?","R","?","?","M","R","BOSS","M","$","?","?","?","R","E","R","T","M","M","$","E"],"build_version":"2018-12-20","purchased_purges":1,"victory":false,"max_hp_per_floor":[82,82,82,82,82,82,82,82,82,82,82,82,82,82,82,82,82,82,89,89,89,89,89,89,89,89,89,89,89,94],"card_choices":[{"not_picked":["Redo","Skim"],"picked":"Blizzard","floor":1},{"not_picked":["Steam","Reprogram"],"picked":"Redo","floor":2},{"not_picked":["Go for the Eyes","Beam Cell"],"picked":"Sweeping Beam","floor":5},{"not_picked":["Turbo","Compile Driver"],"picked":"Tempest","floor":7},{"not_picked":["Rebound","Steam"],"picked":"Core Surge","floor":8},{"not_picked":["Stack","Cold Snap"],"picked":"Coolheaded","floor":14},{"not_picked":["Machine Learning","Thunder Strike"],"picked":"Fission","floor":16},{"not_picked":["Conserve Battery","Ball Lightning"],"picked":"Recycle+1","floor":18},{"not_picked":["Aggregate+1","Storm"],"picked":"Coolheaded","floor":24},{"not_picked":["Turbo","Fusion"],"picked":"Darkness+1","floor":27},{"not_picked":["Beam Cell","Go for the Eyes"],"picked":"White Noise","floor":28}],"player_experience":233812,"relics_obtained":[{"floor":13,"key":"Anchor"},{"floor":22,"key":"Meat on the Bone"},{"floor":24,"key":"Kunai"},{"floor":26,"key":"Regal Pillow"}],"event_choices":[{"damage_healed":0,"gold_gain":75,"player_choice":"Gather Gold","damage_taken":11,"max_hp_gain":0,"max_hp_loss":0,"event_name":"World of Goop","floor":3,"gold_loss":0},{"damage_healed":0,"gold_gain":0,"player_choice":"Grow","damage_taken":0,"max_hp_gain":0,"max_hp_loss":0,"event_name":"Living Wall","floor":4,"gold_loss":0,"cards_upgraded":["Zap"]},{"cards_removed":["Strike_B"],"damage_healed":0,"gold_gain":0,"player_choice":"Card Removal","damage_taken":7,"max_hp_gain":0,"max_hp_loss":0,"event_name":"Golden Wing","floor":10,"gold_loss":0},{"damage_healed":0,"gold_gain":0,"player_choice":"Entered Light","damage_taken":16,"max_hp_gain":0,"max_hp_loss":0,"event_name":"Shining Light","floor":12,"gold_loss":0,"cards_upgraded":["Defend_B","Strike_B"]},{"damage_healed":0,"gold_gain":0,"player_choice":"Obtained Relic","damage_taken":0,"relics_obtained":["Orichalcum"],"max_hp_gain":0,"max_hp_loss":0,"event_name":"Addict","floor":20,"gold_loss":85},{"damage_healed":0,"gold_gain":0,"cards_transformed":["Defend_B","Strike_B"],"player_choice":"Became Test Subject","damage_taken":0,"max_hp_gain":0,"max_hp_loss":0,"event_name":"Drug Dealer","floor":21,"gold_loss":0,"cards_obtained":["White Noise","Barrage"]}],"is_beta":false,"boss_relics":[{"not_picked":["Black Star","Lizard Tail"],"picked":"Astrolabe"}],"items_purged_floors":[19],"is_endless":false,"potions_floor_spawned":[2,5,7,24,28],"killed_by":"Slavers","ascension_level":3}