{"gold_per_floor":[110,58,58,70,70,70,101,101,101,26,26,26,43,58,58,135,135,155,167,167,167,12,43,93,93,120,132,32,47,58,58],"floor_reached":31,"playtime":1192,"items_purged":["Decay","Injury"],"score":514,"play_id":"f4f87f5c-c5fd-46b5-8dcb-df817acfc5be","local_time":"20190328122626","is_ascension_mode":true,"campfire_choices":[{"data":"Perfected Strike","floor":6.0,"key":"SMITH"},{"data":"Perfected Strike","floor":8.0,"key":"SMITH"},{"data":"Cleave","floor":11.0,"key":"SMITH"},{"data":"Rage","floor":15.0,"key":"SMITH"},{"floor":25.0,"key":"REST"}],"neow_cost":"NONE","seed_source_timestamp":0,"circlet_count":0,"master_deck":["AscendersBane","Strike_R","Strike_R","Strike_R","Strike_R","Strike_R","Defend_R","Defend_R","Defend_R","Bash","Perfected Strike+1","Clash","Cleave+1","Perfected Strike+1","Rage+1","Battle Trance","Double Tap","Demon Form","Shrug It Off","Rage","Thunderclap","Shrug It Off","Twin Strike"],"special_seed":0,"relics":["Burning Blood","NeowsBlessing","Dodecahedron","Red Skull","Kunai","Calling Bell","Darkstone Periapt","Regal Pillow","Thread and Needle","Bottled Flame","Juzu Bracelet"],"potions_floor_usage":[],"damage_taken":[{"damage":0.0,"enemies":"Jaw Worm","floor":1.0,"turns":1.0},{"damage":0.0,"enemies":"2 Louse","floor":4.0,"turns":2.0},{"damage":0.0,"enemies":"Lagavulin","floor":7.0,"turns":1.0},{"damage":0.0,"enemies":"Cultist","floor":13.0,"turns":2.0},{"damage":0.0,"enemies":"2 Fungi Beasts","floor":14.0,"turns":2.0},{"damage":41.0,"enemies":"The Guardian","floor":16.0,"turns":7.0},{"damage":23.0,"enemies":"Spheric Guardian","floor":18.0,"turns":4.0},{"damage":42.0,"enemies":"2 Thieves","floor":19.0,"turns":4.0},{"damage":2.0,"enemies":"Gremlin Leader","floor":23.0,"turns":6.0},{"damage":38.0,"enemies":"Shelled Parasite and Fungi","floor":27.0,"turns":5.0},{"damage":6.0,"enemies":"Snecko","floor":29.0,"turns":4.0},{"damage":33.0,"enemies":"Chosen and Byrds","floor":30.0,"turns":5.0},{"damage":20,"enemies":"Cultist and Chosen","floor":31,"turns":3}],"seed_played":"-4233484989705244674","potions_obtained":[{"floor":4.0,"key":"PowerPotion"},{"floor":7.0,"key":"FearPotion"},{"floor":16.0,"key":"Fruit Juice"},{"floor":18.0,"key":"FearPotion"},{"floor":19.0,"key":"Block Potion"},{"floor":23.0,"key":"SteroidPotion"}],"is_trial":false,"path_per_floor":["M","$","?","M","?","R","E","R","T","?","R","T","M","M","R","B",null,"M","M","?","?","$","E","?","R","T","M","$","M","M","M"],"character_chosen":"IRONCLAD","items_purchased":["Clash","Rage"],"campfire_rested":1,"item_purchase_floors":[2,22],"current_hp_per_floor":[74,74,79,80,80,80,80,80,80,80,80,80,80,80,80,50,76,59,23,23,23,23,27,27,67,67,35,35,35,8,0],"gold":58,"neow_bonus":"THREE_ENEMY_KILL","is_prod":false,"is_daily":false,"chose_seed":false,"campfire_upgraded":4,"win_rate":0,"timestamp":1553784986,"path_taken":["M","$","?","M","?","R","E","R","T","?","R","?","M","?","R","BOSS","M","?","?","?","$","E","?","R","T","M","$","M","M","M"],"build_version":"2019-01-23","purchased_purges":2,"victory":false,"max_hp_per_floor":[75,75,80,80,80,80,80,80,80,80,80,80,80,80,80,85,85,85,85,85,85,85,85,85,85,85,85,85,85,85,85],"card_choices":[{"not_picked":["Clash","Anger"],"picked":"Perfected Strike","floor":1.0},{"not_picked":["Headbutt","Infernal Blade"],"picked":"Cleave","floor":4.0},{"not_picked":["Thunderclap","Armaments"],"picked":"Perfected Strike","floor":7.0},{"not_picked":["Headbutt","Inflame"],"picked":"Rage","floor":13.0},{"not_picked":["Clash","Spot Weakness"],"picked":"Battle Trance","floor":14.0},{"not_picked":["Reaper","Demon Form"],"picked":"Double Tap","floor":16.0},{"not_picked":["Reckless Charge+1","Wild Strike+1"],"picked":"Demon Form","floor":18.0},{"not_picked":["Entrench","Iron Wave"],"picked":"Shrug It Off","floor":19.0},{"not_picked":["Warcry","Battle Trance"],"picked":"Thunderclap","floor":23.0},{"not_picked":["Sword Boomerang","Shrug It Off","True Grit"],"picked":"SKIP","floor":27.0},{"not_picked":["Sword Boomerang","True Grit"],"picked":"Shrug It Off","floor":27.0},{"not_picked":["Sword Boomerang","Battle Trance"],"picked":"Twin Strike","floor":29.0},{"not_picked":["Clash","Burning Pact","Combust"],"picked":"SKIP","floor":30.0}],"player_experience":1124343,"relics_obtained":[{"floor":7.0,"key":"Dodecahedron"},{"floor":9.0,"key":"Red Skull"},{"floor":12.0,"key":"Kunai"},{"floor":17.0,"key":"Darkstone Periapt"},{"floor":17.0,"key":"Regal Pillow"},{"floor":17.0,"key":"Thread and Needle"},{"floor":23.0,"key":"Bottled Flame"},{"floor":26.0,"key":"Juzu Bracelet"}],"event_choices":[{"damage_healed":0.0,"max_hp_gain":5.0,"max_hp_loss":0.0,"gold_gain":0.0,"event_name":"Big Fish","player_choice":"Donut","floor":3.0,"gold_loss":0.0,"damage_taken":0.0},{"damage_healed":0.0,"max_hp_gain":0.0,"max_hp_loss":0.0,"gold_gain":0.0,"event_name":"Liars Game","player_choice":"Ignored","floor":5.0,"gold_loss":0.0,"damage_taken":0.0},{"cards_removed":["Defend_R"],"damage_healed":0.0,"max_hp_gain":0.0,"max_hp_loss":0.0,"gold_gain":0.0,"event_name":"The Cleric","player_choice":"Card Removal","floor":10.0,"gold_loss":75.0,"damage_taken":0.0},{"cards_removed":["Regret"],"damage_healed":0.0,"max_hp_gain":0.0,"max_hp_loss":0.0,"gold_gain":0.0,"event_name":"Back to Basics","player_choice":"Elegance","floor":20.0,"gold_loss":0.0,"damage_taken":0.0},{"damage_healed":0.0,"max_hp_gain":0.0,"max_hp_loss":0.0,"gold_gain":0.0,"event_name":"Ghosts","player_choice":"Ignored","floor":21.0,"gold_loss":0.0,"damage_taken":0.0},{"damage_healed":0.0,"max_hp_gain":0.0,"max_hp_loss":0.0,"gold_gain":50.0,"event_name":"Golden Shrine","player_choice":"Pray","floor":24.0,"gold_loss":0.0,"damage_taken":0.0}],"is_beta":false,"boss_relics":[{"not_picked":["Mark of Pain","Runic Dome"],"picked":"Calling Bell"}],"items_purged_floors":[22,28],"is_endless":false,"potions_floor_spawned":[4,7,13,16,18,19,23],"killed_by":"Cultist and Chosen","ascension_level":17}