{"gold_per_floor":[110,110,124,0,19,19,31,31,31,51,51,51,126,146,146,271,271,294,294,312,335,356,377,391,391,416,440,81,104,104,129,129,252,252,275,298,2,335,381,381,164,180,180,180,180,180,192,203,203,203],"floor_reached":50,"playtime":5736,"items_purged":["Strike_B","Injury","Strike_B"],"score":515,"play_id":"c00d995e-d0b2-4e3e-b586-b81e8a95b9a3","local_time":"20181124220210","is_ascension_mode":false,"campfire_choices":[{"floor":6,"key":"RECALL"},{"data":"Chaos","floor":8,"key":"SMITH"},{"data":"Hologram","floor":12,"key":"SMITH"},{"data":"Creative AI","floor":15,"key":"SMITH"},{"floor":25,"key":"REST"},{"floor":30,"key":"REST"},{"data":"Bandage Up","floor":32,"key":"SMITH"},{"data":"Fission","floor":40,"key":"SMITH"},{"data":"Jack Of All Trades","floor":44,"key":"SMITH"},{"data":"Dualcast","floor":46,"key":"SMITH"},{"data":"Defragment","floor":49,"key":"SMITH"}],"neow_cost":"NONE","seed_source_timestamp":242576615947012,"circlet_count":0,"master_deck":["Defend_B","Defend_B","Zap+1","Dualcast+1","Hologram+1","Conserve Battery","Coolheaded","Glacier","Chaos+1","Melter","Creative AI+1","All For One","Core Surge+1","Undo+1","Recycle+1","Rip and Tear","Rip and Tear","Biased Cognition","Force Field","Go for the Eyes","Beam Cell","Loop","White Noise+1","Gash","Defragment+1","Panache","Bandage Up+1","Chill","Seek","Stack+1","Fission+1","Doom and Gloom","Jack Of All Trades+1","Storm+1"],"relics":["Cracked Core","Astrolabe","Juzu Bracelet","Coffee Dripper","Calipers","Orichalcum"],"potions_floor_usage":[18,18,21,21,22,23,29,42,50],"damage_taken":[{"damage":6,"enemies":"Jaw Worm","floor":1,"turns":3},{"damage":0,"enemies":"2 Louse","floor":3,"turns":2},{"damage":0,"enemies":"Cultist","floor":5,"turns":4},{"damage":5,"enemies":"Lots of Slimes","floor":7,"turns":6},{"damage":3,"enemies":"Blue Slaver","floor":10,"turns":3},{"damage":5,"enemies":"Large Slime","floor":14,"turns":6},{"damage":0,"enemies":"The Guardian","floor":16,"turns":12},{"damage":2,"enemies":"3 Byrds","floor":18,"turns":4},{"damage":10,"enemies":"Shell Parasite","floor":20,"turns":5},{"damage":3,"enemies":"Snecko","floor":21,"turns":4},{"damage":12,"enemies":"Snake Plant","floor":22,"turns":6},{"damage":10,"enemies":"Centurion and Healer","floor":23,"turns":6},{"damage":20,"enemies":"Shelled Parasite and Fungi","floor":24,"turns":6},{"damage":21,"enemies":"Snecko","floor":27,"turns":8},{"damage":0,"enemies":"Snake Plant","floor":29,"turns":4},{"damage":8,"enemies":"Centurion and Healer","floor":31,"turns":8},{"damage":20,"enemies":"Automaton","floor":33,"turns":10},{"damage":10,"enemies":"3 Shapes","floor":35,"turns":3},{"damage":4,"enemies":"Orb Walker","floor":36,"turns":4},{"damage":54,"enemies":"2 Orb Walkers","floor":39,"turns":6},{"damage":0,"enemies":"Transient","floor":42,"turns":5},{"damage":10,"enemies":"Sphere and 2 Shapes","floor":47,"turns":3},{"damage":0,"enemies":"Maw","floor":48,"turns":7},{"damage":30,"enemies":"Donu and Deca","floor":50,"turns":2}],"seed_played":"-358277072007890829","potions_obtained":[{"floor":5,"key":"SkillPotion"},{"floor":10,"key":"Swift Potion"},{"floor":14,"key":"Fire Potion"},{"floor":18,"key":"Fire Potion"},{"floor":20,"key":"PowerPotion"},{"floor":21,"key":"Swift Potion"},{"floor":24,"key":"Strength Potion"},{"floor":39,"key":"FocusPotion"},{"floor":47,"key":"FocusPotion"}],"is_trial":false,"path_per_floor":["M","?","M","$","M","R","M","R","T","M","?","R","?","M","R","B",null,"M","?","M","M","M","M","M","R","T","M","$","M","R","M","R","B",null,"M","M","$","?","?","R","$","M","T","R","?","R","M","M","R","B"],"character_chosen":"DEFECT","items_purchased":["Coolheaded","Defragment","Panache","Bandage Up","Fission","Doom and Gloom","Jack Of All Trades"],"campfire_rested":2,"item_purchase_floors":[4,28,28,28,37,37,41],"current_hp_per_floor":[69,69,69,69,69,69,64,64,64,61,61,61,50,45,45,45,75,73,73,63,60,48,38,18,40,40,19,19,23,45,41,41,27,75,65,67,67,67,19,19,19,25,25,25,25,25,21,27,27,0],"gold":203,"neow_bonus":"UPGRADE_CARD","is_prod":false,"is_daily":false,"chose_seed":false,"campfire_upgraded":8,"win_rate":0,"timestamp":1543114930,"path_taken":["M","?","M","$","M","R","M","R","T","M","?","R","?","M","R","BOSS","M","?","M","M","?","M","?","R","T","M","?","M","R","M","R","BOSS","M","M","$","?","?","R","$","M","T","R","?","R","M","M","R","BOSS"],"build_version":"2018-11-15","purchased_purges":3,"victory":false,"max_hp_per_floor":[75,75,75,75,75,75,75,75,75,75,75,75,75,75,75,75,75,75,75,75,75,75,75,75,75,75,75,75,75,75,75,75,75,75,75,75,75,75,75,75,75,75,75,75,75,75,75,75,75,75],"card_choices":[{"not_picked":["Compile Driver","Double Energy"],"picked":"Hologram","floor":1},{"not_picked":["Aggregate","Hologram"],"picked":"Conserve Battery","floor":3},{"not_picked":["Force Field","Beam Cell"],"picked":"Glacier","floor":5},{"not_picked":["Ball Lightning","Heatsinks"],"picked":"Chaos","floor":7},{"not_picked":["Gash","Rebound"],"picked":"Melter","floor":10},{"not_picked":["FTL","Barrage"],"picked":"Creative AI","floor":14},{"not_picked":["Meteor Strike","Hyperbeam"],"picked":"All For One","floor":16},{"not_picked":["Steam","Sweeping Beam"],"picked":"Rip and Tear","floor":18},{"not_picked":["Recycle+1","Steam"],"picked":"Force Field","floor":20},{"not_picked":["Consume","Conserve Battery"],"picked":"Go for the Eyes","floor":21},{"not_picked":["BootSequence","Hologram"],"picked":"Beam Cell","floor":22},{"not_picked":["Double Energy","Turbo+1"],"picked":"Loop","floor":23},{"not_picked":["Gash+1","Steam Power"],"picked":"White Noise+1","floor":24},{"not_picked":["Sweeping Beam","Reinforced Body"],"picked":"Gash","floor":27},{"not_picked":["Recycle+1","Conserve Battery"],"picked":"Chill","floor":29},{"not_picked":["Streamline","Melter","Sweeping Beam"],"picked":"SKIP","floor":31},{"not_picked":["Reboot","All For One"],"picked":"Seek","floor":33},{"not_picked":["Streamline+1","Turbo"],"picked":"Stack+1","floor":35},{"not_picked":["Rip and Tear+1","Turbo+1","Compile Driver+1"],"picked":"SKIP","floor":36},{"not_picked":["Sweeping Beam","Cold Snap+1"],"picked":"Beam Cell+1","floor":42},{"not_picked":["Fusion","Double Energy","Coolheaded+1"],"picked":"SKIP","floor":47},{"not_picked":["Rip and Tear","Turbo+1"],"picked":"Storm+1","floor":48}],"player_experience":40118,"relics_obtained":[{"floor":26,"key":"Juzu Bracelet"},{"floor":39,"key":"Calipers"},{"floor":43,"key":"Orichalcum"}],"event_choices":[{"cards_removed":["Strike_B"],"damage_healed":0,"gold_gain":0,"player_choice":"Forget","damage_taken":0,"max_hp_gain":0,"max_hp_loss":0,"event_name":"Living Wall","floor":2,"gold_loss":0},{"damage_healed":0,"gold_gain":0,"player_choice":"Take Wound","damage_taken":0,"relics_obtained":["Golden Idol"],"max_hp_gain":0,"max_hp_loss":0,"event_name":"Golden Idol","floor":11,"gold_loss":0,"cards_obtained":["Injury"]},{"damage_healed":0,"gold_gain":75,"player_choice":"Gather Gold","damage_taken":11,"max_hp_gain":0,"max_hp_loss":0,"event_name":"World of Goop","floor":13,"gold_loss":0},{"damage_healed":0,"gold_gain":0,"player_choice":"2 cards matched","damage_taken":0,"max_hp_gain":0,"max_hp_loss":0,"event_name":"Match and Keep!","floor":19,"gold_loss":0,"cards_obtained":["Rip and Tear","Biased Cognition"]},{"damage_healed":0,"gold_gain":0,"player_choice":"2 cards matched","damage_taken":0,"max_hp_gain":0,"max_hp_loss":0,"event_name":"Match and Keep!","floor":19,"gold_loss":0,"cards_obtained":["Rip and Tear","Biased Cognition"]},{"damage_healed":0,"gold_gain":333,"player_choice":"Gave Idol","damage_taken":0,"max_hp_gain":0,"max_hp_loss":0,"event_name":"The Moai Head","floor":38,"relics_lost":["Golden Idol"],"gold_loss":0},{"damage_healed":0,"gold_gain":0,"player_choice":"Fight","damage_taken":0,"max_hp_gain":0,"max_hp_loss":0,"event_name":"Mysterious Sphere","floor":39,"gold_loss":0},{"cards_removed":["Beam Cell"],"damage_healed":0,"gold_gain":0,"player_choice":"Removed Attack","damage_taken":0,"max_hp_gain":0,"max_hp_loss":0,"event_name":"Falling","floor":45,"gold_loss":0}],"is_beta":false,"boss_relics":[{"not_picked":["White Beast Statue","Snecko Eye"],"picked":"Astrolabe"},{"not_picked":["Orrery","Black Star"],"picked":"Coffee Dripper"}],"items_purged_floors":[4,37,41],"is_endless":false,"potions_floor_spawned":[5,10,14,18,20,21,24,39,47],"killed_by":"Donu and Deca","ascension_level":0}