{"gold_per_floor":[109,122,135,16,31,31,31,63,89,100,120,138,138,155,155,251,251,270,30,30,30,41,41,66,66,66,76,92,92,142,142],"floor_reached":31,"playtime":6693,"items_purged":[],"score":464,"play_id":"77f4316f-89cb-4223-a79e-9b4862a6e815","local_time":"20181120140535","is_ascension_mode":true,"campfire_choices":[{"data":"Neutralize","floor":6.0,"key":"SMITH"},{"floor":13.0,"key":"REST"},{"data":"Deflect","floor":15.0,"key":"SMITH"},{"data":"A Thousand Cuts","floor":23.0,"key":"SMITH"},{"data":"Cloak And Dagger","floor":25.0,"key":"SMITH"}],"neow_cost":"TEN_PERCENT_HP_LOSS","seed_source_timestamp":1655730551300428,"circlet_count":0,"master_deck":["AscendersBane","Defend_G","Defend_G","Defend_G","Defend_G","Strike_G","Strike_G","Strike_G","Strike_G","Strike_G","Survivor","Neutralize+1","After Image","Choke","Blur","Dagger Spray","Well Laid Plans","Deflect+1","Quick Slash","Dagger Spray","Cloak And Dagger+1","A Thousand Cuts+1","Cloak And Dagger","Backflip","Cloak And Dagger"],"special_seed":0,"relics":["Ring of the Snake","Vajra","Smiling Mask","Sozu","Kunai","Snake Skull","Turnip","Ice Cream","Pantograph"],"potions_floor_usage":[],"damage_taken":[{"damage":1.0,"enemies":"Cultist","floor":1.0,"turns":5.0},{"damage":1.0,"enemies":"2 Louse","floor":2.0,"turns":3.0},{"damage":0.0,"enemies":"Jaw Worm","floor":3.0,"turns":6.0},{"damage":4.0,"enemies":"Looter","floor":5.0,"turns":4.0},{"damage":31.0,"enemies":"Lagavulin","floor":8.0,"turns":9.0},{"damage":8.0,"enemies":"Lots of Slimes","floor":10.0,"turns":3.0},{"damage":10.0,"enemies":"3 Louse","floor":11.0,"turns":3.0},{"damage":1.0,"enemies":"Exordium Wildlife","floor":12.0,"turns":4.0},{"damage":2.0,"enemies":"Red Slaver","floor":14.0,"turns":4.0},{"damage":0.0,"enemies":"Hexaghost","floor":16.0,"turns":9.0},{"damage":16.0,"enemies":"Shell Parasite","floor":18.0,"turns":4.0},{"damage":1.0,"enemies":"Spheric Guardian","floor":22.0,"turns":6.0},{"damage":8.0,"enemies":"Gremlin Leader","floor":24.0,"turns":8.0},{"damage":0.0,"enemies":"Centurion and Healer","floor":27.0,"turns":5.0},{"damage":0.0,"enemies":"Sentry and Sphere","floor":28.0,"turns":5.0},{"damage":17.0,"enemies":"Colosseum Slavers","floor":29.0,"turns":6.0},{"damage":16,"enemies":"Chosen and Byrds","floor":31,"turns":6}],"seed_played":"3930329722769970006","potions_obtained":[{"floor":3.0,"key":"LiquidBronze"},{"floor":10.0,"key":"Strength Potion"},{"floor":12.0,"key":"SteroidPotion"},{"floor":16.0,"key":"Fire Potion"}],"is_trial":false,"path_per_floor":["M","M","M","$","M","R","?","E","T","M","M","M","R","M","R","B",null,"M","$","?","?","M","R","E","R","T","M","M","?","?","M"],"character_chosen":"THE_SILENT","items_purchased":["Well Laid Plans","Deflect","Kunai"],"campfire_rested":1,"item_purchase_floors":[4,4,19],"current_hp_per_floor":[62,61,61,61,57,57,57,26,26,18,8,7,25,23,23,23,53,37,37,37,37,36,36,28,28,28,28,28,11,11,0],"gold":142,"neow_bonus":"THREE_RARE_CARDS","is_prod":false,"is_daily":false,"chose_seed":false,"campfire_upgraded":4,"win_rate":0,"timestamp":1542751535,"path_taken":["M","?","?","$","M","R","?","E","T","M","M","?","R","M","R","BOSS","M","$","?","?","M","R","E","R","T","?","M","?","?","?"],"build_version":"2018-11-15","purchased_purges":0,"victory":false,"max_hp_per_floor":[63,63,63,63,63,63,63,63,63,63,63,63,63,63,63,63,63,63,63,63,63,63,63,63,63,63,63,63,63,63,63],"card_choices":[{"not_picked":["Doppelganger","Adrenaline"],"picked":"After Image","floor":0.0},{"not_picked":["Sucker Punch","Flechettes"],"picked":"Choke","floor":1.0},{"not_picked":["Prepared","Outmaneuver"],"picked":"Blur","floor":2.0},{"not_picked":["Choke","Expertise"],"picked":"Dagger Spray","floor":3.0},{"not_picked":["Bouncing Flask","Setup","Dagger Spray"],"picked":"SKIP","floor":5.0},{"not_picked":["Reflex","Dodge and Roll"],"picked":"Quick Slash","floor":8.0},{"not_picked":["Bouncing Flask","Tactician","Masterful Stab"],"picked":"SKIP","floor":10.0},{"not_picked":["Underhanded Strike","Acrobatics"],"picked":"Dagger Spray","floor":11.0},{"not_picked":["Heel Hook","Deadly Poison","Bane"],"picked":"SKIP","floor":12.0},{"not_picked":["Predator","PiercingWail"],"picked":"Cloak And Dagger","floor":14.0},{"not_picked":["Night Terror","Storm of Steel"],"picked":"A Thousand Cuts","floor":16.0},{"not_picked":["Dodge and Roll+1","Dagger Spray"],"picked":"Cloak And Dagger","floor":18.0},{"not_picked":["Well Laid Plans+1","PiercingWail","Reflex"],"picked":"SKIP","floor":22.0},{"not_picked":["Flying Knee","PiercingWail+1"],"picked":"Backflip","floor":24.0},{"not_picked":["Bane","Outmaneuver","All Out Attack"],"picked":"SKIP","floor":27.0},{"not_picked":["Dagger Throw","Setup"],"picked":"Cloak And Dagger","floor":28.0}],"player_experience":566421,"relics_obtained":[{"floor":8.0,"key":"Vajra"},{"floor":9.0,"key":"Smiling Mask"},{"floor":24.0,"key":"Ice Cream"},{"floor":26.0,"key":"Pantograph"}],"event_choices":[{"cards_removed":["Defend_G"],"damage_healed":0.0,"max_hp_gain":0.0,"max_hp_loss":0.0,"gold_gain":0.0,"event_name":"Bonfire Elementals","player_choice":"Offered Basic","floor":7.0,"gold_loss":0.0,"damage_taken":0.0},{"damage_healed":0.0,"max_hp_gain":0.0,"max_hp_loss":0.0,"gold_gain":0.0,"event_name":"The Mausoleum","player_choice":"Opened","floor":20.0,"gold_loss":0.0,"damage_taken":0.0,"relics_obtained":["Snake Skull"]},{"damage_healed":0.0,"max_hp_gain":0.0,"max_hp_loss":0.0,"gold_gain":0.0,"event_name":"WeMeetAgain","player_choice":"Gave Potion","floor":21.0,"gold_loss":0.0,"damage_taken":0.0,"relics_obtained":["Turnip"]},{"damage_healed":0.0,"max_hp_gain":0.0,"max_hp_loss":0.0,"gold_gain":0.0,"event_name":"Colosseum","player_choice":"Fight","floor":29.0,"gold_loss":0.0,"damage_taken":0.0},{"damage_healed":0.0,"max_hp_gain":0.0,"max_hp_loss":0.0,"gold_gain":0.0,"event_name":"Colosseum","player_choice":"Fled From Nobs","floor":29.0,"gold_loss":0.0,"damage_taken":0.0},{"damage_healed":0,"gold_gain":100,"player_choice":"Bet on Murderer","damage_taken":0,"max_hp_gain":0,"max_hp_loss":0,"event_name":"The Joust","floor":30,"gold_loss":50}],"is_beta":false,"boss_relics":[{"not_picked":["Runic Pyramid","Eternal Feather"],"picked":"Sozu"}],"items_purged_floors":[],"is_endless":false,"potions_floor_spawned":[3,10,12,16,27,29],"killed_by":"Chosen and Byrds","ascension_level":10}