{"gold_per_floor":[112,112,128,53,70,70,87,87,87,87,120,131,131,81,81,183,183,169,94,32,32,32,32,43,71,94,94],"floor_reached":27,"playtime":1131,"items_purged":["Strike_B"],"score":347,"play_id":"da16321a-d962-4211-b7d1-ef9f3b739f3a","local_time":"20190322093108","is_ascension_mode":true,"campfire_choices":[{"data":"Zap","floor":6.0,"key":"SMITH"},{"data":"Gash","floor":8.0,"key":"SMITH"},{"data":"Scrape","floor":13.0,"key":"SMITH"},{"data":"Gash","floor":15.0,"key":"SMITH"},{"floor":23.0,"key":"REST"}],"neow_cost":"TEN_PERCENT_HP_LOSS","seed_source_timestamp":0,"circlet_count":0,"master_deck":["AscendersBane","Strike_B","Strike_B","Defend_B","Defend_B+1","Defend_B","Defend_B+1","Zap+1","Dualcast+1","All For One","Sunder","Self Repair","Scrape+1","Gash+1","Sunder","Gash+1","Machine Learning","Regret","Pain","Pain","Glacier","FTL","J.A.X.","Stack","Coolheaded"],"special_seed":0,"relics":["Cracked Core","PreservedInsect","Blue Candle","War Paint","Calling Bell","Vajra","The Courier","Torii","Happy Flower","Regal Pillow"],"potions_floor_usage":[25,25],"damage_taken":[{"damage":10.0,"enemies":"Small Slimes","floor":1.0,"turns":3.0},{"damage":7.0,"enemies":"Jaw Worm","floor":3.0,"turns":3.0},{"damage":2.0,"enemies":"2 Louse","floor":5.0,"turns":2.0},{"damage":3.0,"enemies":"Blue Slaver","floor":7.0,"turns":3.0},{"damage":10.0,"enemies":"Lagavulin","floor":11.0,"turns":3.0},{"damage":20.0,"enemies":"Gremlin Gang","floor":12.0,"turns":3.0},{"damage":17.0,"enemies":"Slime Boss","floor":16.0,"turns":9.0},{"damage":34.0,"enemies":"2 Thieves","floor":18.0,"turns":4.0},{"damage":0.0,"enemies":"3 Byrds","floor":22.0,"turns":1.0},{"damage":34,"enemies":"Centurion and Healer","floor":24,"turns":4},{"damage":14,"enemies":"Gremlin Leader","floor":25,"turns":5},{"damage":1,"enemies":"Chosen and Byrds","floor":27,"turns":1}],"seed_played":"485536866816068231","potions_obtained":[{"floor":1.0,"key":"SpeedPotion"},{"floor":5.0,"key":"SmokeBomb"},{"floor":12.0,"key":"FocusPotion"},{"floor":24,"key":"Strength Potion"},{"floor":25,"key":"Explosive Potion"}],"is_trial":false,"path_per_floor":["M","?","M","$","M","R","M","R","T","?","E","M","R","$","R","B",null,"M","?","$","?","M","R","M","E","T","M"],"character_chosen":"DEFECT","items_purchased":["Gash","FTL"],"campfire_rested":1,"item_purchase_floors":[14,20],"current_hp_per_floor":[58,58,51,51,56,56,60,60,60,53,50,30,30,30,30,20,56,29,29,29,29,29,49,15,1,1,0],"gold":94,"neow_bonus":"THREE_RARE_CARDS","is_prod":false,"is_daily":false,"chose_seed":false,"campfire_upgraded":4,"win_rate":0,"timestamp":1553261468,"path_taken":["M","?","M","$","M","R","M","R","T","?","E","M","R","$","R","BOSS","M","?","$","?","M","R","M","E","T","M"],"build_version":"2019-01-23","purchased_purges":1,"victory":false,"max_hp_per_floor":[68,68,68,68,68,68,68,68,68,68,68,68,68,68,68,68,68,68,68,68,68,68,68,68,68,68,68],"card_choices":[{"not_picked":["Meteor Strike","Machine Learning"],"picked":"All For One","floor":0.0},{"not_picked":["Lockon","Beam Cell"],"picked":"Sunder","floor":1.0},{"not_picked":["Heatsinks","Reinforced Body"],"picked":"Self Repair","floor":3.0},{"not_picked":["Rebound","Lockon"],"picked":"Scrape","floor":5.0},{"not_picked":["Turbo","Capacitor"],"picked":"Gash","floor":7.0},{"not_picked":["Hologram","Double Energy"],"picked":"Sunder","floor":11.0},{"not_picked":["Ball Lightning","Cold Snap","Compile Driver"],"picked":"SKIP","floor":12.0},{"not_picked":["Fission","Seek"],"picked":"Machine Learning","floor":16.0},{"not_picked":["Ball Lightning","Coolheaded"],"picked":"Glacier","floor":18.0},{"not_picked":["Heatsinks","Redo+1"],"picked":"Stack","floor":24},{"not_picked":["Sweeping Beam","Capacitor"],"picked":"Coolheaded","floor":25}],"player_experience":2500534,"relics_obtained":[{"floor":9.0,"key":"PreservedInsect"},{"floor":11.0,"key":"War Paint"},{"floor":17.0,"key":"Vajra"},{"floor":17.0,"key":"The Courier"},{"floor":17.0,"key":"Torii"},{"floor":25,"key":"Happy Flower"},{"floor":26,"key":"Regal Pillow"}],"event_choices":[{"damage_healed":0.0,"max_hp_gain":0.0,"max_hp_loss":0.0,"gold_gain":0.0,"event_name":"Living Wall","player_choice":"Grow","floor":2.0,"gold_loss":0.0,"damage_taken":0.0,"cards_upgraded":["Dualcast"]},{"damage_healed":0.0,"max_hp_gain":0.0,"max_hp_loss":0.0,"gold_gain":0.0,"event_name":"Scrap Ooze","player_choice":"Success","floor":10.0,"gold_loss":0.0,"damage_taken":7.0,"relics_obtained":["Blue Candle"]},{"cards_removed":["Strike_B"],"damage_healed":0.0,"max_hp_gain":0.0,"max_hp_loss":0.0,"gold_gain":0.0,"event_name":"Beggar","player_choice":"Gave Gold","floor":19.0,"gold_loss":75.0,"damage_taken":0.0},{"damage_healed":0.0,"max_hp_gain":0.0,"max_hp_loss":0.0,"gold_gain":0.0,"event_name":"Drug Dealer","player_choice":"Obtain J.A.X.","floor":21.0,"gold_loss":0.0,"damage_taken":0.0,"cards_obtained":["J.A.X."]}],"is_beta":false,"boss_relics":[{"not_picked":["Sozu","Pandora\u0027s Box"],"picked":"Calling Bell"}],"items_purged_floors":[4],"is_endless":false,"potions_floor_spawned":[1,5,12,24,25],"killed_by":"Chosen and Byrds","ascension_level":10}