{"gold_per_floor":[114,289,30,30,41,41,69,86,86,98,98,114,114,126,126,197,197,217,81,92,109,73,73,73,98,98,98,98,111,123,48,48,122,122,137,137,156,156,31,58,58,58,58,58,58],"floor_reached":45,"playtime":1942,"items_purged":["Doubt","Defend_R","Defend_R"],"score":809,"play_id":"611ef40e-20dc-4a1b-b409-7cf853d2a4f4","local_time":"20190519222919","is_ascension_mode":true,"campfire_choices":[{"data":"Rage","floor":6,"key":"SMITH"},{"data":"Rage","floor":13,"key":"SMITH"},{"floor":15,"key":"REST"},{"data":"Second Wind","floor":23,"key":"SMITH"},{"data":"Rupture","floor":28,"key":"SMITH"},{"data":"Metallicize","floor":32,"key":"SMITH"},{"data":"Metallicize","floor":44,"key":"SMITH"}],"neow_cost":"PERCENT_DAMAGE","seed_source_timestamp":4351001628362360,"circlet_count":0,"master_deck":["AscendersBane","Strike_R","Strike_R","Strike_R","Strike_R","Defend_R+1","Bash+1","Feed","Rupture+1","Rage+1","Flash of Steel","Cleave","Warcry+1","Rage+1","Combust","Immolate","Metallicize+1","Second Wind+1","Second Wind+1","Feel No Pain","Reaper","Metallicize+1","Juggernaut"],"relics":["Burning Blood","Ornamental Fan","Bronze Scales","Coffee Dripper","Shuriken","Paper Frog","Strawberry","Sozu","War Paint","The Courier"],"potions_floor_usage":[7,16,21,29,30,33,35],"damage_taken":[{"damage":15,"enemies":"Jaw Worm","floor":1,"turns":5},{"damage":0,"enemies":"2 Louse","floor":5,"turns":2},{"damage":19,"enemies":"Gremlin Nob","floor":7,"turns":4},{"damage":0,"enemies":"Cultist","floor":8,"turns":4},{"damage":0,"enemies":"Large Slime","floor":10,"turns":6},{"damage":12,"enemies":"Blue Slaver","floor":12,"turns":4},{"damage":16,"enemies":"3 Louse","floor":14,"turns":3},{"damage":40,"enemies":"Slime Boss","floor":16,"turns":8},{"damage":19,"enemies":"Chosen","floor":18,"turns":5},{"damage":13,"enemies":"Spheric Guardian","floor":20,"turns":5},{"damage":34,"enemies":"Centurion and Healer","floor":21,"turns":5},{"damage":56,"enemies":"Slavers","floor":25,"turns":4},{"damage":1,"enemies":"Cultist and Chosen","floor":29,"turns":3},{"damage":20,"enemies":"Snake Plant","floor":30,"turns":4},{"damage":37,"enemies":"Collector","floor":33,"turns":8},{"damage":10,"enemies":"Orb Walker","floor":35,"turns":4},{"damage":4,"enemies":"3 Shapes","floor":37,"turns":4},{"damage":60,"enemies":"Nemesis","floor":40,"turns":9},{"damage":56,"enemies":"Writhing Mass","floor":45,"turns":4}],"seed_played":"7262839560189661265","potions_obtained":[{"floor":1,"key":"PowerPotion"},{"floor":8,"key":"BloodPotion"},{"floor":12,"key":"SteroidPotion"},{"floor":16,"key":"Regen Potion"},{"floor":25,"key":"Fire Potion"},{"floor":29,"key":"Fire Potion"},{"floor":30,"key":"AttackPotion"}],"is_trial":false,"path_per_floor":["M","?","$","?","M","R","E","M","T","M","?","M","R","M","R","B",null,"M","$","M","M","$","R","?","E","T","?","R","M","M","?","R","B",null,"M","?","M","?","$","E","$","?","T","R","M"],"character_chosen":"IRONCLAD","items_purchased":["Rage","Flash of Steel","Cleave","Second Wind","Feel No Pain"],"campfire_rested":1,"item_purchase_floors":[3,3,3,19,22],"current_hp_per_floor":[44,44,44,28,34,34,24,33,33,42,42,39,39,32,59,25,76,63,63,59,43,43,43,75,25,25,32,32,37,41,41,41,25,86,89,89,96,86,86,42,42,42,42,42,0],"gold":58,"neow_bonus":"THREE_RARE_CARDS","is_prod":false,"is_daily":false,"chose_seed":false,"campfire_upgraded":6,"win_rate":0,"timestamp":1558297759,"path_taken":["M","?","$","?","M","R","E","M","T","M","?","?","R","M","R","BOSS","M","$","M","M","$","R","?","E","T","?","R","M","M","?","R","BOSS","M","?","?","?","$","E","?","?","T","R","M"],"build_version":"2019-01-23","purchased_purges":3,"victory":false,"max_hp_per_floor":[78,78,78,78,78,78,81,84,84,87,87,90,90,93,93,93,93,93,93,96,96,96,96,96,96,96,103,103,103,106,106,106,106,106,109,109,109,109,109,109,109,109,109,109,109],"card_choices":[{"not_picked":["Demon Form","Bludgeon"],"picked":"Feed","floor":0},{"not_picked":["Twin Strike","Combust"],"picked":"Rupture","floor":1},{"not_picked":["Flex","Uppercut","Flame Barrier"],"picked":"SKIP","floor":5},{"not_picked":["Sword Boomerang","Headbutt"],"picked":"Warcry","floor":7},{"not_picked":["Power Through","Wild Strike","Anger"],"picked":"SKIP","floor":8},{"not_picked":["Shrug It Off","Flex"],"picked":"Rage","floor":10},{"not_picked":["Demon Form","Anger","Headbutt"],"picked":"SKIP","floor":12},{"not_picked":["Sever Soul","Pommel Strike"],"picked":"Combust","floor":14},{"not_picked":["Juggernaut","Fiend Fire"],"picked":"Immolate","floor":16},{"not_picked":["Second Wind","Thunderclap"],"picked":"Metallicize","floor":18},{"not_picked":["Warcry","Perfected Strike"],"picked":"Second Wind","floor":20},{"not_picked":["Sword Boomerang+1","Warcry","Flex"],"picked":"SKIP","floor":21},{"not_picked":["Heavy Blade+1","Reckless Charge"],"picked":"Reaper","floor":25},{"not_picked":["Wild Strike","Heavy Blade","True Grit"],"picked":"SKIP","floor":29},{"not_picked":["Wild Strike","Perfected Strike"],"picked":"Metallicize","floor":30},{"not_picked":["Bludgeon","Demon Form"],"picked":"Juggernaut","floor":33},{"not_picked":["Sword Boomerang","Anger+1","Second Wind+1"],"picked":"SKIP","floor":35},{"not_picked":["Twin Strike","Reckless Charge","Bloodletting"],"picked":"SKIP","floor":37},{"not_picked":["Disarm","Feed","True Grit"],"picked":"SKIP","floor":40}],"player_experience":551368,"relics_obtained":[{"floor":7,"key":"Ornamental Fan"},{"floor":9,"key":"Bronze Scales"},{"floor":25,"key":"Shuriken"},{"floor":26,"key":"Paper Frog"},{"floor":40,"key":"War Paint"},{"floor":43,"key":"The Courier"}],"event_choices":[{"damage_healed":0,"gold_gain":175,"player_choice":"AGREE","damage_taken":0,"max_hp_gain":0,"max_hp_loss":0,"event_name":"Liars Game","floor":2,"gold_loss":0,"cards_obtained":["Doubt"]},{"damage_healed":0,"gold_gain":0,"player_choice":"Entered Light","damage_taken":16,"max_hp_gain":0,"max_hp_loss":0,"event_name":"Shining Light","floor":4,"gold_loss":0,"cards_upgraded":["Bash","Defend_R"]},{"damage_healed":0,"gold_gain":0,"player_choice":"Bought 0 Potions","damage_taken":0,"max_hp_gain":0,"max_hp_loss":0,"event_name":"The Woman in Blue","floor":11,"gold_loss":0},{"damage_healed":32,"gold_gain":0,"player_choice":"Heal","damage_taken":0,"max_hp_gain":0,"max_hp_loss":0,"event_name":"The Library","floor":24,"gold_loss":0},{"damage_healed":0,"gold_gain":0,"player_choice":"Opened","damage_taken":0,"relics_obtained":["Strawberry"],"max_hp_gain":0,"max_hp_loss":0,"event_name":"The Mausoleum","floor":27,"gold_loss":0,"cards_obtained":["Writhe"]},{"cards_removed":["Writhe"],"damage_healed":0,"gold_gain":0,"player_choice":"Gave Gold","damage_taken":0,"max_hp_gain":0,"max_hp_loss":0,"event_name":"Beggar","floor":31,"gold_loss":75},{"cards_removed":["Defend_R"],"damage_healed":0,"gold_gain":0,"player_choice":"Purged","damage_taken":0,"max_hp_gain":0,"max_hp_loss":0,"event_name":"Purifier","floor":36,"gold_loss":0},{"damage_healed":0,"gold_gain":0,"player_choice":"Damaged","damage_taken":10,"max_hp_gain":0,"max_hp_loss":0,"event_name":"Wheel of Change","floor":38,"gold_loss":0},{"cards_removed":["Strike_R"],"damage_healed":0,"gold_gain":0,"player_choice":"Removed Attack","damage_taken":0,"max_hp_gain":0,"max_hp_loss":0,"event_name":"Falling","floor":42,"gold_loss":0}],"is_beta":false,"boss_relics":[{"not_picked":["Ectoplasm","Mark of Pain"],"picked":"Coffee Dripper"},{"not_picked":["Eternal Feather","Black Star"],"picked":"Sozu"}],"items_purged_floors":[3,19,39],"is_endless":false,"potions_floor_spawned":[1,8,12,14,16,18,25,29,30,35,37,40],"killed_by":"Writhing Mass","ascension_level":14}