{"gold_per_floor":[116,131,10,25,44,44,44,72,72,106,106,6,6,6,6,101,101,117,130,5,5,5,5,5,5,5,5,5,20,35,45,45,119,119,137,137],"floor_reached":36,"playtime":1611,"items_purged":["Strike_R","Defend_R","Demon Form"],"score":691,"play_id":"d80e97e8-8849-4864-8337-6d770e9df648","local_time":"20190520020453","is_ascension_mode":true,"campfire_choices":[{"data":"Body Slam","floor":6,"key":"SMITH"},{"data":"Barricade","floor":11,"key":"SMITH"},{"data":"Juggernaut","floor":15,"key":"SMITH"},{"data":"Entrench","floor":23,"key":"SMITH"},{"data":"Iron Wave","floor":25,"key":"SMITH"},{"data":"Bash","floor":28,"key":"SMITH"},{"data":"Body Slam","floor":32,"key":"SMITH"}],"neow_cost":"TEN_PERCENT_HP_LOSS","seed_source_timestamp":4364271869608692,"circlet_count":0,"master_deck":["AscendersBane","Bash+1","Juggernaut+1","Iron Wave+1","Body Slam+1","Rage+1","Battle Trance","Barricade+1","Impervious","Inflame","Berserk","Headbutt","Warcry","Burning Pact","Infernal Blade","Feel No Pain","Entrench+1","Body Slam+1","Impervious"],"relics":["Burning Blood","Red Skull","Strawberry","Meat on the Bone","Bloody Idol","Pandora\u0027s Box","Darkstone Periapt","Ornamental Fan","Runic Dome"],"potions_floor_usage":[31,35,36],"damage_taken":[{"damage":5,"enemies":"Cultist","floor":1,"turns":5},{"damage":2,"enemies":"Jaw Worm","floor":2,"turns":3},{"damage":9,"enemies":"2 Louse","floor":4,"turns":3},{"damage":8,"enemies":"Blue Slaver","floor":5,"turns":4},{"damage":23,"enemies":"Gremlin Nob","floor":8,"turns":4},{"damage":8,"enemies":"Lagavulin","floor":10,"turns":5},{"damage":33,"enemies":"Slime Boss","floor":16,"turns":8},{"damage":35,"enemies":"2 Thieves","floor":18,"turns":4},{"damage":4,"enemies":"Chosen","floor":19,"turns":6},{"damage":18,"enemies":"Centurion and Healer","floor":29,"turns":4},{"damage":27,"enemies":"Snecko","floor":30,"turns":5},{"damage":33,"enemies":"Snake Plant","floor":31,"turns":4},{"damage":31,"enemies":"Champ","floor":33,"turns":6},{"damage":0,"enemies":"3 Shapes","floor":35,"turns":4},{"damage":77,"enemies":"2 Orb Walkers","floor":36,"turns":5}],"seed_played":"4389944839573146721","potions_obtained":[{"floor":1,"key":"Strength Potion"},{"floor":4,"key":"Ancient Potion"},{"floor":8,"key":"Poison Potion"},{"floor":33,"key":"Block Potion"}],"is_trial":false,"path_per_floor":["M","M","$","M","M","R","$","E","T","E","R","$","?","?","R","B",null,"M","M","$","?","?","R","T","R","T","$","R","M","M","M","R","B",null,"M","?"],"character_chosen":"IRONCLAD","items_purchased":["Body Slam"],"campfire_rested":0,"item_purchase_floors":[3],"current_hp_per_floor":[68,68,68,65,63,63,63,46,53,51,51,51,51,51,51,36,60,43,45,45,45,45,45,45,45,45,45,45,50,46,36,36,28,58,68,0],"gold":137,"neow_bonus":"THREE_RARE_CARDS","is_prod":false,"is_daily":false,"chose_seed":false,"campfire_upgraded":7,"win_rate":0,"timestamp":1558310693,"path_taken":["M","M","$","?","M","R","$","E","T","E","R","?","?","?","R","BOSS","M","?","?","?","?","R","?","R","T","?","R","M","?","?","R","BOSS","M","?"],"build_version":"2019-01-23","purchased_purges":3,"victory":false,"max_hp_per_floor":[68,68,68,68,68,68,68,68,75,75,75,75,68,68,68,68,68,68,68,68,68,68,68,68,68,68,68,68,68,68,68,68,68,68,68,68],"card_choices":[{"not_picked":["Dark Embrace","Exhume"],"picked":"Juggernaut","floor":0},{"not_picked":["Perfected Strike","Clash"],"picked":"Iron Wave","floor":1},{"not_picked":["Armaments","Flex","Perfected Strike"],"picked":"SKIP","floor":2},{"not_picked":["Rupture","Warcry"],"picked":"Rage","floor":4},{"not_picked":["Headbutt","Power Through"],"picked":"Battle Trance","floor":5},{"not_picked":["Havoc","Feel No Pain","Thunderclap"],"picked":"SKIP","floor":8},{"not_picked":["Dropkick","Wild Strike"],"picked":"Barricade","floor":10},{"not_picked":["Dark Embrace","Offering"],"picked":"Impervious","floor":16},{"not_picked":["Cleave","Flex"],"picked":"Feel No Pain","floor":18},{"not_picked":["Thunderclap","Havoc"],"picked":"Entrench","floor":19},{"not_picked":["Wild Strike","Cleave","Anger"],"picked":"SKIP","floor":29},{"not_picked":["Clothesline","Flex"],"picked":"Body Slam","floor":30},{"not_picked":["Disarm","Feed","Heavy Blade+1"],"picked":"SKIP","floor":31},{"not_picked":["Offering","Double Tap"],"picked":"Impervious","floor":33},{"not_picked":["Seeing Red+1","Clothesline","Sword Boomerang"],"picked":"SKIP","floor":35}],"player_experience":563624,"relics_obtained":[{"floor":8,"key":"Red Skull"},{"floor":9,"key":"Strawberry"},{"floor":10,"key":"Meat on the Bone"},{"floor":24,"key":"Darkstone Periapt"},{"floor":26,"key":"Ornamental Fan"}],"event_choices":[{"damage_healed":0,"gold_gain":0,"player_choice":"Lose Max HP","damage_taken":0,"relics_obtained":["Golden Idol"],"max_hp_gain":0,"max_hp_loss":7,"event_name":"Golden Idol","floor":13,"gold_loss":0},{"damage_healed":0,"gold_gain":0,"player_choice":"Upgraded","damage_taken":0,"max_hp_gain":0,"max_hp_loss":0,"event_name":"Upgrade Shrine","floor":14,"gold_loss":0,"cards_upgraded":["Rage"]},{"damage_healed":0,"gold_gain":0,"player_choice":"Gave Idol","damage_taken":0,"relics_obtained":["Bloody Idol"],"max_hp_gain":0,"max_hp_loss":0,"event_name":"Forgotten Altar","floor":21,"relics_lost":["Golden Idol"],"gold_loss":0},{"damage_healed":0,"gold_gain":0,"player_choice":"Fight","damage_taken":0,"max_hp_gain":0,"max_hp_loss":0,"event_name":"Mysterious Sphere","floor":36,"gold_loss":0}],"is_beta":false,"boss_relics":[{"not_picked":["Calling Bell","Ectoplasm"],"picked":"Pandora\u0027s Box"},{"not_picked":["Eternal Feather","Astrolabe"],"picked":"Runic Dome"}],"items_purged_floors":[3,12,20],"is_endless":false,"potions_floor_spawned":[1,4,8,18,33],"killed_by":"2 Orb Walkers","ascension_level":15}