{"gold_per_floor":[116,135,148,73,93,122,122,138,163,179,196,208,208,208,208,336,336,361,60,83,97,97,97,130,130,130,148,247,261,261],"floor_reached":30,"playtime":2060,"items_purged":["Strike_R"],"score":307,"play_id":"d8a62afd-691e-4cdf-9a31-e1e92216cf3c","local_time":"20180923151828","is_ascension_mode":true,"campfire_choices":[{"data":"Armaments","floor":7,"key":"SMITH"},{"data":"Anger","floor":13,"key":"SMITH"},{"data":"Body Slam","floor":15,"key":"SMITH"},{"floor":23,"key":"REST"},{"floor":25,"key":"REST"}],"neow_cost":"NONE","seed_source_timestamp":194919484395897,"circlet_count":0,"master_deck":["Strike_R+1","Strike_R+1","Strike_R+1","Strike_R+1","Defend_R+1","Defend_R+1","Defend_R+1","Defend_R+1","Bash","Rage","Anger+1","Armaments+1","Heavy Blade","Body Slam+1","Feel No Pain","Ghostly Armor","Injury","Offering","Twin Strike+1","True Grit+1","Body Slam","Offering","Warcry+1","Sword Boomerang+1"],"relics":["Burning Blood","War Paint","Ancient Tea Set","Potion Belt","Golden Idol","Black Star","FossilizedHelix","Omamori","Pen Nib","The Courier"],"potions_floor_usage":[16,16,16,20,24,30],"damage_taken":[{"damage":0,"enemies":"Small Slimes","floor":1,"turns":3},{"damage":0,"enemies":"Cultist","floor":2,"turns":3},{"damage":2,"enemies":"2 Louse","floor":3,"turns":2},{"damage":6,"enemies":"Large Slime","floor":5,"turns":6},{"damage":19,"enemies":"3 Sentries","floor":6,"turns":10},{"damage":0,"enemies":"Blue Slaver","floor":8,"turns":2},{"damage":4,"enemies":"Exordium Thugs","floor":10,"turns":5},{"damage":18,"enemies":"Exordium Wildlife","floor":11,"turns":5},{"damage":6,"enemies":"Looter","floor":12,"turns":3},{"damage":53,"enemies":"Hexaghost","floor":16,"turns":12},{"damage":22,"enemies":"Shell Parasite","floor":18,"turns":8},{"damage":10,"enemies":"2 Thieves","floor":20,"turns":3},{"damage":24,"enemies":"Centurion and Healer","floor":21,"turns":8},{"damage":55,"enemies":"Book of Stabbing","floor":24,"turns":6},{"damage":25,"enemies":"Cultist and Chosen","floor":27,"turns":7},{"damage":20,"enemies":"3 Cultists","floor":29,"turns":7},{"damage":8,"enemies":"Snake Plant","floor":30,"turns":2}],"seed_played":"4285313911357237248","potions_obtained":[{"floor":2,"key":"LiquidBronze"},{"floor":3,"key":"Dexterity Potion"},{"floor":5,"key":"Block Potion"},{"floor":10,"key":"AttackPotion"},{"floor":16,"key":"LiquidBronze"},{"floor":18,"key":"Fire Potion"}],"is_trial":false,"path_per_floor":["M","M","M","$","M","E","R","M","T","M","M","M","R","?","R","B",null,"M","$","M","M","?","R","E","R","T","M","?","M"],"character_chosen":"IRONCLAD","items_purchased":["FossilizedHelix"],"campfire_rested":2,"item_purchase_floors":[19],"current_hp_per_floor":[80,80,80,80,80,67,67,73,73,75,63,63,63,63,63,16,80,64,64,60,42,42,66,17,41,41,22,22,8,0],"gold":261,"neow_bonus":"RANDOM_COMMON_RELIC","is_prod":false,"is_daily":false,"chose_seed":false,"campfire_upgraded":3,"win_rate":0,"timestamp":1537730308,"path_taken":["M","M","M","$","M","E","R","M","T","M","M","M","R","?","R","BOSS","M","$","M","M","?","R","E","R","T","M","?","M","?"],"build_version":"2018-09-20","purchased_purges":1,"victory":false,"max_hp_per_floor":[80,80,80,80,80,80,80,80,80,80,80,80,80,80,80,80,80,80,80,80,80,80,80,80,80,80,80,80,80,80],"card_choices":[{"not_picked":["Twin Strike","Anger"],"picked":"Rage","floor":1},{"not_picked":["Uppercut","Feel No Pain"],"picked":"Anger","floor":2},{"not_picked":["Battle Trance","Uppercut"],"picked":"Armaments","floor":3},{"not_picked":["Hemokinesis","Feel No Pain"],"picked":"Heavy Blade","floor":5},{"not_picked":["Cleave","Brutality","Clash"],"picked":"SKIP","floor":6},{"not_picked":["Blood for Blood","Carnage"],"picked":"Body Slam","floor":8},{"not_picked":["Whirlwind","Thunderclap","Headbutt"],"picked":"SKIP","floor":10},{"not_picked":["True Grit","Disarm"],"picked":"Feel No Pain","floor":11},{"not_picked":["Disarm","Clothesline"],"picked":"Ghostly Armor","floor":12},{"not_picked":["Dark Embrace","Reaper"],"picked":"Offering","floor":16},{"not_picked":["Sword Boomerang","Second Wind"],"picked":"Twin Strike+1","floor":18},{"not_picked":["Bloodletting+1","Feel No Pain"],"picked":"True Grit+1","floor":20},{"not_picked":["Armaments","Headbutt"],"picked":"Body Slam","floor":21},{"not_picked":["Cleave","Heavy Blade"],"picked":"Offering","floor":24},{"not_picked":["Thunderclap","Battle Trance"],"picked":"Warcry+1","floor":27},{"not_picked":["Clash","Anger"],"picked":"Sword Boomerang+1","floor":29}],"player_experience":890201,"relics_obtained":[{"floor":6,"key":"Ancient Tea Set"},{"floor":9,"key":"Potion Belt"},{"floor":24,"key":"Omamori"},{"floor":24,"key":"Pen Nib"},{"floor":26,"key":"The Courier"}],"event_choices":[{"event_name":"Golden Idol","player_choice":"Take Wound","floor":14,"damage_taken":0},{"event_name":"Back to Basics","player_choice":"Simplicity","floor":22,"damage_taken":0},{"event_name":"Nest","player_choice":"Stole From Cult","floor":28,"damage_taken":0}],"is_beta":false,"boss_relics":[{"not_picked":["Fusion Hammer","White Beast Statue"],"picked":"Black Star"}],"items_purged_floors":[4],"is_endless":false,"potions_floor_spawned":[2,3,5,10,16,18],"killed_by":"Snake Plant","ascension_level":4}