{"gold_per_floor":[113,131,18,35,46,71,86,115,162,175,175,175,175,185,185,185],"floor_reached":16,"playtime":1053,"items_purged":["Strike_G"],"score":114,"play_id":"3809fb98-c9dc-4a5f-88be-effb1794e47a","local_time":"20181121175727","is_ascension_mode":false,"campfire_choices":[{"data":"Footwork","floor":15,"key":"SMITH"}],"neow_cost":"NONE","seed_source_timestamp":3189783229259073,"circlet_count":0,"master_deck":["Defend_G","Defend_G","Defend_G","Defend_G","Defend_G","Strike_G","Strike_G","Strike_G","Survivor","Neutralize","Deadly Poison","Caltrops","Footwork+1","Backflip","Acrobatics","Footwork","Backflip"],"relics":["Ring of the Snake","Art of War","Blood Vial","Vajra","Pen Nib"],"potions_floor_usage":[6,8,16],"damage_taken":[{"damage":2,"enemies":"Jaw Worm","floor":1,"turns":7},{"damage":1,"enemies":"Small Slimes","floor":2,"turns":4},{"damage":0,"enemies":"Cultist","floor":4,"turns":4},{"damage":13,"enemies":"Large Slime","floor":5,"turns":9},{"damage":24,"enemies":"Gremlin Nob","floor":6,"turns":6},{"damage":0,"enemies":"Exordium Wildlife","floor":7,"turns":6},{"damage":25,"enemies":"3 Sentries","floor":8,"turns":12},{"damage":0,"enemies":"2 Fungi Beasts","floor":10,"turns":5},{"damage":1,"enemies":"Red Slaver","floor":14,"turns":4},{"damage":31,"enemies":"Slime Boss","floor":16,"turns":10}],"seed_played":"4057870897252565757","potions_obtained":[{"floor":1,"key":"Ancient Potion"},{"floor":4,"key":"GamblersBrew"},{"floor":14,"key":"Swift Potion"}],"is_trial":false,"path_per_floor":["M","M","$","M","M","E","M","E","T","M","?","?","?","M","R","B"],"character_chosen":"THE_SILENT","items_purchased":["Footwork"],"campfire_rested":0,"item_purchase_floors":[3],"current_hp_per_floor":[68,67,67,67,54,30,32,9,9,11,11,28,28,29,29,0],"gold":185,"neow_bonus":"RANDOM_COMMON_RELIC","is_prod":false,"is_daily":false,"chose_seed":false,"campfire_upgraded":1,"win_rate":0,"timestamp":1542819447,"path_taken":["M","M","$","M","M","E","M","E","T","M","?","?","?","?","R","BOSS"],"build_version":"2018-11-15","purchased_purges":1,"victory":false,"max_hp_per_floor":[70,70,70,70,70,70,70,70,70,70,70,70,67,67,67,67],"card_choices":[{"not_picked":["Setup","Outmaneuver"],"picked":"Deadly Poison","floor":1},{"not_picked":["Acrobatics","Endless Agony"],"picked":"Caltrops","floor":2},{"not_picked":["Poisoned Stab","Sucker Punch"],"picked":"Backflip","floor":4},{"not_picked":["Dagger Throw","Poisoned Stab","Underhanded Strike"],"picked":"SKIP","floor":5},{"not_picked":["Choke","Endless Agony"],"picked":"Acrobatics","floor":6},{"not_picked":["Bane","Skewer","Dodge and Roll"],"picked":"SKIP","floor":7},{"not_picked":["Prepared","Slice"],"picked":"Footwork","floor":8},{"not_picked":["Terror","Poisoned Stab"],"picked":"Backflip","floor":10},{"not_picked":["Bane","Leg Sweep","Accuracy"],"picked":"SKIP","floor":14}],"player_experience":478118,"relics_obtained":[{"floor":6,"key":"Blood Vial"},{"floor":8,"key":"Vajra"},{"floor":9,"key":"Pen Nib"}],"event_choices":[{"cards_removed":["Strike_G"],"damage_healed":0,"gold_gain":0,"player_choice":"Forget","damage_taken":0,"max_hp_gain":0,"max_hp_loss":0,"event_name":"Living Wall","floor":11,"gold_loss":0},{"damage_healed":17,"gold_gain":0,"player_choice":"Healed and dodged fight","damage_taken":0,"max_hp_gain":0,"max_hp_loss":0,"event_name":"Mushrooms","floor":12,"gold_loss":0,"cards_obtained":["Parasite"]},{"cards_removed":["Parasite"],"damage_healed":0,"gold_gain":0,"player_choice":"Card Removal","damage_taken":0,"max_hp_gain":0,"max_hp_loss":0,"event_name":"Wheel of Change","floor":13,"gold_loss":0}],"is_beta":false,"boss_relics":[],"items_purged_floors":[3],"is_endless":false,"potions_floor_spawned":[1,4,14],"killed_by":"Slime Boss","ascension_level":0}