{"gold_per_floor":[17,17,17,17,17,17,34,34,34,34,46,58,58,76,76,150,150,167,35,47,47,47,47,19,19,19,19,32,32,47,47,47,124,124,143,161,4,4,4,4,37,48,48,48,63,82,38,54,54,54],"floor_reached":50,"playtime":4616,"items_purged":["Strike_B"],"score":828,"play_id":"e46c8e0d-412d-4796-9793-1e0f04e8bb62","local_time":"20190520221441","is_ascension_mode":true,"campfire_choices":[{"data":"All For One","floor":6.0,"key":"SMITH"},{"data":"Beam Cell","floor":8.0,"key":"SMITH"},{"floor":15.0,"key":"REST"},{"floor":23.0,"key":"REST"},{"floor":25.0,"key":"REST"},{"data":"Go for the Eyes","floor":27.0,"key":"SMITH"},{"floor":29.0,"key":"REST"},{"floor":32.0,"key":"REST"},{"floor":40.0,"key":"REST"},{"floor":44.0,"key":"REST"},{"floor":49.0,"key":"REST"}],"neow_cost":"NO_GOLD","seed_source_timestamp":0,"circlet_count":0,"master_deck":["AscendersBane","Strike_B+1","Defend_B","Defend_B+1","Defend_B","Zap+1","Dualcast","All For One+1","Gash","Beam Cell+1","Electrodynamics","BootSequence+1","Rebound","Echo Form","Cold Snap","Go for the Eyes+1","Coolheaded","Gash","Capacitor","Gash","All For One","Rebound+1","Leap","Reinforced Body","FTL","Melter","Leap+1"],"special_seed":0,"relics":["Cracked Core","Blue Candle","Gremlin Horn","Omamori","Runic Pyramid","War Paint","Cables","Empty Cage","Regal Pillow","Girya","Centennial Puzzle"],"potions_floor_usage":[50],"damage_taken":[{"damage":2.0,"enemies":"2 Louse","floor":1.0,"turns":3.0},{"damage":0.0,"enemies":"Small Slimes","floor":7.0,"turns":2.0},{"damage":7.0,"enemies":"Jaw Worm","floor":11.0,"turns":3.0},{"damage":1.0,"enemies":"Exordium Wildlife","floor":12.0,"turns":2.0},{"damage":4.0,"enemies":"3 Louse","floor":14.0,"turns":2.0},{"damage":40.0,"enemies":"Slime Boss","floor":16.0,"turns":6.0},{"damage":31.0,"enemies":"2 Thieves","floor":18.0,"turns":3.0},{"damage":3.0,"enemies":"Spheric Guardian","floor":20.0,"turns":4.0},{"damage":16.0,"enemies":"Snake Plant","floor":28.0,"turns":5.0},{"damage":18.0,"enemies":"3 Cultists","floor":30.0,"turns":5.0},{"damage":5.0,"enemies":"Colosseum Slavers","floor":31.0,"turns":3.0},{"damage":9.0,"enemies":"Champ","floor":33.0,"turns":8.0},{"damage":8.0,"enemies":"3 Darklings","floor":35.0,"turns":4.0},{"damage":11.0,"enemies":"3 Shapes","floor":36.0,"turns":3.0},{"damage":13.0,"enemies":"Nemesis","floor":41.0,"turns":5.0},{"damage":18.0,"enemies":"Spire Growth","floor":42.0,"turns":4.0},{"damage":4.0,"enemies":"Maw","floor":45.0,"turns":8.0},{"damage":37.0,"enemies":"Jaw Worm Horde","floor":46.0,"turns":3.0},{"damage":4.0,"enemies":"Spire Growth","floor":48.0,"turns":4.0},{"damage":62,"enemies":"Donu and Deca","floor":50,"turns":5}],"seed_played":"814046301044049188","potions_obtained":[{"floor":11.0,"key":"SpeedPotion"},{"floor":20.0,"key":"Fire Potion"},{"floor":33.0,"key":"Poison Potion"},{"floor":41.0,"key":"AttackPotion"},{"floor":42.0,"key":"Dexterity Potion"},{"floor":45.0,"key":"FearPotion"},{"floor":48.0,"key":"Dexterity Potion"}],"is_trial":false,"path_per_floor":["M","?","$","?","?","R","M","R","T","T","M","M","?","M","R","B",null,"M","$","M","?","?","R","$","R","T","R","M","R","M","?","R","B",null,"M","M","$","?","$","R","E","M","T","R","M","M","$","M","R","B"],"character_chosen":"DEFECT","items_purchased":["Go for the Eyes","Gash","Regal Pillow","Melter"],"campfire_rested":8,"item_purchase_floors":[19,24,37,47],"current_hp_per_floor":[62,62,62,55,55,55,55,55,55,55,48,47,26,22,43,3,54,23,23,20,20,20,41,41,62,62,62,46,67,49,44,65,56,67,59,48,48,48,48,71,58,40,40,71,67,30,30,26,62,0],"gold":54,"neow_bonus":"THREE_RARE_CARDS","is_prod":false,"is_daily":false,"chose_seed":false,"campfire_upgraded":3,"win_rate":0,"timestamp":1558404881,"path_taken":["M","?","$","?","?","R","?","R","T","?","M","M","?","M","R","BOSS","M","$","M","?","?","R","$","R","T","R","M","R","M","?","R","BOSS","M","M","$","?","?","R","E","M","T","R","M","M","$","M","R","BOSS"],"build_version":"2019-01-23","purchased_purges":1,"victory":false,"max_hp_per_floor":[71,71,71,71,71,71,71,71,71,71,71,71,71,71,71,71,71,71,71,71,71,71,71,71,71,71,71,71,71,71,71,71,71,71,71,71,71,71,71,71,71,71,71,71,71,71,71,71,71,71],"card_choices":[{"not_picked":["Amplify","Machine Learning"],"picked":"All For One","floor":0.0},{"not_picked":["Beam Cell","Sweeping Beam"],"picked":"Gash","floor":1.0},{"not_picked":["Auto Shields","Chaos"],"picked":"Beam Cell","floor":7.0},{"not_picked":["Static Discharge","Conserve Battery"],"picked":"Electrodynamics","floor":11.0},{"not_picked":["Heatsinks","Leap"],"picked":"BootSequence","floor":12.0},{"not_picked":["Melter","Hologram"],"picked":"Rebound","floor":14.0},{"not_picked":["Biased Cognition","Thunder Strike"],"picked":"Echo Form","floor":16.0},{"not_picked":["Darkness","Sweeping Beam"],"picked":"Cold Snap","floor":18.0},{"not_picked":["Doom and Gloom","Aggregate"],"picked":"Coolheaded","floor":20.0},{"not_picked":["Barrage","Heatsinks"],"picked":"Capacitor","floor":28.0},{"not_picked":["Steam","Conserve Battery"],"picked":"Gash","floor":30.0},{"not_picked":["Fission","Reboot"],"picked":"All For One","floor":33.0},{"not_picked":["Doom and Gloom","Conserve Battery+1"],"picked":"Rebound+1","floor":35.0},{"not_picked":["Go for the Eyes","Tempest"],"picked":"Leap","floor":36.0},{"not_picked":["Conserve Battery+1","Static Discharge"],"picked":"Reinforced Body","floor":41.0},{"not_picked":["Storm","Turbo","Conserve Battery"],"picked":"SKIP","floor":42.0},{"not_picked":["Redo+1","Hologram"],"picked":"FTL","floor":45.0},{"not_picked":["Blizzard+1","Redo","Heatsinks"],"picked":"SKIP","floor":46.0},{"not_picked":["Darkness","Turbo"],"picked":"Leap+1","floor":48.0}],"player_experience":2928195,"relics_obtained":[{"floor":9.0,"key":"Gremlin Horn"},{"floor":10.0,"key":"Omamori"},{"floor":26.0,"key":"Cables"},{"floor":41.0,"key":"Girya"},{"floor":43.0,"key":"Centennial Puzzle"}],"event_choices":[{"damage_healed":0.0,"max_hp_gain":0.0,"max_hp_loss":0.0,"gold_gain":0.0,"event_name":"Big Fish","player_choice":"Box","floor":2.0,"gold_loss":0.0,"damage_taken":0.0,"relics_obtained":["Blue Candle"],"cards_obtained":["Regret"]},{"cards_removed":["Regret"],"damage_healed":0.0,"max_hp_gain":0.0,"max_hp_loss":0.0,"gold_gain":0.0,"event_name":"Golden Wing","player_choice":"Card Removal","floor":4.0,"gold_loss":0.0,"damage_taken":7.0},{"damage_healed":0.0,"max_hp_gain":0.0,"max_hp_loss":0.0,"gold_gain":0.0,"event_name":"Golden Idol","player_choice":"Ignored","floor":5.0,"gold_loss":0.0,"damage_taken":0.0},{"damage_healed":0.0,"max_hp_gain":0.0,"max_hp_loss":0.0,"gold_gain":0.0,"event_name":"Shining Light","player_choice":"Entered Light","floor":13.0,"gold_loss":0.0,"damage_taken":21.0,"cards_upgraded":["Strike_B","BootSequence"]},{"damage_healed":0.0,"max_hp_gain":0.0,"max_hp_loss":0.0,"gold_gain":0.0,"event_name":"Beggar","player_choice":"Ignored","floor":21.0,"gold_loss":0.0,"damage_taken":0.0},{"damage_healed":0.0,"max_hp_gain":0.0,"max_hp_loss":0.0,"gold_gain":0.0,"event_name":"The Mausoleum","player_choice":"Opened","floor":22.0,"gold_loss":0.0,"damage_taken":0.0,"relics_obtained":["War Paint"],"cards_obtained":["Writhe"]},{"damage_healed":0.0,"max_hp_gain":0.0,"max_hp_loss":0.0,"gold_gain":0.0,"event_name":"Colosseum","player_choice":"Fight","floor":31.0,"gold_loss":0.0,"damage_taken":0.0},{"damage_healed":0.0,"max_hp_gain":0.0,"max_hp_loss":0.0,"gold_gain":0.0,"event_name":"Colosseum","player_choice":"Fled From Nobs","floor":31.0,"gold_loss":0.0,"damage_taken":0.0},{"cards_removed":["Defend_B"],"damage_healed":0.0,"max_hp_gain":0.0,"max_hp_loss":0.0,"gold_gain":0.0,"event_name":"Purifier","player_choice":"Purged","floor":38.0,"gold_loss":0.0,"damage_taken":0.0}],"is_beta":false,"boss_relics":[{"not_picked":["Orrery","Fusion Hammer"],"picked":"Runic Pyramid"},{"not_picked":["Philosopher\u0027s Stone","Coffee Dripper"],"picked":"Empty Cage"}],"items_purged_floors":[19],"is_endless":false,"potions_floor_spawned":[11,20,30,33,41,42,45,48],"killed_by":"Donu and Deca","ascension_level":16}