{"gold_per_floor":[110,110,110,123,123,123,85,85,85,104,119,137,137,149,149,249,249,262,20,36,0,0,0,0,14,65,75,90,101,101,119,119,119],"floor_reached":33,"playtime":1513,"items_purged":[],"score":301,"play_id":"9e4e5caa-8ec6-4651-a020-0ecca31bdef0","local_time":"20190228161523","is_ascension_mode":true,"campfire_choices":[{"data":"Crippling Poison","floor":6,"key":"SMITH"},{"data":"Bouncing Flask","floor":13,"key":"SMITH"},{"data":"Neutralize","floor":15,"key":"SMITH"},{"data":"Die Die Die","floor":23,"key":"SMITH"},{"floor":30,"key":"REST"},{"floor":32,"key":"REST"}],"neow_cost":"NONE","seed_source_timestamp":224530899134900,"circlet_count":0,"master_deck":["Defend_G","Defend_G","Defend_G","Defend_G","Defend_G","Strike_G","Strike_G","Strike_G","Survivor","Neutralize+1","Dagger Spray","Blur","Crippling Poison+1","Regret","Footwork","Bouncing Flask+1","Bane","Setup","Bane","Die Die Die+1","Poisoned Stab+1","Tactician+1","Decay","Leg Sweep","Clumsy","Prepared+1","PiercingWail+1","Acrobatics+1"],"relics":["Ring of the Snake","Lantern","Nunchaku","Bronze Scales","Vajra","Cursed Key","Singing Bowl","Boot"],"potions_floor_usage":[11,16,16,20,29,33],"damage_taken":[{"damage":0,"enemies":"2 Louse","floor":1,"turns":2},{"damage":0,"enemies":"Small Slimes","floor":4,"turns":3},{"damage":6,"enemies":"Jaw Worm","floor":10,"turns":3},{"damage":0,"enemies":"Large Slime","floor":11,"turns":4},{"damage":5,"enemies":"Looter","floor":12,"turns":3},{"damage":0,"enemies":"Exordium Wildlife","floor":14,"turns":2},{"damage":10,"enemies":"Hexaghost","floor":16,"turns":6},{"damage":7,"enemies":"Shell Parasite","floor":18,"turns":5},{"damage":9,"enemies":"3 Byrds","floor":20,"turns":2},{"damage":1,"enemies":"Colosseum Slavers","floor":24,"turns":2},{"damage":16,"enemies":"Snake Plant","floor":25,"turns":3},{"damage":9,"enemies":"Sentry and Sphere","floor":27,"turns":5},{"damage":8,"enemies":"Centurion and Healer","floor":28,"turns":5},{"damage":4,"enemies":"Shelled Parasite and Fungi","floor":29,"turns":4},{"damage":2,"enemies":"3 Cultists","floor":31,"turns":4},{"damage":66,"enemies":"Champ","floor":33,"turns":11}],"seed_played":"5933653799596886231","potions_obtained":[{"floor":4,"key":"PowerPotion"},{"floor":10,"key":"Strength Potion"},{"floor":11,"key":"Fruit Juice"},{"floor":18,"key":"AttackPotion"},{"floor":25,"key":"EssenceOfSteel"},{"floor":29,"key":"SpeedPotion"}],"is_trial":false,"path_per_floor":["M","?","?","M","?","R","$","?","T","M","M","M","R","M","R","B",null,"M","$","M","?","?","R","?","M","T","M","M","M","R","M","R","B"],"character_chosen":"THE_SILENT","items_purchased":["Footwork","Singing Bowl"],"campfire_rested":2,"item_purchase_floors":[7,19],"current_hp_per_floor":[70,70,63,63,63,63,63,45,45,39,44,39,39,39,39,29,64,57,57,48,48,48,48,47,31,31,22,14,12,35,33,56,0],"gold":119,"neow_bonus":"RANDOM_COMMON_RELIC","is_prod":false,"is_daily":false,"chose_seed":false,"campfire_upgraded":4,"win_rate":0,"timestamp":1551388523,"path_taken":["M","?","?","M","?","R","$","?","T","M","M","M","R","M","R","BOSS","M","$","M","?","?","R","?","M","T","?","M","M","R","M","R","BOSS"],"build_version":"2019-01-23","purchased_purges":0,"victory":false,"max_hp_per_floor":[70,70,70,70,70,70,70,70,70,70,75,75,75,75,75,75,75,75,75,75,75,75,75,75,75,75,75,75,77,77,77,77,77],"card_choices":[{"not_picked":["Tactician","Choke"],"picked":"Dagger Spray","floor":1},{"not_picked":["Dagger Spray","Blade Dance"],"picked":"Crippling Poison","floor":4},{"not_picked":["Prepared","Heel Hook"],"picked":"Bouncing Flask","floor":10},{"not_picked":["Blade Dance","Deflect"],"picked":"Bane","floor":11},{"not_picked":["Heel Hook","Expertise"],"picked":"Setup","floor":12},{"not_picked":["Dodge and Roll","Endless Agony"],"picked":"Bane","floor":14},{"not_picked":["Doppelganger","Night Terror"],"picked":"Die Die Die","floor":16},{"not_picked":["Dagger Throw+1","Prepared"],"picked":"Poisoned Stab+1","floor":18},{"not_picked":["Flying Knee+1","Concentrate"],"picked":"Tactician+1","floor":20},{"not_picked":["Caltrops","Choke"],"picked":"Leg Sweep","floor":25},{"not_picked":["Finisher","Sucker Punch"],"picked":"Prepared+1","floor":27},{"not_picked":["Crippling Poison","Flechettes"],"picked":"PiercingWail+1","floor":28},{"not_picked":["Infinite Blades","Accuracy","Underhanded Strike+1"],"picked":"Singing Bowl","floor":29},{"not_picked":["Backflip","Sucker Punch"],"picked":"Acrobatics+1","floor":31}],"player_experience":2231926,"relics_obtained":[{"floor":9,"key":"Vajra"},{"floor":26,"key":"Boot"}],"event_choices":[{"damage_healed":0,"gold_gain":0,"cards_transformed":["Strike_G"],"player_choice":"Change","damage_taken":0,"max_hp_gain":0,"max_hp_loss":0,"event_name":"Living Wall","floor":2,"gold_loss":0,"cards_obtained":["Blur"]},{"cards_removed":["Strike_G"],"damage_healed":0,"gold_gain":0,"player_choice":"Card Removal","damage_taken":7,"max_hp_gain":0,"max_hp_loss":0,"event_name":"Golden Wing","floor":3,"gold_loss":0},{"damage_healed":0,"gold_gain":0,"player_choice":"Box","damage_taken":0,"relics_obtained":["Nunchaku"],"max_hp_gain":0,"max_hp_loss":0,"event_name":"Big Fish","floor":5,"gold_loss":0,"cards_obtained":["Regret"]},{"damage_healed":0,"gold_gain":0,"player_choice":"Success","damage_taken":18,"relics_obtained":["Bronze Scales"],"max_hp_gain":0,"max_hp_loss":0,"event_name":"Scrap Ooze","floor":8,"gold_loss":0},{"damage_healed":0,"gold_gain":0,"player_choice":"Paid Fearfully","damage_taken":0,"max_hp_gain":0,"max_hp_loss":0,"event_name":"Masked Bandits","floor":21,"gold_loss":36},{"damage_healed":0,"gold_gain":0,"player_choice":"Smashed Altar","damage_taken":0,"max_hp_gain":0,"max_hp_loss":0,"event_name":"Forgotten Altar","floor":22,"gold_loss":0,"cards_obtained":["Decay"]},{"damage_healed":0,"gold_gain":0,"player_choice":"Fight","damage_taken":0,"max_hp_gain":0,"max_hp_loss":0,"event_name":"Colosseum","floor":24,"gold_loss":0},{"damage_healed":0,"gold_gain":0,"player_choice":"Fled From Nobs","damage_taken":0,"max_hp_gain":0,"max_hp_loss":0,"event_name":"Colosseum","floor":24,"gold_loss":0}],"is_beta":false,"boss_relics":[{"not_picked":["Ring of the Serpent","Philosopher\u0027s Stone"],"picked":"Cursed Key"}],"items_purged_floors":[],"is_endless":false,"potions_floor_spawned":[4,10,11,18,25,29],"killed_by":"Champ","ascension_level":5}