{"gold_per_floor":[115,190,210,230,3,34,34,63,63,96,109,154,154,154,154,252,252,252,252,252,252,177,177,177,77,77,77,77,77,9,9,9,9,9,9,9,0,0,0,0,0,0,0,0,0,0,0,0,0,0],"floor_reached":50,"playtime":4494,"items_purged":["Defend_G","Strike_G"],"score":846,"play_id":"4244f9e3-fcee-4653-8932-0fb3816b4cca","local_time":"20190103213721","is_ascension_mode":true,"campfire_choices":[{"floor":7,"key":"REST"},{"floor":13,"key":"REST"},{"floor":15,"key":"REST"},{"floor":24,"key":"REST"},{"data":"Burst","floor":27,"key":"SMITH"},{"floor":32,"key":"REST"},{"floor":40,"key":"RECALL"},{"floor":47,"key":"REST"},{"floor":49,"key":"REST"}],"neow_cost":"NONE","seed_source_timestamp":546094426139481,"circlet_count":0,"master_deck":["Defend_G","Defend_G","Defend_G","Defend_G","Survivor","Neutralize","Accuracy+1","Escape Plan+1","Terror+1","Blade Dance","Infinite Blades","Footwork","Cloak And Dagger","Backflip","Dodge and Roll","Infinite Blades","Cloak And Dagger+1","Burst+1","Footwork+1","Cloak And Dagger","Accuracy+1","Infinite Blades","Madness","Madness","Finisher","Backflip+1","Blade Dance"],"relics":["Astrolabe","Centennial Puzzle","Ornamental Fan","Dream Catcher","Darkstone Periapt","Omamori","Oddly Smooth Stone","Ectoplasm","Kunai","Pear","Smiling Mask","Busted Crown","Red Mask","Art of War","Juzu Bracelet"],"potions_floor_usage":[6,10,10,11,33,33,38,41,41,50],"damage_taken":[{"damage":6,"enemies":"Small Slimes","floor":1,"turns":7},{"damage":0,"enemies":"Jaw Worm","floor":3,"turns":3},{"damage":0,"enemies":"Cultist","floor":4,"turns":3},{"damage":29,"enemies":"Gremlin Nob","floor":6,"turns":5},{"damage":11,"enemies":"3 Sentries","floor":8,"turns":7},{"damage":11,"enemies":"Gremlin Nob","floor":10,"turns":4},{"damage":11,"enemies":"Exordium Thugs","floor":11,"turns":4},{"damage":14,"enemies":"The Guardian","floor":16,"turns":9},{"damage":2,"enemies":"Spheric Guardian","floor":18,"turns":4},{"damage":0,"enemies":"3 Byrds","floor":20,"turns":6},{"damage":21,"enemies":"Cultist and Chosen","floor":21,"turns":7},{"damage":17,"enemies":"Slavers","floor":23,"turns":7},{"damage":5,"enemies":"Snake Plant","floor":28,"turns":5},{"damage":11,"enemies":"Gremlin Leader","floor":29,"turns":5},{"damage":0,"enemies":"Automaton","floor":33,"turns":8},{"damage":0,"enemies":"Orb Walker","floor":35,"turns":4},{"damage":0,"enemies":"3 Darklings","floor":38,"turns":5},{"damage":58,"enemies":"Reptomancer","floor":41,"turns":5},{"damage":10,"enemies":"Jaw Worm Horde","floor":42,"turns":5},{"damage":0,"enemies":"Giant Head","floor":44,"turns":5},{"damage":74,"enemies":"Time Eater","floor":50,"turns":11}],"seed_played":"2366036686065178311","potions_obtained":[{"floor":4,"key":"AttackPotion"},{"floor":6,"key":"SpeedPotion"},{"floor":8,"key":"FearPotion"},{"floor":10,"key":"SteroidPotion"},{"floor":29,"key":"EntropicBrew"},{"floor":33,"key":"Energy Potion"},{"floor":35,"key":"Regen Potion"},{"floor":42,"key":"Block Potion"}],"is_trial":false,"path_per_floor":["M","?","M","M","$","E","R","E","T","E","M","T","R","?","R","B",null,"M","?","M","M","?","E","R","$","T","R","M","E","$","?","R","B",null,"M","?","?","M","?","R","E","M","T","E","?","$","R","$","R","B"],"character_chosen":"THE_SILENT","items_purchased":["Footwork","Cloak And Dagger","Backflip","Infinite Blades"],"campfire_rested":7,"item_purchase_floors":[5,5,5,30],"current_hp_per_floor":[57,46,46,46,46,17,38,27,27,16,5,5,26,1,22,8,55,53,53,53,32,32,15,36,36,46,46,41,30,30,30,54,54,74,74,64,64,64,80,80,27,17,17,17,17,17,41,41,65,0],"gold":0,"neow_bonus":"BOSS_RELIC","is_prod":false,"is_daily":false,"chose_seed":false,"campfire_upgraded":1,"win_rate":0,"timestamp":1546573041,"path_taken":["M","?","M","M","$","E","R","E","T","E","M","?","R","?","R","BOSS","M","?","M","M","?","E","R","?","T","R","?","E","$","?","R","BOSS","M","?","?","M","?","R","E","M","T","E","?","$","R","?","R","BOSS"],"build_version":"2019-01-03","purchased_purges":2,"victory":false,"max_hp_per_floor":[70,70,70,70,70,70,70,70,70,70,70,70,70,70,70,70,70,70,70,70,70,70,70,70,70,80,80,80,80,80,80,80,80,80,80,80,80,80,80,80,80,80,80,80,80,80,80,80,80,80],"card_choices":[{"not_picked":["Heel Hook","Endless Agony"],"picked":"Blade Dance","floor":1},{"not_picked":["Blade Dance","Skewer"],"picked":"Infinite Blades","floor":3},{"not_picked":["Distraction","Acrobatics","PiercingWail"],"picked":"SKIP","floor":4},{"not_picked":["Deflect","PiercingWail"],"picked":"Dodge and Roll","floor":6},{"not_picked":["Acrobatics","Poisoned Stab","Bouncing Flask"],"picked":"SKIP","floor":8},{"not_picked":["Blur","Terror"],"picked":"Infinite Blades","floor":10},{"not_picked":["Crippling Poison","Escape Plan"],"picked":"Cloak And Dagger","floor":11},{"not_picked":["Tools of the Trade","Die Die Die"],"picked":"Burst","floor":16},{"not_picked":["All Out Attack+1","Calculated Gamble"],"picked":"Footwork+1","floor":18},{"not_picked":["Acrobatics","Expertise"],"picked":"Footwork","floor":20},{"not_picked":["Quick Slash","Dodge and Roll+1"],"picked":"Cloak And Dagger","floor":21},{"not_picked":["Skewer","Noxious Fumes"],"picked":"Accuracy+1","floor":23},{"not_picked":["Quick Slash","Slice","Poisoned Stab"],"picked":"SKIP","floor":28},{"not_picked":["Prepared","Distraction","Reflex"],"picked":"SKIP","floor":29},{"not_picked":["Calculated Gamble+1"],"picked":"SKIP","floor":35},{"not_picked":[],"picked":"Finisher","floor":38},{"not_picked":[],"picked":"Backflip+1","floor":41},{"not_picked":[],"picked":"Blade Dance","floor":42},{"not_picked":["Deflect+1"],"picked":"SKIP","floor":44}],"player_experience":453560,"relics_obtained":[{"floor":6,"key":"Centennial Puzzle"},{"floor":8,"key":"Ornamental Fan"},{"floor":9,"key":"Dream Catcher"},{"floor":10,"key":"Darkstone Periapt"},{"floor":12,"key":"Omamori"},{"floor":23,"key":"Kunai"},{"floor":26,"key":"Pear"},{"floor":29,"key":"Smiling Mask"},{"floor":41,"key":"Art of War"},{"floor":44,"key":"Juzu Bracelet"}],"event_choices":[{"damage_healed":0,"gold_gain":75,"player_choice":"Gather Gold","damage_taken":11,"max_hp_gain":0,"max_hp_loss":0,"event_name":"World of Goop","floor":2,"gold_loss":0},{"damage_healed":0,"gold_gain":0,"player_choice":"Success","damage_taken":25,"relics_obtained":["Oddly Smooth Stone"],"max_hp_gain":0,"max_hp_loss":0,"event_name":"Scrap Ooze","floor":14,"gold_loss":0},{"damage_healed":0,"gold_gain":0,"player_choice":"Ignored","damage_taken":0,"max_hp_gain":0,"max_hp_loss":0,"event_name":"Vampires","floor":19,"gold_loss":0},{"cards_removed":["Strike_G"],"damage_healed":0,"gold_gain":0,"player_choice":"Gave Gold","damage_taken":0,"max_hp_gain":0,"max_hp_loss":0,"event_name":"Beggar","floor":22,"gold_loss":75},{"damage_healed":0,"gold_gain":0,"player_choice":"0 cards matched","damage_taken":0,"max_hp_gain":0,"max_hp_loss":0,"event_name":"Match and Keep!","floor":31,"gold_loss":0,"cards_obtained":[]},{"damage_healed":0,"gold_gain":0,"player_choice":"Embrace Madness","damage_taken":10,"max_hp_gain":0,"max_hp_loss":0,"event_name":"Winding Halls","floor":36,"gold_loss":0,"cards_obtained":["Madness","Madness"]},{"damage_healed":0,"gold_gain":0,"player_choice":"Paid","damage_taken":0,"relics_obtained":["Red Mask"],"max_hp_gain":0,"max_hp_loss":0,"event_name":"Tomb of Lord Red Mask","floor":37,"gold_loss":9},{"cards_removed":["Footwork"],"damage_healed":16,"gold_gain":0,"player_choice":"Offered Uncommon","damage_taken":0,"max_hp_gain":0,"max_hp_loss":0,"event_name":"Bonfire Elementals","floor":39,"gold_loss":0},{"damage_healed":0,"gold_gain":0,"player_choice":"Upgraded","damage_taken":0,"max_hp_gain":0,"max_hp_loss":0,"event_name":"Upgrade Shrine","floor":45,"gold_loss":0,"cards_upgraded":["Cloak And Dagger"]}],"is_beta":false,"boss_relics":[{"not_picked":["Fusion Hammer","Black Star"],"picked":"Ectoplasm"},{"not_picked":["Velvet Choker","Eternal Feather"],"picked":"Busted Crown"}],"items_purged_floors":[5,25],"is_endless":false,"potions_floor_spawned":[4,6,8,10,29,33,35,42],"killed_by":"Time Eater","ascension_level":7}