{"gold_per_floor":[117,133,58,74,74,103,103,136,161,161,161,111,12,32,32,135,135,146,161,181,181,52,52,84,84,84,116,131,147,176,206,206,305,305,316,336,336,355,404,437,469,51,51,6,6,6,33,52,52,52],"floor_reached":50,"playtime":4879,"items_purged":["Strike_G","Strike_G","Strike_G","Infinite Blades+1"],"score":966,"play_id":"b21d7e11-18ff-49ea-9dbb-e3c5c4129a50","local_time":"20190105022452","is_ascension_mode":true,"campfire_choices":[{"data":"Neutralize","floor":7,"key":"SMITH"},{"data":"Noxious Fumes","floor":10,"key":"SMITH"},{"data":"PiercingWail","floor":15,"key":"SMITH"},{"data":"Footwork","floor":23,"key":"SMITH"},{"data":"Night Terror","floor":25,"key":"SMITH"},{"floor":32,"key":"REST"},{"data":"1","floor":45,"key":"LIFT"},{"floor":49,"key":"REST"}],"neow_cost":"TEN_PERCENT_HP_LOSS","seed_source_timestamp":0,"circlet_count":0,"master_deck":["Defend_G","Defend_G+1","Defend_G","Defend_G+1","Survivor+1","Neutralize+1","Quick Slash","Noxious Fumes+1","Dagger Spray+1","PiercingWail+1","Adrenaline","Dagger Throw","Quick Slash","Night Terror+1","Terror","Riddle With Holes+1","Footwork+1","Deflect+1","Riddle With Holes+1","After Image","Escape Plan+1","Footwork","Malaise","Madness","Madness","Noxious Fumes","Deflect"],"special_seed":0,"relics":["Ring of the Snake","Smiling Mask","War Paint","Vajra","Sozu","Ancient Tea Set","Molten Egg 2","WingedGreaves","Blood Vial","Bottled Lightning","Busted Crown","Tough Bandages","Omamori","Girya","Calipers","StoneCalendar","Sundial"],"potions_floor_usage":[8,16,20,24],"damage_taken":[{"damage":6,"enemies":"2 Louse","floor":1,"turns":4},{"damage":0,"enemies":"Small Slimes","floor":2,"turns":3},{"damage":6,"enemies":"Jaw Worm","floor":4,"turns":5},{"damage":13,"enemies":"Lagavulin","floor":6,"turns":8},{"damage":1,"enemies":"3 Sentries","floor":8,"turns":5},{"damage":0,"enemies":"Blue Slaver","floor":14,"turns":4},{"damage":1,"enemies":"Hexaghost","floor":16,"turns":9},{"damage":1,"enemies":"Shell Parasite","floor":18,"turns":4},{"damage":0,"enemies":"3 Byrds","floor":19,"turns":4},{"damage":5,"enemies":"Snake Plant","floor":20,"turns":4},{"damage":18,"enemies":"Book of Stabbing","floor":24,"turns":5},{"damage":11,"enemies":"Slavers","floor":27,"turns":6},{"damage":8,"enemies":"Cultist and Chosen","floor":28,"turns":5},{"damage":5,"enemies":"Centurion and Healer","floor":29,"turns":6},{"damage":0,"enemies":"Gremlin Leader","floor":30,"turns":6},{"damage":10,"enemies":"Book of Stabbing","floor":31,"turns":5},{"damage":14,"enemies":"Automaton","floor":33,"turns":9},{"damage":0,"enemies":"Orb Walker","floor":35,"turns":4},{"damage":0,"enemies":"3 Darklings","floor":36,"turns":4},{"damage":16,"enemies":"Jaw Worm Horde","floor":38,"turns":4},{"damage":13,"enemies":"2 Orb Walkers","floor":39,"turns":5},{"damage":5,"enemies":"Nemesis","floor":40,"turns":11},{"damage":0,"enemies":"Giant Head","floor":41,"turns":9},{"damage":13,"enemies":"Nemesis","floor":47,"turns":7},{"damage":4,"enemies":"Sphere and 2 Shapes","floor":48,"turns":6},{"damage":36,"enemies":"Time Eater","floor":50,"turns":3}],"seed_played":"1056170582675106256","potions_obtained":[{"floor":1,"key":"GamblersBrew"},{"floor":6,"key":"SkillPotion"},{"floor":8,"key":"SpeedPotion"},{"floor":16,"key":"PowerPotion"}],"is_trial":false,"path_per_floor":["M","M","$","M","?","E","R","E","T","R","?","?","$","M","R","B",null,"M","M","M","?","$","R","E","R","T","E","M","M","E","E","R","B",null,"M","M","?","M","?","E","E","$","T","$","R","$","E","M","R","B"],"character_chosen":"THE_SILENT","items_purchased":["Dagger Throw","Footwork","Calipers","Noxious Fumes","Deflect"],"campfire_rested":2,"item_purchase_floors":[13,22,42,42,44],"current_hp_per_floor":[57,57,57,51,38,25,25,24,24,24,29,29,29,29,29,28,58,57,57,52,52,52,52,34,34,34,23,15,10,10,2,22,10,54,56,58,49,35,24,21,23,23,23,23,23,23,12,10,30,0],"gold":52,"neow_bonus":"REMOVE_TWO","is_prod":false,"is_daily":false,"chose_seed":false,"campfire_upgraded":5,"win_rate":0,"timestamp":1546676692,"path_taken":["M","M","$","M","?","E","R","E","T","R","?","?","?","M","R","BOSS","M","M","M","?","$","R","E","R","T","E","M","?","E","E","R","BOSS","M","M","?","M","?","E","E","$","T","$","R","$","E","?","R","BOSS"],"build_version":"2019-01-03v4","purchased_purges":4,"victory":false,"max_hp_per_floor":[63,63,63,63,63,63,63,63,63,63,68,68,68,68,68,68,68,68,68,68,68,68,68,68,68,68,68,68,68,68,68,68,68,68,68,68,68,68,68,68,68,68,68,68,68,68,68,68,68,68],"card_choices":[{"not_picked":["Heel Hook","Calculated Gamble"],"picked":"Quick Slash","floor":1},{"not_picked":["Choke","Backflip"],"picked":"Noxious Fumes","floor":2},{"not_picked":["Dagger Throw","Dodge and Roll"],"picked":"Dagger Spray","floor":4},{"not_picked":["Flying Knee","Slice"],"picked":"PiercingWail","floor":6},{"not_picked":["Cloak And Dagger","Sucker Punch"],"picked":"Adrenaline","floor":8},{"not_picked":["Skewer","Dodge and Roll"],"picked":"Quick Slash","floor":14},{"not_picked":["Storm of Steel","Tools of the Trade"],"picked":"Night Terror","floor":16},{"not_picked":["Deflect","Sucker Punch"],"picked":"Terror","floor":18},{"not_picked":["Backstab","Riddle With Holes"],"picked":"Infinite Blades+1","floor":19},{"not_picked":["Expertise+1","Calculated Gamble"],"picked":"Riddle With Holes+1","floor":20},{"not_picked":["Heel Hook","Bouncing Flask"],"picked":"Deflect+1","floor":24},{"not_picked":["Deflect","Setup"],"picked":"Riddle With Holes+1","floor":27},{"not_picked":["Outmaneuver+1","Deflect"],"picked":"After Image","floor":28},{"not_picked":["Eviscerate+1","Catalyst"],"picked":"Escape Plan+1","floor":29},{"not_picked":["Blade Dance","Poisoned Stab+1","Caltrops"],"picked":"SKIP","floor":30},{"not_picked":["Setup","Night Terror"],"picked":"Footwork","floor":31},{"not_picked":["Night Terror","After Image"],"picked":"Malaise","floor":33},{"not_picked":["Calculated Gamble"],"picked":"SKIP","floor":35},{"not_picked":["Predator+1"],"picked":"SKIP","floor":36},{"not_picked":["Outmaneuver"],"picked":"SKIP","floor":38},{"not_picked":["Flechettes+1"],"picked":"SKIP","floor":40},{"not_picked":["Predator+1"],"picked":"SKIP","floor":41},{"not_picked":["Deflect+1"],"picked":"SKIP","floor":47},{"not_picked":["Dagger Spray+1"],"picked":"SKIP","floor":48}],"player_experience":472391,"relics_obtained":[{"floor":6,"key":"Smiling Mask"},{"floor":8,"key":"War Paint"},{"floor":9,"key":"Vajra"},{"floor":24,"key":"Ancient Tea Set"},{"floor":26,"key":"Molten Egg 2"},{"floor":27,"key":"WingedGreaves"},{"floor":30,"key":"Blood Vial"},{"floor":31,"key":"Bottled Lightning"},{"floor":39,"key":"Tough Bandages"},{"floor":40,"key":"Omamori"},{"floor":41,"key":"Girya"},{"floor":43,"key":"StoneCalendar"},{"floor":47,"key":"Sundial"}],"event_choices":[{"damage_healed":0,"gold_gain":0,"player_choice":"Entered Light","damage_taken":13,"max_hp_gain":0,"max_hp_loss":0,"event_name":"Shining Light","floor":5,"gold_loss":0,"cards_upgraded":["Survivor","Dagger Spray"]},{"damage_healed":0,"gold_gain":0,"player_choice":"Donut","damage_taken":0,"max_hp_gain":5,"max_hp_loss":0,"event_name":"Big Fish","floor":11,"gold_loss":0},{"cards_removed":["Strike_G"],"damage_healed":0,"gold_gain":0,"player_choice":"Card Removal","damage_taken":0,"max_hp_gain":0,"max_hp_loss":0,"event_name":"The Cleric","floor":12,"gold_loss":50},{"damage_healed":0,"gold_gain":0,"player_choice":"Got Potions","damage_taken":0,"max_hp_gain":0,"max_hp_loss":0,"event_name":"Lab","floor":21,"gold_loss":0},{"damage_healed":0,"gold_gain":0,"player_choice":"Embrace Madness","damage_taken":9,"max_hp_gain":0,"max_hp_loss":0,"event_name":"Winding Halls","floor":37,"gold_loss":0,"cards_obtained":["Madness","Madness"]},{"damage_healed":0,"gold_gain":0,"player_choice":"Fight","damage_taken":0,"max_hp_gain":0,"max_hp_loss":0,"event_name":"Mysterious Sphere","floor":39,"gold_loss":0}],"is_beta":false,"boss_relics":[{"not_picked":["Tiny House","Orrery"],"picked":"Sozu"},{"not_picked":["WristBlade","White Beast Statue"],"picked":"Busted Crown"}],"items_purged_floors":[3,13,22,42],"is_endless":false,"potions_floor_spawned":[1,6,8,16,19,24,30,31,36,38],"killed_by":"Time Eater","ascension_level":9}