{"gold_per_floor":[119,129,129,140,11,11,11,40,88,38,57,85,105,5,5,107,107,120,131,131,141,141,141,173,173,198,209,209,239,239,256,256,256],"floor_reached":33,"playtime":2587,"items_purged":["Strike_R","Strike_R"],"score":320,"play_id":"688b249e-3122-4993-9def-36a280413a86","local_time":"20180713013423","is_ascension_mode":false,"campfire_choices":[{"data":"Body Slam","floor":6,"key":"SMITH"},{"data":"Metallicize","floor":15,"key":"SMITH"},{"floor":23,"key":"REST"},{"floor":25,"key":"REST"},{"floor":28,"key":"REST"},{"floor":32,"key":"REST"}],"neow_cost":"NONE","seed_source_timestamp":81961908204270,"circlet_count":0,"master_deck":["Strike_R","Defend_R","Defend_R","Defend_R","Bash","Dropkick","Body Slam+1","Evolve","Shrug It Off","Shrug It Off","Metallicize+1","Double Tap","Seeing Red","Fire Breathing","Wild Strike","Writhe","Armaments","Feel No Pain+1"],"relics":["Burning Blood","Potion Belt","Oddly Smooth Stone","Lantern","Mark of Pain","Dodecahedron","Bag of Marbles","Bronze Scales","Dream Catcher"],"potions_floor_usage":[16,16,16,24,27,31,31,33],"damage_taken":[{"damage":1,"enemies":"2 Louse","floor":1,"turns":4},{"damage":11,"enemies":"Jaw Worm","floor":2,"turns":2},{"damage":10,"enemies":"Small Slimes","floor":4,"turns":3},{"damage":28,"enemies":"Lagavulin","floor":8,"turns":6},{"damage":1,"enemies":"Exordium Thugs","floor":11,"turns":5},{"damage":0,"enemies":"3 Sentries","floor":12,"turns":9},{"damage":0,"enemies":"Large Slime","floor":13,"turns":7},{"damage":10,"enemies":"The Guardian","floor":16,"turns":14},{"damage":0,"enemies":"Chosen","floor":18,"turns":4},{"damage":1,"enemies":"3 Byrds","floor":19,"turns":6},{"damage":56,"enemies":"3 Cultists","floor":21,"turns":9},{"damage":28,"enemies":"Gremlin Leader","floor":24,"turns":5},{"damage":16,"enemies":"Chosen and Byrds","floor":27,"turns":7},{"damage":38,"enemies":"Slavers","floor":29,"turns":7},{"damage":0,"enemies":"Snecko","floor":31,"turns":3},{"damage":58,"enemies":"Collector","floor":33,"turns":5}],"seed_played":"-8820002232376731934","potions_obtained":[{"floor":2,"key":"Fire Potion"},{"floor":11,"key":"Swift Potion"},{"floor":12,"key":"SmokeBomb"},{"floor":13,"key":"Weak Potion"},{"floor":18,"key":"Energy Potion"},{"floor":24,"key":"Poison Potion"},{"floor":29,"key":"EntropicBrew"},{"floor":31,"key":"Swift Potion"}],"is_trial":false,"path_per_floor":["M","M","?","M","$","R","$","E","T","?","M","E","M","$","R","B",null,"M","M","?","M","?","R","E","R","T","M","R","E","?","M","R"],"character_chosen":"IRONCLAD","items_purchased":["Shrug It Off"],"campfire_rested":4,"item_purchase_floors":[5],"current_hp_per_floor":[80,75,68,64,64,64,64,42,42,42,47,53,59,59,59,55,80,80,80,65,15,15,40,18,43,43,33,58,26,26,32,57,0],"gold":256,"neow_bonus":"TRANSFORM_CARD","is_prod":false,"is_daily":false,"chose_seed":false,"campfire_upgraded":2,"win_rate":0,"timestamp":1531460063,"path_taken":["M","M","?","M","$","R","?","E","T","?","M","E","M","?","R","BOSS","M","?","?","M","?","R","E","R","T","M","R","E","?","M","R","BOSS"],"build_version":"2018-07-05","purchased_purges":2,"victory":false,"max_hp_per_floor":[80,80,80,80,80,80,80,80,80,80,80,80,80,80,80,80,80,80,80,85,85,85,85,85,85,85,85,85,85,85,85,85,85],"card_choices":[{"not_picked":["Body Slam","Heavy Blade","Anger"],"picked":"SKIP","floor":1},{"not_picked":["Sever Soul","Brutality"],"picked":"Body Slam","floor":2},{"not_picked":["Searing Blow","Twin Strike"],"picked":"Evolve","floor":4},{"not_picked":["Iron Wave","Body Slam"],"picked":"Shrug It Off","floor":8},{"not_picked":["Wild Strike","Dual Wield"],"picked":"Metallicize","floor":11},{"not_picked":["Headbutt","Thunderclap","Clash"],"picked":"SKIP","floor":12},{"not_picked":["Fire Breathing","Burning Pact","Iron Wave"],"picked":"SKIP","floor":13},{"not_picked":["Limit Break","Immolate"],"picked":"Double Tap","floor":16},{"not_picked":["Cleave+1","Twin Strike+1"],"picked":"Seeing Red","floor":18},{"not_picked":["Disarm","Warcry"],"picked":"Fire Breathing","floor":19},{"not_picked":["Heavy Blade","Havoc+1"],"picked":"Wild Strike","floor":21},{"not_picked":["Dual Wield+1","Clothesline","Bloodletting+1"],"picked":"SKIP","floor":24},{"not_picked":["Sword Boomerang","Warcry","Thunderclap+1"],"picked":"SKIP","floor":27},{"not_picked":["Corruption+1","Feel No Pain","Limit Break"],"picked":"SKIP","floor":29},{"not_picked":["Pommel Strike","Body Slam"],"picked":"Armaments","floor":31},{"not_picked":["Dual Wield","Pommel Strike+1"],"picked":"Feel No Pain+1","floor":32}],"player_experience":258338,"relics_obtained":[{"floor":8,"key":"Potion Belt"},{"floor":9,"key":"Oddly Smooth Stone"},{"floor":12,"key":"Lantern"},{"floor":24,"key":"Dodecahedron"},{"floor":26,"key":"Bag of Marbles"},{"floor":29,"key":"Bronze Scales"}],"event_choices":[{"event_name":"Golden Wing","player_choice":"Card Removal","floor":3,"damage_taken":0},{"event_name":"The Cleric","player_choice":"Card Removal","floor":10,"damage_taken":0},{"event_name":"Forgotten Altar","player_choice":"Shed Blood","floor":20,"damage_taken":0},{"event_name":"Drug Dealer","player_choice":"Ignored","floor":22,"damage_taken":0},{"event_name":"The Mausoleum","player_choice":"Yes","floor":30,"damage_taken":0}],"boss_relics":[{"not_picked":["Astrolabe","Eternal Feather"],"picked":"Mark of Pain"}],"items_purged_floors":[5,14],"is_endless":false,"potions_floor_spawned":[2,11,12,13,18,24,29,31],"killed_by":"Collector","ascension_level":0}