{"gold_per_floor":[113,124,51,70,89,89,100,130,130,205,224,224,237,43,43,141,141,153,153,113,132,19,19,31,56,135,135,162,162,180,11,11,107,107,120,174,174,191,210,210,210,210,210,210,31,31,44,61,61,61],"floor_reached":51,"playtime":4456,"items_purged":["Strike_B","Strike_B"],"score":727,"play_id":"02202f17-9449-4a0a-94c3-1c9fd375297f","local_time":"20190512091204","is_ascension_mode":false,"campfire_choices":[{"data":"Zap","floor":6.0,"key":"SMITH"},{"data":"Dualcast","floor":12.0,"key":"SMITH"},{"data":"Reinforced Body","floor":15.0,"key":"SMITH"},{"data":"Defragment","floor":23.0,"key":"SMITH"},{"data":"Reinforced Body","floor":27.0,"key":"SMITH"},{"data":"Go for the Eyes","floor":29,"key":"SMITH"},{"data":"Go for the Eyes","floor":32,"key":"SMITH"},{"data":"1","floor":40,"key":"LIFT"},{"data":"2","floor":42,"key":"LIFT"},{"data":"3","floor":44,"key":"LIFT"},{"data":"Coolheaded","floor":46,"key":"SMITH"},{"data":"Good Instincts","floor":49,"key":"SMITH"}],"neow_cost":"PERCENT_DAMAGE","seed_source_timestamp":15787484468358,"circlet_count":0,"master_deck":["Strike_B","Strike_B","Defend_B","Defend_B","Defend_B","Defend_B","Zap+1","Dualcast+1","Leap","Cold Snap","Coolheaded+1","Go for the Eyes+1","FTL","Reinforced Body+1","FTL","Cold Snap","Ball Lightning","All For One","Hologram+1","Reinforced Body+1","Defragment+1","FTL","Rebound","Go for the Eyes+1","Blizzard+1","FTL+1","Beam Cell+1","Good Instincts+1","Rebound+1","Meteor Strike+1","Compile Driver+1","Compile Driver+1","Rebound+1","Cold Snap+1","Doubt","Conserve Battery","Coolheaded","Coolheaded+1","Ball Lightning+1"],"special_seed":0,"relics":["Cracked Core","Du-Vu Doll","Tiny Chest","Cables","Chemical X","Coffee Dripper","FossilizedHelix","Molten Egg 2","Centennial Puzzle","Cursed Key","Girya","Pear"],"potions_floor_usage":[28,33,33,39,50,50],"damage_taken":[{"damage":0.0,"enemies":"Cultist","floor":1.0,"turns":3.0},{"damage":0.0,"enemies":"2 Louse","floor":2.0,"turns":2.0},{"damage":0.0,"enemies":"Jaw Worm","floor":4.0,"turns":3.0},{"damage":2.0,"enemies":"3 Louse","floor":5.0,"turns":4.0},{"damage":2.0,"enemies":"Large Slime","floor":7.0,"turns":8.0},{"damage":0.0,"enemies":"Exordium Thugs","floor":11.0,"turns":4.0},{"damage":0.0,"enemies":"2 Fungi Beasts","floor":13.0,"turns":3.0},{"damage":17.0,"enemies":"The Guardian","floor":16.0,"turns":11.0},{"damage":0.0,"enemies":"Spheric Guardian","floor":18.0,"turns":2.0},{"damage":0.0,"enemies":"Chosen","floor":21.0,"turns":3.0},{"damage":0.0,"enemies":"Centurion and Healer","floor":24.0,"turns":7.0},{"damage":7.0,"enemies":"Gremlin Leader","floor":25.0,"turns":5.0},{"damage":0,"enemies":"Slavers","floor":28,"turns":6},{"damage":0,"enemies":"Cultist and Chosen","floor":30,"turns":4},{"damage":6,"enemies":"Collector","floor":33,"turns":8},{"damage":0,"enemies":"Orb Walker","floor":35,"turns":3},{"damage":0,"enemies":"2 Orb Walkers","floor":36,"turns":6},{"damage":0,"enemies":"3 Darklings","floor":38,"turns":5},{"damage":0,"enemies":"Sphere and 2 Shapes","floor":39,"turns":9},{"damage":0,"enemies":"Jaw Worm Horde","floor":47,"turns":3},{"damage":0,"enemies":"Transient","floor":48,"turns":5},{"damage":27,"enemies":"Donu and Deca","floor":50,"turns":8}],"seed_played":"4320987826294800911","potions_obtained":[{"floor":1.0,"key":"EssenceOfSteel"},{"floor":2.0,"key":"LiquidBronze"},{"floor":13.0,"key":"Explosive Potion"},{"floor":25.0,"key":"Poison Potion"},{"floor":28,"key":"Fire Potion"},{"floor":30,"key":"FearPotion"},{"floor":36,"key":"LiquidBronze"},{"floor":39,"key":"Fruit Juice"},{"floor":48,"key":"Explosive Potion"}],"is_trial":false,"path_per_floor":["M","M","$","M","M","R","M","?","T","?","M","R","M","$","R","B",null,"M","?","$","M","$","R","M","E","T","R","E","R","M","$","R","B",null,"M","?","?","M","M","R","?","R","T","R","$","R","M","M","R","B",null],"character_chosen":"DEFECT","items_purchased":["Coolheaded","Go for the Eyes","Chemical X","Defragment","FTL","Beam Cell+1","Good Instincts","Rebound+1","Conserve Battery","Coolheaded"],"campfire_rested":0,"item_purchase_floors":[3,3,14,20,22,31,31,31,45,45],"current_hp_per_floor":[54,54,54,54,52,52,50,38,38,27,27,27,27,27,27,10,75,75,75,75,75,75,75,75,68,68,68,68,68,68,68,68,62,75,75,75,75,75,80,80,80,80,90,90,90,90,90,90,90,63],"gold":61,"neow_bonus":"ONE_RARE_RELIC","is_prod":false,"is_daily":false,"chose_seed":false,"campfire_upgraded":9,"win_rate":0,"timestamp":1557673924,"path_taken":["M","M","$","M","M","R","?","?","T","?","M","R","M","$","R","BOSS","M","?","$","M","$","R","M","E","T","R","E","R","M","$","R","BOSS","M","?","?","M","M","R","?","R","T","R","$","R","?","M","R","BOSS"],"build_version":"2019-01-23","purchased_purges":2,"victory":true,"max_hp_per_floor":[75,75,75,75,75,75,75,75,75,75,75,75,75,75,75,75,75,75,75,75,75,75,75,75,75,75,75,75,75,75,75,75,75,75,75,75,75,75,80,80,80,80,90,90,90,90,90,90,90,90],"card_choices":[{"not_picked":["Genetic Algorithm","Scrape"],"picked":"Leap","floor":1.0},{"not_picked":["Go for the Eyes","Hologram"],"picked":"Cold Snap","floor":2.0},{"not_picked":["Steam","Go for the Eyes"],"picked":"FTL","floor":4.0},{"not_picked":["Barrage","Go for the Eyes"],"picked":"Reinforced Body","floor":5.0},{"not_picked":["Sunder","Lockon"],"picked":"FTL","floor":7.0},{"not_picked":["Barrage","Skim"],"picked":"Cold Snap","floor":11.0},{"not_picked":["Go for the Eyes","Double Energy"],"picked":"Ball Lightning","floor":13.0},{"not_picked":["Amplify","Core Surge"],"picked":"All For One","floor":16.0},{"not_picked":["Barrage","Aggregate+1"],"picked":"Hologram+1","floor":18.0},{"not_picked":["Coolheaded","Auto Shields"],"picked":"Cold Snap+1","floor":21.0},{"not_picked":["Barrage","Storm","Rebound"],"picked":"SKIP","floor":24.0},{"not_picked":["Barrage","Storm"],"picked":"Rebound","floor":24.0},{"not_picked":["Coolheaded","Meteor Strike"],"picked":"Go for the Eyes","floor":25.0},{"not_picked":["Force Field+1","Gash+1"],"picked":"Blizzard+1","floor":28},{"not_picked":["Capacitor","Streamline+1"],"picked":"FTL+1","floor":30},{"not_picked":["Machine Learning","Buffer"],"picked":"Meteor Strike+1","floor":33},{"not_picked":["Sweeping Beam+1","Conserve Battery+1"],"picked":"Compile Driver+1","floor":35},{"not_picked":["Self Repair","Stack"],"picked":"Compile Driver+1","floor":36},{"not_picked":["Redo","Double Energy"],"picked":"Rebound+1","floor":38},{"not_picked":["Doom and Gloom+1","Undo"],"picked":"Cold Snap+1","floor":39},{"not_picked":["Steam Power","White Noise"],"picked":"Coolheaded+1","floor":47},{"not_picked":["Doom and Gloom+1","Rebound+1"],"picked":"Ball Lightning+1","floor":48}],"player_experience":1401023,"relics_obtained":[{"floor":9.0,"key":"Cables"},{"floor":25.0,"key":"FossilizedHelix"},{"floor":26.0,"key":"Molten Egg 2"},{"floor":28,"key":"Centennial Puzzle"},{"floor":36,"key":"Girya"},{"floor":43,"key":"Pear"}],"event_choices":[{"damage_healed":0.0,"max_hp_gain":0.0,"max_hp_loss":0.0,"gold_gain":0.0,"event_name":"Scrap Ooze","player_choice":"Success","floor":8.0,"gold_loss":0.0,"damage_taken":12.0,"relics_obtained":["Tiny Chest"]},{"damage_healed":0.0,"max_hp_gain":0.0,"max_hp_loss":0.0,"gold_gain":75.0,"event_name":"World of Goop","player_choice":"Gather Gold","floor":10.0,"gold_loss":0.0,"damage_taken":11.0},{"damage_healed":0.0,"max_hp_gain":0.0,"max_hp_loss":0.0,"gold_gain":0.0,"event_name":"The Library","player_choice":"Read","floor":19.0,"gold_loss":0.0,"damage_taken":0.0,"cards_obtained":["Reinforced Body"]},{"damage_healed":0,"gold_gain":0,"player_choice":"Fight","damage_taken":0,"max_hp_gain":0,"max_hp_loss":0,"event_name":"Mysterious Sphere","floor":36,"gold_loss":0},{"cards_removed":["Cold Snap"],"damage_healed":0,"gold_gain":0,"player_choice":"Removed Attack","damage_taken":0,"max_hp_gain":0,"max_hp_loss":0,"event_name":"Falling","floor":37,"gold_loss":0},{"damage_healed":0,"gold_gain":0,"player_choice":"Ignored","damage_taken":0,"max_hp_gain":0,"max_hp_loss":0,"event_name":"Tomb of Lord Red Mask","floor":41,"gold_loss":0}],"is_beta":false,"boss_relics":[{"not_picked":["Eternal Feather","Inserter"],"picked":"Coffee Dripper"},{"not_picked":["Black Star","Lizard Tail"],"picked":"Cursed Key"}],"items_purged_floors":[22,45],"is_endless":false,"potions_floor_spawned":[1,2,13,25,28,30,36,39,48],"ascension_level":0}