{"gold_per_floor":[119,119,119,130,149,149,183,183,183,105,115,115,115,126,126,200,200,219,236,23,23,38,68,68,86,113,123,48,48,67,86,86,160,160,176,195,195],"floor_reached":37,"playtime":1698,"items_purged":[],"score":797,"play_id":"40a8bc86-d4b3-4361-896c-40c5ad7268b0","local_time":"20190520203338","is_ascension_mode":true,"campfire_choices":[{"data":"Dualcast","floor":6.0,"key":"SMITH"},{"data":"Force Field","floor":12.0,"key":"SMITH"},{"data":"Loop","floor":15.0,"key":"SMITH"},{"floor":24,"key":"REST"},{"floor":29,"key":"REST"},{"floor":32,"key":"REST"}],"neow_cost":"NONE","seed_source_timestamp":0,"circlet_count":0,"master_deck":["AscendersBane","Zap","Dualcast+1","Loop+1","Loop+1","Force Field+1","Echo Form+1","Static Discharge+1","Coolheaded","Conserve Battery","Biased Cognition+1","Sunder+1","Defragment+1","Capacitor+1","Ball Lightning","Glacier","Buffer+1","FTL+1","Loop+1","Biased Cognition+1","Static Discharge+1","Creative AI+1","Biased Cognition+1","Hyperbeam","Machine Learning+1","Sunder","Core Surge","Doom and Gloom","Chaos+1","Force Field"],"special_seed":0,"relics":["Cracked Core","Frozen Egg 2","Thread and Needle","Pantograph","Sundial","Bottled Tornado","Sozu","Membership Card","MutagenicStrength","Gremlin Horn","Juzu Bracelet","Pandora\u0027s Box"],"potions_floor_usage":[25],"damage_taken":[{"damage":1.0,"enemies":"Cultist","floor":1.0,"turns":3.0},{"damage":4.0,"enemies":"2 Louse","floor":4.0,"turns":4.0},{"damage":9.0,"enemies":"Jaw Worm","floor":5.0,"turns":4.0},{"damage":20.0,"enemies":"Gremlin Nob","floor":7.0,"turns":4.0},{"damage":6.0,"enemies":"Exordium Wildlife","floor":11.0,"turns":6.0},{"damage":7.0,"enemies":"Looter","floor":14.0,"turns":4.0},{"damage":0.0,"enemies":"The Guardian","floor":16.0,"turns":12.0},{"damage":12.0,"enemies":"3 Byrds","floor":18.0,"turns":4.0},{"damage":3.0,"enemies":"Chosen","floor":19.0,"turns":5.0},{"damage":12.0,"enemies":"Shelled Parasite and Fungi","floor":22.0,"turns":6.0},{"damage":31,"enemies":"Gremlin Leader","floor":23,"turns":3},{"damage":19,"enemies":"Snake Plant","floor":25,"turns":6},{"damage":6,"enemies":"Snecko","floor":27,"turns":4},{"damage":15,"enemies":"Sentry and Sphere","floor":30,"turns":4},{"damage":4,"enemies":"Centurion and Healer","floor":31,"turns":6},{"damage":48,"enemies":"Automaton","floor":33,"turns":7},{"damage":27,"enemies":"3 Darklings","floor":35,"turns":4},{"damage":16,"enemies":"3 Shapes","floor":36,"turns":2},{"damage":25,"enemies":"Writhing Mass","floor":37,"turns":2}],"seed_played":"-8377658442002018610","potions_obtained":[{"floor":1.0,"key":"Regen Potion"},{"floor":3.0,"key":"AttackPotion"},{"floor":11.0,"key":"Fire Potion"}],"is_trial":false,"path_per_floor":["M","T","?","M","M","R","E","T","T","$","M","R","T","M","R","B",null,"M","M","$","?","M","E","R","M","T","M","$","R","M","M","R","B",null,"M","M","M"],"character_chosen":"DEFECT","items_purchased":["Static Discharge+1","Membership Card","Buffer+1"],"campfire_rested":3,"item_purchase_floors":[10,20,28],"current_hp_per_floor":[70,70,70,66,57,57,37,37,37,37,31,31,31,24,24,49,71,59,56,56,56,44,13,36,32,32,26,26,49,34,30,53,30,66,39,23,0],"gold":195,"neow_bonus":"TEN_PERCENT_HP_BONUS","is_prod":false,"is_daily":false,"chose_seed":false,"campfire_upgraded":3,"win_rate":0,"timestamp":1558398818,"path_taken":["M","?","?","?","M","R","E","?","T","?","M","R","?","M","R","BOSS","M","M","$","?","M","E","R","M","T","M","$","R","M","M","R","BOSS","M","M","M"],"build_version":"2019-01-23","purchased_purges":0,"victory":false,"max_hp_per_floor":[78,78,78,78,78,78,78,78,78,78,78,78,78,78,78,78,78,78,78,78,78,78,78,78,78,78,78,78,78,78,78,78,78,78,78,78,78],"card_choices":[{"not_picked":["Redo","Steam Power"],"picked":"Loop","floor":1.0},{"not_picked":["Conserve Battery","Sweeping Beam"],"picked":"Loop+1","floor":4.0},{"not_picked":["Stack","Gash"],"picked":"Force Field","floor":5.0},{"not_picked":["Turbo","Compile Driver"],"picked":"Echo Form+1","floor":7.0},{"not_picked":["Rebound","Steam"],"picked":"Coolheaded","floor":11.0},{"not_picked":["Stack","Sweeping Beam"],"picked":"Conserve Battery","floor":14.0},{"not_picked":["Amplify","Echo Form+1"],"picked":"Biased Cognition+1","floor":16.0},{"not_picked":["Steam","Leap"],"picked":"Sunder+1","floor":18.0},{"not_picked":["Skim+1","Leap"],"picked":"Defragment+1","floor":19.0},{"not_picked":["Blizzard","Sweeping Beam+1","Barrage"],"picked":"SKIP","floor":22.0},{"not_picked":["Sweeping Beam","Hologram"],"picked":"Capacitor+1","floor":23},{"not_picked":["Go for the Eyes+1","Gash+1"],"picked":"Ball Lightning","floor":25},{"not_picked":["Beam Cell","Loop+1"],"picked":"Glacier","floor":27},{"not_picked":["Hello World+1","Undo"],"picked":"FTL+1","floor":30},{"not_picked":["Gash","Cold Snap"],"picked":"Loop+1","floor":31},{"not_picked":["Seek","All For One"],"picked":"Biased Cognition+1","floor":33},{"not_picked":["Aggregate","Undo"],"picked":"Chaos+1","floor":35},{"not_picked":["Sweeping Beam+1","Consume"],"picked":"Force Field","floor":36}],"player_experience":2925619,"relics_obtained":[{"floor":2.0,"key":"Frozen Egg 2"},{"floor":7.0,"key":"Thread and Needle"},{"floor":8.0,"key":"Pantograph"},{"floor":9.0,"key":"Sundial"},{"floor":13.0,"key":"Bottled Tornado"},{"floor":23,"key":"Gremlin Horn"},{"floor":26,"key":"Juzu Bracelet"}],"event_choices":[{"damage_healed":0.0,"max_hp_gain":0.0,"max_hp_loss":0.0,"gold_gain":0.0,"event_name":"Lab","player_choice":"Got Potions","floor":3.0,"gold_loss":0.0,"damage_taken":0.0},{"damage_healed":0.0,"max_hp_gain":0.0,"max_hp_loss":0.0,"gold_gain":0.0,"event_name":"Drug Dealer","player_choice":"Inject Mutagens","floor":21.0,"gold_loss":0.0,"damage_taken":0.0,"relics_obtained":["MutagenicStrength"]}],"is_beta":false,"boss_relics":[{"not_picked":["Velvet Choker","Ectoplasm"],"picked":"Sozu"},{"not_picked":["Tiny House","Snecko Eye"],"picked":"Pandora\u0027s Box"}],"items_purged_floors":[],"is_endless":false,"potions_floor_spawned":[1,11,16,18,19,25,33],"killed_by":"Writhing Mass","ascension_level":16}