{"gold_per_floor":[118,76,226,242,242,242,269,269,292,292,292,292,309,323,323,323],"floor_reached":16,"playtime":641,"items_purged":[],"score":176,"play_id":"02fe3960-559f-4f42-9eb8-c314ac425b33","local_time":"20190505025844","is_ascension_mode":true,"campfire_choices":[{"floor":6.0,"key":"REST"},{"floor":8,"key":"REST"},{"data":"Gash","floor":10,"key":"SMITH"},{"data":"Dualcast","floor":12,"key":"SMITH"},{"floor":15,"key":"REST"}],"neow_cost":"PERCENT_DAMAGE","seed_source_timestamp":0,"circlet_count":0,"master_deck":["AscendersBane","Strike_B","Defend_B","Defend_B","Defend_B","Defend_B","Zap","Dualcast+1","BootSequence","Defragment","Doubt","Gash+1","Chaos","Reprogram","Coolheaded"],"special_seed":0,"relics":["Cracked Core","Art of War","Orichalcum","Kunai"],"potions_floor_usage":[7,16,16,16],"damage_taken":[{"damage":8.0,"enemies":"2 Louse","floor":1.0,"turns":3.0},{"damage":7.0,"enemies":"Small Slimes","floor":4.0,"turns":6.0},{"damage":25,"enemies":"3 Sentries","floor":7,"turns":8},{"damage":4,"enemies":"Jaw Worm","floor":13,"turns":4},{"damage":22,"enemies":"Exordium Wildlife","floor":14,"turns":6},{"damage":48,"enemies":"The Guardian","floor":16,"turns":9}],"seed_played":"-5651319416888196801","potions_obtained":[{"floor":4.0,"key":"FocusPotion"},{"floor":7,"key":"Energy Potion"},{"floor":14,"key":"EntropicBrew"}],"is_trial":false,"path_per_floor":["M","$","?","M","?","R","E","R","T","R","T","R","M","M","R","B"],"character_chosen":"DEFECT","items_purchased":["Defragment"],"campfire_rested":3,"item_purchase_floors":[2],"current_hp_per_floor":[38,38,38,31,24,45,20,41,41,41,41,41,37,15,36,0],"gold":323,"neow_bonus":"REMOVE_TWO","is_prod":false,"is_daily":false,"chose_seed":false,"campfire_upgraded":2,"win_rate":0,"timestamp":1557039524,"path_taken":["M","$","?","M","?","R","E","R","T","R","?","R","M","M","R","BOSS"],"build_version":"2019-01-23","purchased_purges":0,"victory":false,"max_hp_per_floor":[71,71,71,71,71,71,71,71,71,71,71,71,71,71,71,71],"card_choices":[{"not_picked":["Leap","Coolheaded"],"picked":"BootSequence","floor":1.0},{"not_picked":["Barrage","Rebound"],"picked":"Gash","floor":4.0},{"not_picked":["Coolheaded","Fission"],"picked":"Chaos","floor":7},{"not_picked":["Streamline","Scrape"],"picked":"Reprogram","floor":13},{"not_picked":["Barrage","Cold Snap"],"picked":"Coolheaded","floor":14}],"player_experience":2892091,"relics_obtained":[{"floor":7,"key":"Art of War"},{"floor":9,"key":"Orichalcum"},{"floor":11,"key":"Kunai"}],"event_choices":[{"damage_healed":0.0,"max_hp_gain":0.0,"max_hp_loss":0.0,"gold_gain":150.0,"event_name":"Liars Game","player_choice":"AGREE","floor":3.0,"gold_loss":0.0,"damage_taken":0.0,"cards_obtained":["Doubt"]},{"cards_removed":["Strike_B"],"damage_healed":0.0,"max_hp_gain":0.0,"max_hp_loss":0.0,"gold_gain":0.0,"event_name":"Golden Wing","player_choice":"Card Removal","floor":5.0,"gold_loss":0.0,"damage_taken":7.0}],"is_beta":false,"boss_relics":[],"items_purged_floors":[],"is_endless":false,"potions_floor_spawned":[4,7,14],"killed_by":"The Guardian","ascension_level":16}