{"gold_per_floor":[209,10,10,28,43,43,62,88,115,127,139,165,177,203,215,227],"floor_reached":16,"playtime":911,"items_purged":[],"score":143,"play_id":"c3329e2b-0aca-4aa6-96ca-13908453ce48","local_time":"20181020080648","is_ascension_mode":true,"campfire_choices":[{"data":"Bash","floor":6,"key":"SMITH"},{"floor":15,"key":"REST"}],"neow_cost":"NONE","seed_source_timestamp":74654216233580,"circlet_count":0,"master_deck":["Strike_R+1","Strike_R+1","Strike_R","Defend_R","Defend_R","Defend_R","Defend_R","Bash+1","Cleave","Anger","Warcry","Headbutt","Iron Wave","Sentinel"],"relics":["Burning Blood","Membership Card","Whetstone","MawBank"],"potions_floor_usage":[16],"damage_taken":[{"damage":0,"enemies":"Small Slimes","floor":1,"turns":3},{"damage":2,"enemies":"Jaw Worm","floor":4,"turns":3},{"damage":1,"enemies":"Cultist","floor":5,"turns":3},{"damage":11,"enemies":"2 Fungi Beasts","floor":7,"turns":3},{"damage":35,"enemies":"3 Sentries","floor":8,"turns":8},{"damage":17,"enemies":"Gremlin Gang","floor":12,"turns":5},{"damage":8,"enemies":"Red Slaver","floor":14,"turns":4},{"damage":51,"enemies":"Slime Boss","floor":16,"turns":9}],"seed_played":"-3681562393192630694","potions_obtained":[{"floor":5,"key":"SpeedPotion"},{"floor":8,"key":"FearPotion"},{"floor":14,"key":"Weak Potion"}],"is_trial":false,"path_per_floor":["M","$","?","M","M","R","M","E","T","?","?","M","?","M","R"],"character_chosen":"IRONCLAD","items_purchased":["Membership Card"],"campfire_rested":1,"item_purchase_floors":[2],"current_hp_per_floor":[78,78,78,80,80,80,75,46,46,46,46,35,28,26,50,0],"gold":227,"neow_bonus":"HUNDRED_GOLD","is_prod":false,"is_daily":false,"chose_seed":false,"campfire_upgraded":1,"win_rate":0,"timestamp":1540037208,"path_taken":["M","$","?","?","M","R","M","E","T","?","?","M","?","?","R","BOSS"],"build_version":"2018-10-18","purchased_purges":0,"victory":false,"max_hp_per_floor":[80,80,80,80,80,80,80,80,80,80,80,80,80,80,80,80],"card_choices":[{"not_picked":["Iron Wave","Havoc"],"picked":"Cleave","floor":1},{"not_picked":["Clash","Wild Strike"],"picked":"Anger","floor":4},{"not_picked":["Twin Strike","Disarm"],"picked":"Warcry","floor":5},{"not_picked":["Barricade","Searing Blow"],"picked":"Headbutt","floor":7},{"not_picked":["Fire Breathing","Body Slam"],"picked":"Iron Wave","floor":8},{"not_picked":["Corruption","Headbutt"],"picked":"Sentinel","floor":12},{"not_picked":["Sword Boomerang","Heavy Blade","Hemokinesis"],"picked":"SKIP","floor":14}],"player_experience":1338235,"relics_obtained":[{"floor":8,"key":"Whetstone"},{"floor":9,"key":"MawBank"}],"event_choices":[{"damage_healed":0,"gold_gain":0,"player_choice":"Leave","damage_taken":0,"max_hp_gain":0,"max_hp_loss":0,"event_name":"The Cleric","floor":3,"gold_loss":0},{"cards_removed":["Strike_R"],"damage_healed":0,"gold_gain":0,"player_choice":"Offered Basic","damage_taken":0,"max_hp_gain":0,"max_hp_loss":0,"event_name":"Bonfire Elementals","floor":10,"gold_loss":0},{"damage_healed":0,"gold_gain":0,"player_choice":"Ignored","damage_taken":0,"max_hp_gain":0,"max_hp_loss":0,"event_name":"Golden Idol","floor":11,"gold_loss":0},{"cards_removed":["Strike_R"],"damage_healed":0,"gold_gain":0,"player_choice":"Card Removal","damage_taken":7,"max_hp_gain":0,"max_hp_loss":0,"event_name":"Golden Wing","floor":13,"gold_loss":0}],"is_beta":false,"boss_relics":[],"items_purged_floors":[],"is_endless":false,"potions_floor_spawned":[5,8,14],"killed_by":"Slime Boss","ascension_level":8}