{"path_per_floor":["M","?","M","?","M","R","E","$","T","M","R","?","M","$","R","B",null,"M","M","$","?","?"],"character_chosen":"IRONCLAD","items_purchased":["Combust","Flame Barrier"],"gold_per_floor":[113,113,134,134,148,148,179,27,27,48,48,48,73,5,5,134,134,148,164,64,64,64,64],"floor_reached":23,"campfire_rested":0,"playtime":41031,"item_purchase_floors":[8,14],"current_hp_per_floor":[72,54,50,50,52,52,26,26,26,20,20,44,43,43,43,23,72,51,25,25,25,25,0],"items_purged":["Strike_R","Strike_R"],"gold":64,"score":189,"play_id":"82d163aa-a89b-4efc-821f-857245e20b36","local_time":"20180530131114","is_prod":false,"is_daily":false,"chose_seed":false,"is_ascension_mode":false,"campfire_upgraded":0,"win_rate":0,"timestamp":1527678674,"campfire_choices":[{"floor":6,"key":"DIG"},{"floor":11,"key":"DIG"},{"floor":15,"key":"DIG"}],"path_taken":["M","?","M","?","?","R","E","$","T","M","R","?","M","$","R","BOSS","M","M","$","?","?","E"],"build_version":"2018-05-24","seed_source_timestamp":1137829874563883,"purchased_purges":2,"victory":false,"master_deck":["Strike_R","Strike_R","Defend_R","Defend_R","Defend_R","Defend_R","Bash","Whirlwind","Pommel Strike","Barricade","Combust","True Grit","Metallicize","Flame Barrier","Impervious+1","Flame Barrier+1","Body Slam","Dramatic Entrance"],"max_hp_per_floor":[72,72,72,72,72,72,72,72,72,72,72,72,72,72,72,72,72,72,72,72,72,72,72],"relics":["Burning Blood","Shovel","Golden Idol","Bird Faced Urn","Bag of Preparation","Ornamental Fan","Toxic Egg 2","Black Star"],"card_choices":[{"not_picked":["Sword Boomerang","Hemokinesis"],"picked":"Whirlwind","floor":1},{"not_picked":["Whirlwind","True Grit"],"picked":"Pommel Strike","floor":3},{"not_picked":["Body Slam","Searing Blow","Sword Boomerang"],"picked":"SKIP","floor":5},{"not_picked":["Reckless Charge","Sword Boomerang"],"picked":"Barricade","floor":7},{"not_picked":["Wild Strike","Clash"],"picked":"True Grit","floor":10},{"not_picked":["Clash","Iron Wave"],"picked":"Metallicize","floor":13},{"not_picked":["Bludgeon","Barricade"],"picked":"Impervious+1","floor":16},{"not_picked":["Wild Strike","Cleave"],"picked":"Flame Barrier+1","floor":18},{"not_picked":["Anger+1","Infernal Blade+1"],"picked":"Body Slam","floor":19}],"player_experience":44778,"potions_floor_usage":[7,16,16],"damage_taken":[{"damage":1,"enemies":"2 Louse","floor":1,"turns":4},{"damage":10,"enemies":"Small Slimes","floor":3,"turns":2},{"damage":4,"enemies":"Cultist","floor":5,"turns":4},{"damage":32,"enemies":"Lagavulin","floor":7,"turns":8},{"damage":14,"enemies":"3 Louse","floor":10,"turns":2},{"damage":9,"enemies":"2 Fungi Beasts","floor":13,"turns":3},{"damage":32,"enemies":"Slime Boss","floor":16,"turns":10},{"damage":28,"enemies":"Shell Parasite","floor":18,"turns":15},{"damage":36,"enemies":"Chosen","floor":19,"turns":10},{"damage":29,"enemies":"Book of Stabbing","floor":23,"turns":6}],"relics_obtained":[{"floor":6,"key":"Bird Faced Urn"},{"floor":7,"key":"Bag of Preparation"},{"floor":9,"key":"Ornamental Fan"},{"floor":15,"key":"Toxic Egg 2"}],"event_choices":[{"event_name":"Golden Idol","player_choice":"Take Damage","floor":2,"damage_taken":0},{"event_name":"Liars Game","player_choice":"disagreed","floor":4,"damage_taken":0},{"event_name":"Big Fish","player_choice":"Banana","floor":12,"damage_taken":0},{"event_name":"Wheel of Change","player_choice":"Card Removal","floor":21,"damage_taken":0},{"event_name":"Match and Keep!","player_choice":"1 cards matched","floor":22,"damage_taken":0}],"boss_relics":[{"not_picked":["Cursed Key","Lizard Tail"],"picked":"Black Star"}],"items_purged_floors":[8,20],"potions_floor_spawned":[3,5,7,10,16],"seed_played":"8639614036444017070","killed_by":"Book of Stabbing","ascension_level":0,"potions_obtained":[{"floor":3,"key":"Dexterity Potion"},{"floor":5,"key":"GamblersBrew"},{"floor":7,"key":"SteroidPotion"},{"floor":10,"key":"Fire Potion"},{"floor":16,"key":"Ancient Potion"}],"is_trial":false}