{"gold_per_floor":[112,112,172,186,249,282,296,328,328,378,378,388,84,84,84,189,189,203,253,330,348,348],"floor_reached":22,"playtime":14983,"items_purged":["Strike_G"],"score":206,"play_id":"136ff0d0-ea46-4161-9f2f-8075c6d10e4b","local_time":"20181226234301","is_ascension_mode":true,"campfire_choices":[{"data":"Night Terror","floor":11.0,"key":"SMITH"},{"floor":15.0,"key":"REST"}],"neow_cost":"NONE","seed_source_timestamp":0,"circlet_count":0,"master_deck":["Defend_G","Defend_G","Defend_G","Defend_G","Defend_G","Strike_G","Strike_G","Survivor","Neutralize","Dash","Well Laid Plans","Sucker Punch","Cloak And Dagger","Well Laid Plans","Night Terror+1","Deflect","Footwork","Venomology","Dagger Spray","RitualDagger","Footwork"],"special_seed":0,"relics":["Ring of the Snake","NeowsBlessing","SsserpentHead","Art of War","Orichalcum","PreservedInsect","Regal Pillow","Sozu","Red Mask"],"potions_floor_usage":[20],"damage_taken":[{"damage":0.0,"enemies":"2 Louse","floor":1.0,"turns":1.0},{"damage":0.0,"enemies":"Cultist","floor":3.0,"turns":1.0},{"damage":0.0,"enemies":"Small Slimes","floor":4.0,"turns":1.0},{"damage":0.0,"enemies":"Looter","floor":5.0,"turns":4.0},{"damage":16.0,"enemies":"Gremlin Nob","floor":6.0,"turns":5.0},{"damage":13.0,"enemies":"Exordium Thugs","floor":7.0,"turns":5.0},{"damage":15.0,"enemies":"3 Sentries","floor":8.0,"turns":9.0},{"damage":2.0,"enemies":"Large Slime","floor":12.0,"turns":9.0},{"damage":42.0,"enemies":"Slime Boss","floor":16.0,"turns":20.0},{"damage":18,"enemies":"3 Byrds","floor":18,"turns":9},{"damage":35,"enemies":"Masked Bandits","floor":20,"turns":6},{"damage":4,"enemies":"Shell Parasite","floor":21,"turns":5},{"damage":5,"enemies":"Centurion and Healer","floor":22,"turns":5}],"seed_played":"6536869738363321369","potions_obtained":[{"floor":1.0,"key":"SteroidPotion"},{"floor":5.0,"key":"Dexterity Potion"},{"floor":6.0,"key":"GhostInAJar"},{"floor":16.0,"key":"PowerPotion"}],"is_trial":false,"path_per_floor":["M","?","M","M","M","E","M","E","T","?","R","M","$","?","R","B",null,"M","?","?","M","M"],"character_chosen":"THE_SILENT","items_purchased":["Footwork","Regal Pillow"],"campfire_rested":1,"item_purchase_floors":[13,13],"current_hp_per_floor":[70,70,70,70,70,54,41,26,26,19,19,17,17,17,53,11,70,52,46,11,7,2],"gold":348,"neow_bonus":"THREE_ENEMY_KILL","is_prod":false,"is_daily":false,"chose_seed":false,"campfire_upgraded":1,"win_rate":0,"timestamp":1545889381,"path_taken":["M","?","?","M","?","E","M","E","T","?","R","M","$","?","R","BOSS","M","?","?","M","M"],"build_version":"2018-12-20","purchased_purges":1,"victory":false,"max_hp_per_floor":[70,70,70,70,70,70,70,70,70,70,70,70,70,70,70,70,70,70,70,70,70,70],"card_choices":[{"not_picked":["Finisher","Poisoned Stab"],"picked":"Dash","floor":1.0},{"not_picked":["Poisoned Stab","Crippling Poison"],"picked":"Well Laid Plans","floor":3.0},{"not_picked":["Bane","Underhanded Strike","Blade Dance"],"picked":"SKIP","floor":4.0},{"not_picked":["Blur","Deflect"],"picked":"Sucker Punch","floor":5.0},{"not_picked":["Blade Dance","Acrobatics"],"picked":"Cloak And Dagger","floor":6.0},{"not_picked":["Bane","Flying Knee"],"picked":"Well Laid Plans","floor":7.0},{"not_picked":["Masterful Stab","Leg Sweep"],"picked":"Night Terror","floor":8.0},{"not_picked":["Riddle With Holes","Eviscerate"],"picked":"Deflect","floor":12.0},{"not_picked":["Wraith Form v2","Storm of Steel"],"picked":"Venomology","floor":16.0},{"not_picked":["Distraction","Backstab"],"picked":"Dagger Spray","floor":18},{"not_picked":["Quick Slash+1","Blade Dance+1"],"picked":"Footwork","floor":20},{"not_picked":["Flechettes","Riddle With Holes","Dagger Spray"],"picked":"SKIP","floor":21}],"player_experience":320771,"relics_obtained":[{"floor":6.0,"key":"Art of War"},{"floor":8.0,"key":"Orichalcum"},{"floor":9.0,"key":"PreservedInsect"},{"floor":20,"key":"Red Mask"}],"event_choices":[{"damage_healed":0.0,"max_hp_gain":0.0,"max_hp_loss":0.0,"gold_gain":0.0,"event_name":"FaceTrader","player_choice":"Trade","floor":2.0,"gold_loss":0.0,"damage_taken":0.0,"relics_obtained":["SsserpentHead"]},{"cards_removed":["Strike_G"],"damage_healed":0.0,"max_hp_gain":0.0,"max_hp_loss":0.0,"gold_gain":0.0,"event_name":"Golden Wing","player_choice":"Card Removal","floor":10.0,"gold_loss":0.0,"damage_taken":7.0},{"cards_removed":["Strike_G"],"damage_healed":0.0,"max_hp_gain":0.0,"max_hp_loss":0.0,"gold_gain":0.0,"event_name":"The Cleric","player_choice":"Card Removal","floor":14.0,"gold_loss":50.0,"damage_taken":0.0},{"damage_healed":0,"gold_gain":0,"player_choice":"Joined the Cult","damage_taken":6,"max_hp_gain":0,"max_hp_loss":0,"event_name":"Nest","floor":19,"gold_loss":0,"cards_obtained":["RitualDagger"]},{"damage_healed":0,"gold_gain":0,"player_choice":"Fought Bandits","damage_taken":0,"max_hp_gain":0,"max_hp_loss":0,"event_name":"Masked Bandits","floor":20,"gold_loss":0}],"is_beta":false,"boss_relics":[{"not_picked":["Pandora\u0027s Box","Fusion Hammer"],"picked":"Sozu"}],"items_purged_floors":[13],"is_endless":false,"potions_floor_spawned":[1,5,6,16,20,21],"killed_by":"Centurion and Healer","ascension_level":1}