{"gold_per_floor":[116,132,147,72,90,118,75,105,178,253,253,265,79,79,79,176,176,196,207,222,239,255,255,255],"floor_reached":24,"playtime":1324,"items_purged":["Strike_G"],"score":286,"play_id":"503f974d-d0b9-414b-a16e-ae7d4e0b6cdf","local_time":"20180906012208","is_ascension_mode":true,"campfire_choices":[{"floor":11,"key":"REST"},{"floor":15,"key":"REST"},{"floor":23,"key":"REST"}],"neow_cost":"","seed_source_timestamp":8545291415094,"circlet_count":0,"master_deck":["Survivor","Neutralize","Choke","Infinite Blades","Dagger Throw","Terror","Caltrops","Apotheosis","Corpse Explosion","Dagger Spray","Choke","Backflip","Deadly Poison","Prepared","Blade Dance","Cloak And Dagger","Cloak And Dagger","Bouncing Flask","Dagger Throw+1","Dodge and Roll+1","Distraction","Caltrops"],"relics":["Ring of the Snake","Bottled Flame","Thread and Needle","Ornamental Fan","Pandora\u0027s Box"],"potions_floor_usage":[8,8,19,24],"damage_taken":[{"damage":3,"enemies":"Small Slimes","floor":1,"turns":6},{"damage":1,"enemies":"2 Louse","floor":2,"turns":4},{"damage":0,"enemies":"Cultist","floor":3,"turns":5},{"damage":7,"enemies":"Blue Slaver","floor":5,"turns":6},{"damage":35,"enemies":"3 Sentries","floor":6,"turns":11},{"damage":8,"enemies":"Gremlin Nob","floor":8,"turns":3},{"damage":12,"enemies":"Large Slime","floor":12,"turns":6},{"damage":0,"enemies":"The Guardian","floor":16,"turns":9},{"damage":9,"enemies":"3 Byrds","floor":18,"turns":3},{"damage":18,"enemies":"2 Thieves","floor":19,"turns":2},{"damage":6,"enemies":"3 Cultists","floor":20,"turns":4},{"damage":14,"enemies":"Snake Plant","floor":21,"turns":4},{"damage":21,"enemies":"Centurion and Healer","floor":22,"turns":7},{"damage":26,"enemies":"Slavers","floor":24,"turns":1}],"seed_played":"-6867454750851812622","potions_obtained":[{"floor":3,"key":"AttackPotion"},{"floor":6,"key":"SteroidPotion"},{"floor":12,"key":"Explosive Potion"},{"floor":20,"key":"Swift Potion"},{"floor":22,"key":"Strength Potion"}],"is_trial":false,"path_per_floor":["M","M","M","$","M","E","?","E","T","?","R","M","$","$","R","B",null,"M","M","M","M","M","R"],"character_chosen":"THE_SILENT","items_purchased":["Apotheosis"],"campfire_rested":3,"item_purchase_floors":[13],"current_hp_per_floor":[67,66,66,66,59,24,24,16,16,9,30,18,18,18,39,39,70,61,43,37,23,2,23,0],"gold":255,"neow_bonus":"","is_prod":false,"is_daily":false,"chose_seed":false,"campfire_upgraded":0,"win_rate":0,"timestamp":1536211328,"path_taken":["M","M","M","$","M","E","?","E","T","?","R","M","?","$","R","BOSS","M","M","M","M","M","R","E"],"build_version":"2018-08-30","purchased_purges":1,"victory":false,"max_hp_per_floor":[70,70,70,70,70,70,70,70,70,70,70,70,70,70,70,70,70,70,70,70,70,70,70,70],"card_choices":[{"not_picked":["Dagger Spray","Distraction"],"picked":"Choke","floor":1},{"not_picked":["Slice","Outmaneuver","PiercingWail"],"picked":"SKIP","floor":2},{"not_picked":["Dodge and Roll","Sucker Punch"],"picked":"Infinite Blades","floor":3},{"not_picked":["Flying Knee","Bouncing Flask"],"picked":"Dagger Throw","floor":5},{"not_picked":["Escape Plan","Masterful Stab"],"picked":"Terror","floor":6},{"not_picked":["PiercingWail","Distraction"],"picked":"Caltrops","floor":8},{"not_picked":["Bane","Concentrate","Outmaneuver"],"picked":"SKIP","floor":12},{"not_picked":["Tools of the Trade","Doppelganger"],"picked":"Corpse Explosion","floor":16},{"not_picked":["Noxious Fumes+1","Underhanded Strike"],"picked":"Dagger Throw+1","floor":18},{"not_picked":["Underhanded Strike","Reflex"],"picked":"Dodge and Roll+1","floor":19},{"not_picked":["Dodge and Roll","Noxious Fumes"],"picked":"Distraction","floor":20},{"not_picked":["Acrobatics","Blade Dance+1","Unload"],"picked":"SKIP","floor":21},{"not_picked":["Quick Slash","Sucker Punch"],"picked":"Caltrops","floor":22}],"player_experience":751446,"relics_obtained":[{"floor":6,"key":"Bottled Flame"},{"floor":8,"key":"Thread and Needle"},{"floor":9,"key":"Ornamental Fan"}],"event_choices":[{"event_name":"World of Goop","player_choice":"Left","floor":7,"damage_taken":0},{"event_name":"FaceTrader","player_choice":"Touch","floor":10,"damage_taken":0}],"is_beta":false,"boss_relics":[{"not_picked":["Snecko Eye","Calling Bell"],"picked":"Pandora\u0027s Box"}],"items_purged_floors":[4],"is_endless":false,"potions_floor_spawned":[3,6,12,20,22],"killed_by":"Slavers","ascension_level":2}