{"gold_per_floor":[119,129,129,129,149,149,168,443,443,457,472,472,502,73,73,171,171,183,183,183,183],"floor_reached":21,"playtime":2237,"items_purged":["Strike_R"],"score":269,"play_id":"b66444b3-1dc3-496a-9e54-fd2b6dc9cc62","local_time":"20190113202849","is_ascension_mode":true,"campfire_choices":[{"data":"Armaments","floor":6,"key":"SMITH"},{"data":"Seeing Red","floor":12,"key":"SMITH"},{"floor":15,"key":"REST"}],"neow_cost":"NONE","seed_source_timestamp":144148474453527,"circlet_count":0,"master_deck":["AscendersBane","Strike_R+1","Strike_R","Strike_R","Strike_R","Defend_R","Defend_R","Defend_R","Defend_R","Bash","Impatience","Heavy Blade+1","Armaments+1","Seeing Red+1","Regret","Reaper","Combust","Magnetism","Double Tap+1","Rupture","Juggernaut","Shrug It Off+1"],"relics":["Burning Blood","Gremlin Horn","Vajra","Happy Flower","Philosopher\u0027s Stone"],"potions_floor_usage":[2,7,11,16,16,19],"damage_taken":[{"damage":4,"enemies":"Small Slimes","floor":1,"turns":4},{"damage":5,"enemies":"2 Louse","floor":2,"turns":4},{"damage":2,"enemies":"Jaw Worm","floor":5,"turns":3},{"damage":5,"enemies":"Gremlin Gang","floor":7,"turns":6},{"damage":9,"enemies":"Looter","floor":10,"turns":3},{"damage":6,"enemies":"Large Slime","floor":11,"turns":5},{"damage":38,"enemies":"Gremlin Nob","floor":13,"turns":4},{"damage":36,"enemies":"Slime Boss","floor":16,"turns":6},{"damage":46,"enemies":"Chosen","floor":18,"turns":7},{"damage":39,"enemies":"Colosseum Slavers","floor":19,"turns":4},{"damage":10,"enemies":"Shell Parasite","floor":21,"turns":1}],"seed_played":"-6609502638622542620","potions_obtained":[{"floor":1,"key":"EntropicBrew"},{"floor":7,"key":"GamblersBrew"},{"floor":18,"key":"Weak Potion"}],"is_trial":false,"path_per_floor":["M","M","?","?","M","R","M","?","T","M","M","R","E","$","R","B",null,"M","?","?","M"],"character_chosen":"IRONCLAD","items_purchased":["Magnetism","Double Tap","Rupture"],"campfire_rested":1,"item_purchase_floors":[14,14,14],"current_hp_per_floor":[74,75,63,47,51,51,52,52,52,49,49,49,24,24,48,26,67,37,10,10,0],"gold":183,"neow_bonus":"RANDOM_COLORLESS","is_prod":false,"is_daily":false,"chose_seed":false,"campfire_upgraded":2,"win_rate":0,"timestamp":1547429329,"path_taken":["M","M","?","?","M","R","M","?","T","M","?","R","E","$","R","BOSS","M","?","?","?"],"build_version":"2019-01-10","purchased_purges":1,"victory":false,"max_hp_per_floor":[80,80,80,80,80,80,80,80,80,80,80,80,80,80,80,80,80,80,80,80,80],"card_choices":[{"not_picked":["Cleave","Flex"],"picked":"Heavy Blade","floor":1},{"not_picked":["Twin Strike","Sever Soul"],"picked":"Armaments","floor":2},{"not_picked":["Sword Boomerang","Clothesline"],"picked":"Seeing Red","floor":5},{"not_picked":["Anger","Clothesline","Clash"],"picked":"SKIP","floor":7},{"not_picked":["Warcry","Clash"],"picked":"Reaper","floor":10},{"not_picked":["Havoc","Body Slam"],"picked":"Combust","floor":11},{"not_picked":["Wild Strike","Heavy Blade","Iron Wave"],"picked":"SKIP","floor":13},{"not_picked":["Fiend Fire","Demon Form"],"picked":"Juggernaut","floor":16},{"not_picked":["Wild Strike+1","Disarm"],"picked":"Shrug It Off+1","floor":18}],"player_experience":1748950,"relics_obtained":[{"floor":9,"key":"Vajra"},{"floor":13,"key":"Happy Flower"}],"event_choices":[{"damage_healed":0,"gold_gain":0,"player_choice":"Success","damage_taken":12,"relics_obtained":["Gremlin Horn"],"max_hp_gain":0,"max_hp_loss":0,"event_name":"Scrap Ooze","floor":3,"gold_loss":0},{"damage_healed":0,"gold_gain":0,"player_choice":"Entered Light","damage_taken":16,"max_hp_gain":0,"max_hp_loss":0,"event_name":"Shining Light","floor":4,"gold_loss":0,"cards_upgraded":["Strike_R","Heavy Blade"]},{"damage_healed":0,"gold_gain":275,"player_choice":"Desecrate","damage_taken":0,"max_hp_gain":0,"max_hp_loss":0,"event_name":"Golden Shrine","floor":8,"gold_loss":0,"cards_obtained":["Regret"]},{"damage_healed":0,"gold_gain":0,"player_choice":"Fight","damage_taken":0,"max_hp_gain":0,"max_hp_loss":0,"event_name":"Colosseum","floor":19,"gold_loss":0},{"damage_healed":0,"gold_gain":0,"player_choice":"Fled From Nobs","damage_taken":0,"max_hp_gain":0,"max_hp_loss":0,"event_name":"Colosseum","floor":19,"gold_loss":0},{"damage_healed":0,"gold_gain":0,"player_choice":"Forge","damage_taken":0,"max_hp_gain":0,"max_hp_loss":0,"event_name":"Accursed Blacksmith","floor":20,"gold_loss":0,"cards_upgraded":["Double Tap"]}],"is_beta":false,"boss_relics":[{"not_picked":["Runic Pyramid","Snecko Eye"],"picked":"Philosopher\u0027s Stone"}],"items_purged_floors":[14],"is_endless":false,"potions_floor_spawned":[1,2,7,18,19],"killed_by":"Shell Parasite","ascension_level":10}