{"gold_per_floor":[113,133,133,133,146,175,175,192,218,262,274,18,18,18,18,121,121,138,138,150,150,167,167,187,201,201,201,401,434,434,434,434,434],"floor_reached":33,"playtime":1770,"items_purged":[],"score":407,"play_id":"e18814c3-fbe3-4bd7-b8b7-2952d401e540","local_time":"20190202184413","is_ascension_mode":true,"campfire_choices":[{"data":"Dualcast","floor":7,"key":"SMITH"},{"floor":13,"key":"REST"},{"data":"FTL","floor":15,"key":"SMITH"},{"floor":23,"key":"REST"},{"floor":27,"key":"REST"},{"floor":30,"key":"REST"},{"data":"Ghostly","floor":32,"key":"SMITH"}],"neow_cost":"NONE","seed_source_timestamp":104827977771885,"circlet_count":0,"master_deck":["Strike_B","Strike_B","Strike_B","Defend_B+1","Defend_B","Defend_B","Zap+1","Dualcast+1","Darkness+1","Leap","Gash","Defragment","Rip and Tear","Seek","FTL+1","Panache","Turbo","All For One","Capacitor+1","Machine Learning","Conserve Battery","Coolheaded+1","Zap","Panacea","Redo","Capacitor+1","Echo Form","Ghostly+1","Ghostly","Ghostly","Ghostly","Ghostly"],"relics":["FrozenCore","NeowsBlessing","Omamori","MawBank","Regal Pillow","Question Card","Juzu Bracelet"],"potions_floor_usage":[6,10,10,22,29],"damage_taken":[{"damage":0,"enemies":"2 Louse","floor":1,"turns":1},{"damage":0,"enemies":"Small Slimes","floor":2,"turns":1},{"damage":0,"enemies":"Cultist","floor":5,"turns":1},{"damage":18,"enemies":"3 Sentries","floor":6,"turns":8},{"damage":0,"enemies":"3 Louse","floor":8,"turns":4},{"damage":22,"enemies":"Lagavulin","floor":10,"turns":5},{"damage":19,"enemies":"Hexaghost","floor":16,"turns":7},{"damage":10,"enemies":"Shell Parasite","floor":18,"turns":5},{"damage":14,"enemies":"2 Thieves","floor":20,"turns":4},{"damage":16,"enemies":"Centurion and Healer","floor":22,"turns":4},{"damage":18,"enemies":"Chosen and Byrds","floor":24,"turns":7},{"damage":32,"enemies":"Snake Plant","floor":25,"turns":4},{"damage":39,"enemies":"Slavers","floor":29,"turns":7},{"damage":47,"enemies":"Champ","floor":33,"turns":10}],"seed_played":"-2172725050510954718","potions_obtained":[{"floor":1,"key":"FearPotion"},{"floor":2,"key":"Fire Potion"},{"floor":5,"key":"FocusPotion"},{"floor":18,"key":"Strength Potion"},{"floor":25,"key":"Block Potion"}],"is_trial":false,"path_per_floor":["M","M","?","?","M","E","R","M","T","E","?","$","R","T","R","B",null,"M","?","M","?","M","R","M","M","T","R","?","E","R","?","R","B"],"character_chosen":"DEFECT","items_purchased":["FTL","Panache","Turbo"],"campfire_rested":4,"item_purchase_floors":[12,12,12],"current_hp_per_floor":[68,68,53,53,53,35,35,35,35,13,1,1,38,38,38,19,61,51,51,37,37,21,58,40,8,8,45,45,6,43,37,37,0],"gold":434,"neow_bonus":"THREE_ENEMY_KILL","is_prod":false,"is_daily":false,"chose_seed":false,"campfire_upgraded":3,"win_rate":0,"timestamp":1549151053,"path_taken":["M","M","?","?","M","E","R","M","T","E","?","$","R","?","R","BOSS","M","?","M","?","?","R","M","M","T","R","?","E","R","?","R","BOSS"],"build_version":"2019-01-23","purchased_purges":0,"victory":false,"max_hp_per_floor":[75,75,75,75,75,75,75,75,75,75,75,75,75,75,75,75,75,75,75,75,75,75,75,75,75,75,75,75,75,75,37,37,37],"card_choices":[{"not_picked":["Steam Power","Tempest"],"picked":"Darkness","floor":1},{"not_picked":["Stack","Steam"],"picked":"Leap","floor":2},{"not_picked":["Streamline","BootSequence"],"picked":"Gash","floor":5},{"not_picked":["Melter","Blizzard"],"picked":"Defragment","floor":6},{"not_picked":["Leap","Barrage"],"picked":"Rip and Tear","floor":8},{"not_picked":["Doom and Gloom","Scrape"],"picked":"Seek","floor":10},{"not_picked":["Biased Cognition","Meteor Strike","Machine Learning"],"picked":"All For One","floor":16},{"not_picked":["Storm+1","Auto Shields+1","Recycle"],"picked":"Capacitor+1","floor":18},{"not_picked":["Aggregate","Heatsinks","Barrage+1"],"picked":"Coolheaded+1","floor":20},{"not_picked":["Streamline","Double Energy","Chill+1"],"picked":"Redo","floor":22},{"not_picked":["Coolheaded+1","Steam","Ball Lightning","Conserve Battery"],"picked":"SKIP","floor":24},{"not_picked":["Cold Snap","Steam","Recycle"],"picked":"Capacitor+1","floor":25},{"not_picked":["Go for the Eyes+1","Sweeping Beam","Melter+1"],"picked":"Echo Form","floor":29}],"player_experience":561408,"relics_obtained":[{"floor":6,"key":"Omamori"},{"floor":9,"key":"MawBank"},{"floor":10,"key":"Regal Pillow"},{"floor":14,"key":"Question Card"},{"floor":29,"key":"Juzu Bracelet"}],"event_choices":[{"damage_healed":0,"gold_gain":0,"player_choice":"Entered Light","damage_taken":15,"max_hp_gain":0,"max_hp_loss":0,"event_name":"Shining Light","floor":3,"gold_loss":0,"cards_upgraded":["Zap","Defend_B"]},{"damage_healed":0,"gold_gain":0,"player_choice":"Grow","damage_taken":0,"max_hp_gain":0,"max_hp_loss":0,"event_name":"Living Wall","floor":4,"gold_loss":0,"cards_upgraded":["Darkness"]},{"damage_healed":0,"gold_gain":0,"player_choice":"Fled","damage_taken":12,"max_hp_gain":0,"max_hp_loss":0,"event_name":"Scrap Ooze","floor":11,"gold_loss":0},{"damage_healed":0,"gold_gain":0,"cards_transformed":["Strike_B","Defend_B"],"player_choice":"Became Test Subject","damage_taken":0,"max_hp_gain":0,"max_hp_loss":0,"event_name":"Drug Dealer","floor":19,"gold_loss":0,"cards_obtained":["Machine Learning","Conserve Battery"]},{"damage_healed":0,"gold_gain":0,"player_choice":"2 cards matched","damage_taken":0,"max_hp_gain":0,"max_hp_loss":0,"event_name":"Match and Keep!","floor":21,"gold_loss":0,"cards_obtained":["Zap","Panacea"]},{"damage_healed":0,"gold_gain":250,"player_choice":"Bet on Owner","damage_taken":0,"max_hp_gain":0,"max_hp_loss":0,"event_name":"The Joust","floor":28,"gold_loss":50},{"damage_healed":0,"gold_gain":0,"player_choice":"Became a Ghost","damage_taken":0,"max_hp_gain":0,"max_hp_loss":38,"event_name":"Ghosts","floor":31,"gold_loss":0,"cards_obtained":["Ghostly","Ghostly","Ghostly","Ghostly","Ghostly"]}],"is_beta":false,"boss_relics":[{"not_picked":["Black Star","Tiny House"],"picked":"FrozenCore"}],"items_purged_floors":[],"is_endless":false,"potions_floor_spawned":[1,2,5,18,25],"killed_by":"Champ","ascension_level":8}