{"gold_per_floor":[116,128,22,40,52,52,80,109,184,184,184,184,184,202,202,298,298,314,264,287,287,114,114,155,70,70,70,114,114,137,153,153,249,249,270,64,85,6,6,6,65,65,65,65,104,104,119,134,134,134],"floor_reached":50,"playtime":2121,"items_purged":["Defend_R","Strike_R"],"score":1012,"play_id":"06878085-8695-4342-af03-29e49dfc179e","local_time":"20190510220607","is_ascension_mode":true,"campfire_choices":[{"data":"Flash of Steel","floor":6.0,"key":"SMITH"},{"data":"Rage","floor":11.0,"key":"SMITH"},{"floor":13.0,"key":"REST"},{"floor":15.0,"key":"REST"},{"floor":23.0,"key":"REST"},{"floor":27.0,"key":"REST"},{"floor":29.0,"key":"REST"},{"floor":32.0,"key":"REST"},{"floor":40.0,"key":"REST"},{"floor":42.0,"key":"REST"},{"floor":46.0,"key":"REST"},{"floor":49.0,"key":"REST"}],"neow_cost":"NONE","seed_source_timestamp":0,"circlet_count":0,"master_deck":["AscendersBane","Strike_R+1","Strike_R","Strike_R","Strike_R","Defend_R","Defend_R","Defend_R","Bash","Demon Form","Anger","Twin Strike","Flash of Steel+1","Twin Strike","Rage+1","Shrug It Off","Shrug It Off","Offering","Rampage","Cleave","Finesse","Pummel+1","True Grit+1","Juggernaut","Heavy Blade","Finesse","Heavy Blade","Madness","Madness","Rampage+1","Pummel","Warcry"],"special_seed":0,"relics":["Black Blood","Odd Mushroom","Unceasing Top","Shuriken","Golden Idol","Cursed Key","Omamori","Boot","Art of War","Centennial Puzzle","Charon\u0027s Ashes","Whetstone","Mercury Hourglass"],"potions_floor_usage":[50,50],"damage_taken":[{"damage":15.0,"enemies":"2 Louse","floor":1.0,"turns":4.0},{"damage":0.0,"enemies":"Jaw Worm","floor":2.0,"turns":3.0},{"damage":10.0,"enemies":"Small Slimes","floor":4.0,"turns":3.0},{"damage":13.0,"enemies":"Red Slaver","floor":5.0,"turns":3.0},{"damage":17.0,"enemies":"The Mushroom Lair","floor":7.0,"turns":4.0},{"damage":8.0,"enemies":"Gremlin Nob","floor":8.0,"turns":3.0},{"damage":6.0,"enemies":"2 Fungi Beasts","floor":14.0,"turns":3.0},{"damage":28.0,"enemies":"Hexaghost","floor":16.0,"turns":8.0},{"damage":31.0,"enemies":"Spheric Guardian","floor":18.0,"turns":4.0},{"damage":23.0,"enemies":"2 Thieves","floor":20.0,"turns":4.0},{"damage":48.0,"enemies":"Book of Stabbing","floor":24.0,"turns":5.0},{"damage":24.0,"enemies":"Gremlin Leader","floor":28.0,"turns":6.0},{"damage":6.0,"enemies":"3 Cultists","floor":30.0,"turns":4.0},{"damage":30.0,"enemies":"Snake Plant","floor":31.0,"turns":4.0},{"damage":26.0,"enemies":"Champ","floor":33.0,"turns":7.0},{"damage":5.0,"enemies":"Orb Walker","floor":35.0,"turns":3.0},{"damage":15.0,"enemies":"3 Shapes","floor":37.0,"turns":4.0},{"damage":70.0,"enemies":"2 Orb Walkers","floor":41.0,"turns":5.0},{"damage":54.0,"enemies":"Reptomancer","floor":45.0,"turns":5.0},{"damage":17.0,"enemies":"3 Darklings","floor":47.0,"turns":4.0},{"damage":25.0,"enemies":"Jaw Worm Horde","floor":48.0,"turns":4.0},{"damage":38,"enemies":"Awakened One","floor":50,"turns":2}],"seed_played":"1703901601809650673","potions_obtained":[{"floor":1.0,"key":"Block Potion"},{"floor":2.0,"key":"FearPotion"},{"floor":4.0,"key":"GamblersBrew"},{"floor":8.0,"key":"FearPotion"},{"floor":20.0,"key":"Swift Potion"},{"floor":28.0,"key":"Block Potion"},{"floor":30.0,"key":"Fire Potion"},{"floor":35.0,"key":"Fire Potion"},{"floor":37.0,"key":"AttackPotion"},{"floor":47.0,"key":"EssenceOfSteel"},{"floor":48.0,"key":"Explosive Potion"}],"is_trial":false,"path_per_floor":["M","M","$","M","M","R","?","E","T","?","R","?","R","M","R","B",null,"M","?","M","?","$","R","E","?","T","R","E","R","M","M","R","B",null,"M","$","M","$","?","R","?","R","T","?","E","R","M","M","R","B"],"character_chosen":"IRONCLAD","items_purchased":["Flash of Steel","Finesse","Finesse","Energy Potion","Heavy Blade"],"campfire_rested":10,"item_purchase_floors":[3,22,36,38,38],"current_hp_per_floor":[59,65,65,61,54,54,43,41,41,46,46,18,42,42,66,44,71,46,46,29,45,45,69,27,27,27,51,33,57,57,33,57,37,69,74,74,69,69,55,79,19,43,43,66,22,41,34,19,38,0],"gold":134,"neow_bonus":"ONE_RANDOM_RARE_CARD","is_prod":false,"is_daily":false,"chose_seed":false,"campfire_upgraded":2,"win_rate":0,"timestamp":1557534967,"path_taken":["M","M","$","M","M","R","?","E","T","?","R","?","R","M","R","BOSS","M","?","?","?","$","R","E","?","T","R","E","R","M","M","R","BOSS","M","$","M","$","?","R","?","R","T","?","E","R","M","M","R","BOSS"],"build_version":"2019-01-23","purchased_purges":2,"victory":false,"max_hp_per_floor":[75,75,75,75,75,75,75,75,75,80,80,80,80,80,80,80,80,80,80,80,80,80,80,80,80,80,80,80,80,80,80,80,80,80,80,80,80,80,80,80,80,80,80,66,66,66,66,66,66,66],"card_choices":[{"not_picked":["Hemokinesis","Havoc"],"picked":"Anger","floor":1.0},{"not_picked":["Flex","Havoc"],"picked":"Twin Strike","floor":2.0},{"not_picked":["Second Wind","Flex"],"picked":"Twin Strike","floor":4.0},{"not_picked":["Thunderclap","Combust"],"picked":"Rage","floor":5.0},{"not_picked":["Burning Pact","Clothesline"],"picked":"Shrug It Off","floor":7.0},{"not_picked":["True Grit","Flex","Feed"],"picked":"SKIP","floor":8.0},{"not_picked":["True Grit","Ghostly Armor"],"picked":"Shrug It Off","floor":14.0},{"not_picked":["Immolate","Double Tap"],"picked":"Offering","floor":16.0},{"not_picked":["Shockwave","Ghostly Armor"],"picked":"Rampage","floor":18.0},{"not_picked":["Pommel Strike","Sever Soul+1"],"picked":"Cleave","floor":20.0},{"not_picked":["Rupture","Cleave","Searing Blow+1"],"picked":"SKIP","floor":24.0},{"not_picked":["Intimidate","Reckless Charge","Body Slam"],"picked":"SKIP","floor":28.0},{"not_picked":["Clothesline+1","Sword Boomerang"],"picked":"Pummel","floor":30.0},{"not_picked":["Reckless Charge","Shockwave"],"picked":"True Grit+1","floor":31.0},{"not_picked":["Bludgeon","Immolate"],"picked":"Juggernaut","floor":33.0},{"not_picked":["Blood for Blood","Burning Pact"],"picked":"Heavy Blade","floor":35.0},{"not_picked":["Carnage","Sword Boomerang","Corruption"],"picked":"SKIP","floor":37.0},{"not_picked":["Body Slam","Pommel Strike"],"picked":"Rampage+1","floor":45.0},{"not_picked":["Headbutt","Thunderclap"],"picked":"Pummel","floor":47.0},{"not_picked":["Dropkick","Sword Boomerang"],"picked":"Warcry","floor":48.0}],"player_experience":1192995,"relics_obtained":[{"floor":7.0,"key":"Odd Mushroom"},{"floor":8.0,"key":"Unceasing Top"},{"floor":9.0,"key":"Shuriken"},{"floor":24.0,"key":"Omamori"},{"floor":26.0,"key":"Art of War"},{"floor":28.0,"key":"Centennial Puzzle"},{"floor":41.0,"key":"Charon\u0027s Ashes"},{"floor":43.0,"key":"Whetstone"},{"floor":45.0,"key":"Mercury Hourglass"}],"event_choices":[{"damage_healed":0.0,"max_hp_gain":0.0,"max_hp_loss":0.0,"gold_gain":0.0,"event_name":"Mushrooms","player_choice":"Fought Mushrooms","floor":7.0,"gold_loss":0.0,"damage_taken":0.0},{"damage_healed":0.0,"max_hp_gain":5.0,"max_hp_loss":0.0,"gold_gain":0.0,"event_name":"Big Fish","player_choice":"Donut","floor":10.0,"gold_loss":0.0,"damage_taken":0.0},{"damage_healed":0.0,"max_hp_gain":0.0,"max_hp_loss":0.0,"gold_gain":0.0,"event_name":"Golden Idol","player_choice":"Take Damage","floor":12.0,"gold_loss":0.0,"damage_taken":28.0,"relics_obtained":["Golden Idol"]},{"damage_healed":0.0,"max_hp_gain":0.0,"max_hp_loss":0.0,"gold_gain":0.0,"event_name":"The Joust","player_choice":"Bet on Murderer","floor":19.0,"gold_loss":50.0,"damage_taken":0.0},{"damage_healed":16.0,"max_hp_gain":0.0,"max_hp_loss":0.0,"gold_gain":0.0,"event_name":"The Library","player_choice":"Heal","floor":21.0,"gold_loss":0.0,"damage_taken":0.0},{"damage_healed":0.0,"max_hp_gain":0.0,"max_hp_loss":0.0,"gold_gain":0.0,"event_name":"Addict","player_choice":"Obtained Relic","floor":25.0,"gold_loss":85.0,"damage_taken":0.0,"relics_obtained":["Boot"]},{"damage_healed":0.0,"max_hp_gain":0.0,"max_hp_loss":0.0,"gold_gain":0.0,"event_name":"Winding Halls","player_choice":"Embrace Madness","floor":39.0,"gold_loss":0.0,"damage_taken":14.0,"cards_obtained":["Madness","Madness"]},{"damage_healed":0.0,"max_hp_gain":0.0,"max_hp_loss":0.0,"gold_gain":0.0,"event_name":"Mysterious Sphere","player_choice":"Fight","floor":41.0,"gold_loss":0.0,"damage_taken":0.0},{"damage_healed":66.0,"max_hp_gain":0.0,"max_hp_loss":14.0,"gold_gain":0.0,"event_name":"The Moai Head","player_choice":"Heal","floor":44.0,"gold_loss":0.0,"damage_taken":0.0}],"is_beta":false,"boss_relics":[{"not_picked":["Coffee Dripper","Runic Cube"],"picked":"Cursed Key"},{"not_picked":["Snecko Eye","Black Star"],"picked":"Black Blood"}],"items_purged_floors":[22,36],"is_endless":false,"potions_floor_spawned":[1,2,4,8,20,28,30,35,37,47,48],"killed_by":"Awakened One","ascension_level":20}