{"path_per_floor":["M","?","M","$","?","R","E","R","T","R","M","R","M","E","R"],"character_chosen":"IRONCLAD","items_purchased":["Flex"],"gold_per_floor":[119,194,206,77,77,77,111,111,111,111,124,124,144,175,175,175],"floor_reached":16,"campfire_rested":0,"playtime":844,"item_purchase_floors":[4],"current_hp_per_floor":[80,69,70,70,63,63,54,54,54,54,58,58,61,38,38,0],"items_purged":["Defend_R"],"gold":175,"score":108,"play_id":"155a741c-6e6a-4cc1-acdd-1b51dc638479","local_time":"20180529201356","is_prod":false,"is_daily":false,"chose_seed":false,"is_ascension_mode":false,"campfire_upgraded":5,"win_rate":0,"timestamp":1527617636,"campfire_choices":[{"data":"Flex","floor":6,"key":"SMITH"},{"data":"Limit Break","floor":8,"key":"SMITH"},{"data":"Iron Wave","floor":10,"key":"SMITH"},{"data":"Cleave","floor":12,"key":"SMITH"},{"data":"Whirlwind","floor":15,"key":"SMITH"}],"path_taken":["M","?","M","$","?","R","E","R","T","R","M","R","M","E","R","BOSS"],"build_version":"2018-05-24","seed_source_timestamp":1117116767712928,"purchased_purges":1,"victory":false,"master_deck":["Strike_R","Strike_R","Strike_R","Defend_R","Defend_R","Defend_R","Bash","Limit Break+1","Cleave+1","Iron Wave+1","Flex+1","Dual Wield","Warcry","Whirlwind+1","Heavy Blade"],"max_hp_per_floor":[80,80,80,80,80,80,80,80,80,80,80,80,80,80,80,80],"relics":["Burning Blood","Toolbox","Letter Opener","Pantograph"],"card_choices":[{"not_picked":["Entrench","Shrug It Off"],"picked":"Cleave","floor":1},{"not_picked":["True Grit","Entrench"],"picked":"Iron Wave","floor":3},{"not_picked":["Pommel Strike","Armaments"],"picked":"Dual Wield","floor":7},{"not_picked":["Armaments","Anger"],"picked":"Warcry","floor":11},{"not_picked":["Corruption","Twin Strike"],"picked":"Whirlwind","floor":13},{"not_picked":["Anger","Shockwave"],"picked":"Heavy Blade","floor":14}],"player_experience":33444,"potions_floor_usage":[7,16],"damage_taken":[{"damage":4,"enemies":"Small Slimes","floor":1,"turns":7},{"damage":5,"enemies":"Cultist","floor":3,"turns":4},{"damage":15,"enemies":"Gremlin Nob","floor":7,"turns":3},{"damage":2,"enemies":"2 Louse","floor":11,"turns":2},{"damage":3,"enemies":"Exordium Wildlife","floor":13,"turns":3},{"damage":29,"enemies":"Lagavulin","floor":14,"turns":6},{"damage":64,"enemies":"The Guardian","floor":16,"turns":10}],"relics_obtained":[{"floor":7,"key":"Toolbox"},{"floor":9,"key":"Letter Opener"},{"floor":14,"key":"Pantograph"}],"event_choices":[{"event_name":"World of Goop","player_choice":"Gather Gold","floor":2,"damage_taken":0},{"event_name":"Golden Wing","player_choice":"Card Removal","floor":5,"damage_taken":0}],"boss_relics":[],"items_purged_floors":[4],"potions_floor_spawned":[1,7],"seed_played":"-7837279412387302201","killed_by":"The Guardian","ascension_level":0,"potions_obtained":[{"floor":1,"key":"Fire Potion"},{"floor":7,"key":"Swift Potion"}],"is_trial":false}