{"gold_per_floor":[215,215,215,228,248,248,268,268,325,336,354,379,379,398,398,398],"floor_reached":16,"playtime":867,"items_purged":[],"score":156,"play_id":"6d861812-0a71-4514-8218-dcd7baf30484","local_time":"20190113121151","is_ascension_mode":true,"campfire_choices":[{"data":"Anger","floor":6,"key":"SMITH"},{"data":"Bash","floor":8,"key":"SMITH"},{"data":"Pommel Strike","floor":13,"key":"SMITH"},{"floor":15,"key":"REST"}],"neow_cost":"NONE","seed_source_timestamp":129096391671545,"circlet_count":0,"master_deck":["AscendersBane","Strike_R","Strike_R","Strike_R","Strike_R","Defend_R","Defend_R","Defend_R","Defend_R","Bash+1","Anger+1","Decay","Feel No Pain","Second Wind","Pommel Strike+1","Metallicize","Fire Breathing","Impervious","Flame Barrier"],"relics":["Burning Blood","Tiny Chest","Ancient Tea Set"],"potions_floor_usage":[10,16],"damage_taken":[{"damage":11,"enemies":"Jaw Worm","floor":1,"turns":5},{"damage":11,"enemies":"Small Slimes","floor":4,"turns":4},{"damage":0,"enemies":"Cultist","floor":5,"turns":3},{"damage":14,"enemies":"Blue Slaver","floor":7,"turns":5},{"damage":20,"enemies":"3 Louse","floor":10,"turns":4},{"damage":3,"enemies":"Large Slime","floor":11,"turns":5},{"damage":28,"enemies":"Lagavulin","floor":12,"turns":8},{"damage":2,"enemies":"2 Fungi Beasts","floor":14,"turns":4},{"damage":53,"enemies":"Slime Boss","floor":16,"turns":10}],"seed_played":"3308226869521184604","potions_obtained":[{"floor":1,"key":"Regen Potion"},{"floor":7,"key":"EssenceOfSteel"}],"is_trial":false,"path_per_floor":["M","?","?","M","M","R","M","R","T","M","M","E","R","M","R","B"],"character_chosen":"IRONCLAD","items_purchased":[],"campfire_rested":1,"item_purchase_floors":[],"current_hp_per_floor":[67,60,60,55,61,61,53,53,53,44,47,25,25,29,53,0],"gold":398,"neow_bonus":"HUNDRED_GOLD","is_prod":false,"is_daily":false,"chose_seed":false,"campfire_upgraded":3,"win_rate":0,"timestamp":1547399511,"path_taken":["M","?","?","M","M","R","?","R","T","M","M","E","R","M","R","BOSS"],"build_version":"2019-01-10","purchased_purges":0,"victory":false,"max_hp_per_floor":[80,80,80,80,80,80,80,80,80,80,80,80,80,80,80,80],"card_choices":[{"not_picked":["Sentinel","Thunderclap"],"picked":"Anger","floor":1},{"not_picked":["True Grit","Twin Strike"],"picked":"Feel No Pain","floor":4},{"not_picked":["Body Slam","Sword Boomerang"],"picked":"Second Wind","floor":5},{"not_picked":["Reckless Charge","Rage"],"picked":"Pommel Strike","floor":7},{"not_picked":["Wild Strike","Armaments"],"picked":"Metallicize","floor":10},{"not_picked":["Seeing Red","Clothesline"],"picked":"Fire Breathing","floor":11},{"not_picked":["Perfected Strike","Iron Wave"],"picked":"Impervious","floor":12},{"not_picked":["Dropkick","Thunderclap"],"picked":"Flame Barrier","floor":14}],"player_experience":1743209,"relics_obtained":[{"floor":9,"key":"Tiny Chest"},{"floor":12,"key":"Ancient Tea Set"}],"event_choices":[{"cards_removed":["Strike_R"],"damage_healed":0,"gold_gain":0,"player_choice":"Card Removal","damage_taken":7,"max_hp_gain":0,"max_hp_loss":0,"event_name":"Golden Wing","floor":2,"gold_loss":0},{"damage_healed":0,"gold_gain":0,"player_choice":"Cursed","damage_taken":0,"max_hp_gain":0,"max_hp_loss":0,"event_name":"Wheel of Change","floor":3,"gold_loss":0,"cards_obtained":["Decay"]}],"is_beta":false,"boss_relics":[],"items_purged_floors":[],"is_endless":false,"potions_floor_spawned":[1,7],"killed_by":"Slime Boss","ascension_level":10}