{"gold_per_floor":[119,44,59,74,22,22,45,70,70,70,104,104,119,138,138,138],"floor_reached":16,"playtime":650,"items_purged":[],"score":220,"play_id":"230f8157-45f9-4971-aff5-fd4af35fe141","local_time":"20190508115733","is_ascension_mode":true,"campfire_choices":[{"data":"Seeing Red","floor":6,"key":"SMITH"},{"data":"Defend_R","floor":15,"key":"PURGE"}],"neow_cost":"TEN_PERCENT_HP_LOSS","seed_source_timestamp":1100219205174088,"circlet_count":0,"master_deck":["AscendersBane","Strike_R","Strike_R","Strike_R+1","Strike_R","Strike_R","Defend_R","Defend_R","Bash","Seeing Red+1","Armaments+1","Iron Wave+1","Pommel Strike","Thunderclap","Ghostly Armor"],"relics":["Burning Blood","Pocketwatch","Ancient Tea Set","Vajra","Peace Pipe","Oddly Smooth Stone"],"potions_floor_usage":[8,14],"damage_taken":[{"damage":2,"enemies":"2 Louse","floor":1,"turns":3},{"damage":7,"enemies":"Jaw Worm","floor":3,"turns":3},{"damage":1,"enemies":"Cultist","floor":4,"turns":3},{"damage":9,"enemies":"Gremlin Nob","floor":8,"turns":3},{"damage":22,"enemies":"Lagavulin","floor":11,"turns":5},{"damage":0,"enemies":"Gremlin Gang","floor":13,"turns":3},{"damage":0,"enemies":"Large Slime","floor":14,"turns":5},{"damage":42,"enemies":"Hexaghost","floor":16,"turns":10}],"seed_played":"-3926100848208363298","potions_obtained":[{"floor":1,"key":"Swift Potion"},{"floor":3,"key":"AttackPotion"},{"floor":13,"key":"Swift Potion"},{"floor":14,"key":"Explosive Potion"}],"is_trial":false,"path_per_floor":["M","?","M","M","$","R","T","E","T","?","E","?","M","M","R","B"],"character_chosen":"IRONCLAD","items_purchased":["Pommel Strike"],"campfire_rested":0,"item_purchase_floors":[5],"current_hp_per_floor":[68,68,67,68,68,68,68,65,65,45,29,29,35,41,41,0],"gold":138,"neow_bonus":"ONE_RARE_RELIC","is_prod":false,"is_daily":false,"chose_seed":false,"campfire_upgraded":1,"win_rate":0,"timestamp":1557325653,"path_taken":["M","?","M","M","$","R","?","E","T","?","E","?","?","?","R","BOSS"],"build_version":"2019-01-23","purchased_purges":0,"victory":false,"max_hp_per_floor":[68,68,68,68,68,68,68,68,68,68,68,68,68,68,68,68],"card_choices":[{"not_picked":["Armaments","Heavy Blade"],"picked":"Seeing Red","floor":1},{"not_picked":["Flex","Anger"],"picked":"Armaments","floor":3},{"not_picked":["Cleave","Body Slam"],"picked":"Iron Wave","floor":4},{"not_picked":["Havoc","Wild Strike"],"picked":"Thunderclap","floor":8},{"not_picked":["Armaments","Flex","Body Slam"],"picked":"SKIP","floor":11},{"not_picked":["True Grit","Impervious","Warcry"],"picked":"SKIP","floor":13},{"not_picked":["Anger","Spot Weakness"],"picked":"Ghostly Armor","floor":14}],"player_experience":1185112,"relics_obtained":[{"floor":7,"key":"Ancient Tea Set"},{"floor":8,"key":"Vajra"},{"floor":9,"key":"Peace Pipe"},{"floor":11,"key":"Oddly Smooth Stone"}],"event_choices":[{"cards_removed":["Defend_R"],"damage_healed":0,"gold_gain":0,"player_choice":"Card Removal","damage_taken":0,"max_hp_gain":0,"max_hp_loss":0,"event_name":"The Cleric","floor":2,"gold_loss":75},{"damage_healed":0,"gold_gain":0,"player_choice":"Entered Light","damage_taken":20,"max_hp_gain":0,"max_hp_loss":0,"event_name":"Shining Light","floor":10,"gold_loss":0,"cards_upgraded":["Strike_R","Armaments"]},{"damage_healed":0,"gold_gain":0,"player_choice":"Forge","damage_taken":0,"max_hp_gain":0,"max_hp_loss":0,"event_name":"Accursed Blacksmith","floor":12,"gold_loss":0,"cards_upgraded":["Iron Wave"]}],"is_beta":false,"boss_relics":[],"items_purged_floors":[],"is_endless":false,"potions_floor_spawned":[1,3,13,14],"killed_by":"Hexaghost","ascension_level":20}