{"gold_per_floor":[12,12,28,28,28,57,57,67,90,123,123,4,4],"floor_reached":13,"playtime":466,"items_purged":["Strike_G"],"score":118,"play_id":"5b95a402-f957-4852-965f-6087cc3818fc","local_time":"20190302133023","is_ascension_mode":true,"campfire_choices":[{"data":"Neutralize","floor":7,"key":"SMITH"}],"neow_cost":"NO_GOLD","seed_source_timestamp":3569777608900,"circlet_count":0,"master_deck":["Defend_G","Defend_G","Defend_G","Defend_G","Defend_G","Strike_G","Strike_G","Strike_G","Strike_G","Survivor","Neutralize+1","Crippling Poison+1","Terror","Blur","Poisoned Stab","Phantasmal Killer","Skewer+1"],"relics":["Ring of the Snake","Pocketwatch","Smiling Mask","Lantern","Ornamental Fan","Molten Egg 2"],"potions_floor_usage":[10],"damage_taken":[{"damage":1,"enemies":"Small Slimes","floor":1,"turns":4},{"damage":0,"enemies":"Cultist","floor":3,"turns":3},{"damage":19,"enemies":"Lagavulin","floor":6,"turns":9},{"damage":0,"enemies":"Jaw Worm","floor":8,"turns":5},{"damage":14,"enemies":"3 Sentries","floor":10,"turns":6},{"damage":20,"enemies":"Gremlin Gang","floor":13,"turns":2}],"seed_played":"-3243694412866921859","potions_obtained":[{"floor":6,"key":"PowerPotion"}],"is_trial":false,"path_per_floor":["M","?","M","$","?","E","R","M","T","E","?","$","M"],"character_chosen":"THE_SILENT","items_purchased":["Skewer+1"],"campfire_rested":0,"item_purchase_floors":[12],"current_hp_per_floor":[62,62,62,62,62,43,43,43,43,29,17,17,0],"gold":4,"neow_bonus":"ONE_RARE_RELIC","is_prod":false,"is_daily":false,"chose_seed":false,"campfire_upgraded":1,"win_rate":0,"timestamp":1551551423,"path_taken":["M","?","?","$","?","E","R","M","T","E","?","$","M"],"build_version":"2019-01-23","purchased_purges":1,"victory":false,"max_hp_per_floor":[70,70,70,70,70,70,70,70,70,70,70,70,70],"card_choices":[{"not_picked":["Quick Slash","Dodge and Roll"],"picked":"Crippling Poison","floor":1},{"not_picked":["Slice","PiercingWail"],"picked":"Terror","floor":3},{"not_picked":["Backflip","Underhanded Strike"],"picked":"Blur","floor":6},{"not_picked":["Underhanded Strike","Deflect"],"picked":"Poisoned Stab","floor":8},{"not_picked":["Dagger Throw","Cloak And Dagger"],"picked":"Phantasmal Killer","floor":10}],"player_experience":2301446,"relics_obtained":[{"floor":6,"key":"Smiling Mask"},{"floor":9,"key":"Lantern"},{"floor":10,"key":"Ornamental Fan"}],"event_choices":[{"damage_healed":0,"gold_gain":0,"player_choice":"Upgraded","damage_taken":0,"max_hp_gain":0,"max_hp_loss":0,"event_name":"Upgrade Shrine","floor":2,"gold_loss":0,"cards_upgraded":["Crippling Poison"]},{"damage_healed":0,"gold_gain":0,"player_choice":"Ignored","damage_taken":0,"max_hp_gain":0,"max_hp_loss":0,"event_name":"Golden Idol","floor":5,"gold_loss":0},{"damage_healed":0,"gold_gain":0,"player_choice":"Success","damage_taken":12,"relics_obtained":["Molten Egg 2"],"max_hp_gain":0,"max_hp_loss":0,"event_name":"Scrap Ooze","floor":11,"gold_loss":0}],"is_beta":false,"boss_relics":[],"items_purged_floors":[12],"is_endless":false,"potions_floor_spawned":[6],"killed_by":"Gremlin Gang","ascension_level":6}