{"gold_per_floor":[20,295,315,490,104,104,130,42,42,54,67,77,77,89,89,184,184,198,216,32,43,58,58],"floor_reached":23,"playtime":2938,"items_purged":[],"score":234,"play_id":"a09c37d3-81a8-4d00-8b56-a729890652bd","local_time":"20180923163924","is_ascension_mode":true,"campfire_choices":[{"data":"Spot Weakness","floor":6,"key":"SMITH"},{"data":"Armaments","floor":13,"key":"SMITH"},{"data":"Metallicize","floor":15,"key":"SMITH"}],"neow_cost":"NO_GOLD","seed_source_timestamp":196997249215589,"circlet_count":0,"master_deck":["Strike_R","Strike_R","Defend_R","Defend_R","Defend_R","Defend_R","Bash","Spot Weakness+1","Regret","Power Through","Doubt","Evolve","Metallicize+1","Flex","Armaments+1","Flex","Shrug It Off","Limit Break","Metallicize+1","Flame Barrier+1","Headbutt+1","Inflame","Evolve","Panache","Flame Barrier+1"],"relics":["Burning Blood","Du-Vu Doll","Bird Faced Urn","Meat on the Bone","Sundial","Astrolabe"],"potions_floor_usage":[7,12,16,22,23,23,23],"damage_taken":[{"damage":2,"enemies":"Jaw Worm","floor":1,"turns":5},{"damage":3,"enemies":"Cultist","floor":3,"turns":3},{"damage":22,"enemies":"3 Sentries","floor":7,"turns":8},{"damage":0,"enemies":"Small Slimes","floor":10,"turns":3},{"damage":12,"enemies":"Looter","floor":11,"turns":4},{"damage":21,"enemies":"Exordium Wildlife","floor":12,"turns":6},{"damage":6,"enemies":"3 Louse","floor":14,"turns":4},{"damage":33,"enemies":"Hexaghost","floor":16,"turns":12},{"damage":34,"enemies":"Spheric Guardian","floor":18,"turns":8},{"damage":26,"enemies":"Chosen","floor":19,"turns":10},{"damage":41,"enemies":"Snecko","floor":21,"turns":11},{"damage":34,"enemies":"Snake Plant","floor":22,"turns":7},{"damage":49,"enemies":"Slavers","floor":23,"turns":4}],"seed_played":"-1997470204067130217","potions_obtained":[{"floor":1,"key":"SkillPotion"},{"floor":3,"key":"Energy Potion"},{"floor":7,"key":"AttackPotion"},{"floor":14,"key":"Block Potion"},{"floor":19,"key":"LiquidBronze"},{"floor":21,"key":"AttackPotion"},{"floor":22,"key":"Fire Potion"}],"is_trial":false,"path_per_floor":["M","?","M","?","$","R","E","$","T","M","M","M","R","M","R","B",null,"M","M","$","M","M"],"character_chosen":"IRONCLAD","items_purchased":["Evolve","Bird Faced Urn","Metallicize","Flex","Panache"],"campfire_rested":0,"item_purchase_floors":[5,5,8,8,20],"current_hp_per_floor":[80,80,80,80,80,80,66,66,66,74,72,61,61,65,65,54,80,56,56,56,45,41,0],"gold":58,"neow_bonus":"ONE_RARE_RELIC","is_prod":false,"is_daily":false,"chose_seed":false,"campfire_upgraded":3,"win_rate":0,"timestamp":1537735164,"path_taken":["M","?","M","?","$","R","E","?","T","M","M","M","R","M","R","BOSS","M","M","$","M","M","E"],"build_version":"2018-09-20","purchased_purges":0,"victory":false,"max_hp_per_floor":[80,80,80,80,80,80,80,80,80,80,80,80,80,80,80,80,80,80,80,80,80,80,80],"card_choices":[{"not_picked":["Blood for Blood","Headbutt"],"picked":"Spot Weakness","floor":1},{"not_picked":["Entrench","Ghostly Armor"],"picked":"Power Through","floor":3},{"not_picked":["Corruption","Combust","Headbutt"],"picked":"SKIP","floor":7},{"not_picked":["Body Slam","Dual Wield"],"picked":"Armaments","floor":10},{"not_picked":["Heavy Blade","Clash","Twin Strike"],"picked":"SKIP","floor":11},{"not_picked":["Headbutt","Havoc"],"picked":"Flex","floor":12},{"not_picked":["Berserk","Iron Wave"],"picked":"Shrug It Off","floor":14},{"not_picked":["Fiend Fire","Juggernaut"],"picked":"Limit Break","floor":16},{"not_picked":["Clothesline","Shrug It Off+1"],"picked":"Inflame","floor":18},{"not_picked":["Rampage","Rage+1"],"picked":"Evolve","floor":19},{"not_picked":["Clash+1","Warcry","Fiend Fire"],"picked":"SKIP","floor":21},{"not_picked":["Clash+1","Blood for Blood"],"picked":"Flame Barrier+1","floor":22}],"player_experience":892261,"relics_obtained":[{"floor":7,"key":"Meat on the Bone"},{"floor":9,"key":"Sundial"}],"event_choices":[{"event_name":"Golden Shrine","player_choice":"Desecrate","floor":2,"damage_taken":0},{"event_name":"Liars Game","player_choice":"agreed","floor":4,"damage_taken":0}],"is_beta":false,"boss_relics":[{"not_picked":["Black Star","Runic Pyramid"],"picked":"Astrolabe"}],"items_purged_floors":[],"is_endless":false,"potions_floor_spawned":[1,3,7,14,19,21,22],"killed_by":"Slavers","ascension_level":4}