{"gold_per_floor":[115,115,22,38,48,82,82,107,107,127,157,172,190,201,201,300,300,300,300,300,300,132,132],"floor_reached":23,"playtime":1972,"items_purged":["Strike_G"],"score":315,"play_id":"0ac3673f-9b07-4444-8d6b-6f9d5a67f316","local_time":"20190105030339","is_ascension_mode":true,"campfire_choices":[{"data":"Noxious Fumes","floor":7,"key":"SMITH"},{"data":"Catalyst","floor":15,"key":"SMITH"}],"neow_cost":"NONE","seed_source_timestamp":35678139754514,"circlet_count":0,"master_deck":["Defend_G","Defend_G","Defend_G","Defend_G","Defend_G","Strike_G","Strike_G","Strike_G","Strike_G","Survivor","Neutralize","Swift Strike+1","Caltrops","Noxious Fumes+1","Poisoned Stab+1","A Thousand Cuts","Cloak And Dagger","Deflect","Catalyst+1","Night Terror","Escape Plan+1","Backflip+1","Catalyst","Poisoned Stab+1","Poisoned Stab+1","Good Instincts"],"relics":["Ring of the Snake","Happy Flower","Molten Egg 2","Paper Crane","Meat on the Bone","The Courier","Anchor","Ectoplasm"],"potions_floor_usage":[6,8,16,16,23],"damage_taken":[{"damage":1,"enemies":"Small Slimes","floor":1,"turns":4},{"damage":0,"enemies":"Cultist","floor":4,"turns":4},{"damage":0,"enemies":"Jaw Worm","floor":5,"turns":3},{"damage":19,"enemies":"Gremlin Nob","floor":6,"turns":4},{"damage":20,"enemies":"3 Sentries","floor":8,"turns":7},{"damage":7,"enemies":"Large Slime","floor":10,"turns":4},{"damage":15,"enemies":"Lagavulin","floor":11,"turns":7},{"damage":19,"enemies":"Exordium Wildlife","floor":12,"turns":5},{"damage":1,"enemies":"Gremlin Gang","floor":13,"turns":4},{"damage":8,"enemies":"Large Slime","floor":14,"turns":6},{"damage":16,"enemies":"Slime Boss","floor":16,"turns":6},{"damage":0,"enemies":"Chosen","floor":18,"turns":4},{"damage":9,"enemies":"Shell Parasite","floor":19,"turns":5},{"damage":18,"enemies":"Snake Plant","floor":20,"turns":4},{"damage":25,"enemies":"3 Cultists","floor":21,"turns":5},{"damage":33,"enemies":"Gremlin Leader","floor":23,"turns":3}],"seed_played":"-4712041712462101959","potions_obtained":[{"floor":4,"key":"FearPotion"},{"floor":6,"key":"SkillPotion"},{"floor":10,"key":"Explosive Potion"},{"floor":12,"key":"Ancient Potion"},{"floor":19,"key":"Poison Potion"}],"is_trial":false,"path_per_floor":["M","?","$","M","M","E","R","E","T","M","E","M","M","M","R","B",null,"M","M","M","M","$","E"],"character_chosen":"THE_SILENT","items_purchased":["Swift Strike+1","Poisoned Stab+1","Good Instincts"],"campfire_rested":0,"item_purchase_floors":[3,22,22],"current_hp_per_floor":[62,62,62,62,62,43,43,23,23,28,25,18,29,33,33,29,60,60,51,45,32,32,0],"gold":132,"neow_bonus":"RANDOM_COMMON_RELIC","is_prod":false,"is_daily":false,"chose_seed":false,"campfire_upgraded":2,"win_rate":0,"timestamp":1546679019,"path_taken":["M","?","$","M","M","E","R","E","T","M","E","M","M","M","R","BOSS","M","M","?","M","$","E"],"build_version":"2019-01-03v4","purchased_purges":1,"victory":false,"max_hp_per_floor":[70,70,70,70,70,70,70,70,70,70,70,70,70,70,70,70,70,70,70,70,70,70,70],"card_choices":[{"not_picked":["Sucker Punch","Bane"],"picked":"All Out Attack","floor":1},{"not_picked":["Reflex","Acrobatics"],"picked":"Caltrops","floor":4},{"not_picked":["Cloak And Dagger","Deadly Poison"],"picked":"Noxious Fumes","floor":5},{"not_picked":["Eviscerate+1","Acrobatics","Accuracy"],"picked":"SKIP","floor":6},{"not_picked":["Endless Agony+1","Calculated Gamble"],"picked":"Poisoned Stab+1","floor":8},{"not_picked":["Outmaneuver","Deadly Poison"],"picked":"A Thousand Cuts","floor":10},{"not_picked":["Heel Hook+1","Blade Dance"],"picked":"Cloak And Dagger","floor":11},{"not_picked":["Concentrate","Masterful Stab+1"],"picked":"Deflect","floor":12},{"not_picked":["Sucker Punch+1","Blade Dance","Finisher+1"],"picked":"SKIP","floor":13},{"not_picked":["Sucker Punch+1","Dodge and Roll"],"picked":"Catalyst","floor":14},{"not_picked":["Bullet Time","Venomology"],"picked":"Night Terror","floor":16},{"not_picked":["Heel Hook+1","Outmaneuver"],"picked":"Escape Plan+1","floor":18},{"not_picked":["Deflect","Prepared"],"picked":"Backflip+1","floor":19},{"not_picked":["Deflect+1","Flying Knee+1"],"picked":"Catalyst","floor":20},{"not_picked":["Prepared","Quick Slash+1"],"picked":"Poisoned Stab+1","floor":21}],"player_experience":477270,"relics_obtained":[{"floor":6,"key":"Paper Crane"},{"floor":8,"key":"Meat on the Bone"},{"floor":9,"key":"The Courier"},{"floor":11,"key":"Anchor"}],"event_choices":[{"cards_removed":["All Out Attack"],"damage_healed":0,"gold_gain":0,"player_choice":"Gave Card","damage_taken":0,"relics_obtained":["Molten Egg 2"],"max_hp_gain":0,"max_hp_loss":0,"event_name":"WeMeetAgain","floor":2,"gold_loss":0}],"is_beta":false,"boss_relics":[{"not_picked":["Snecko Eye","Calling Bell"],"picked":"Ectoplasm"}],"items_purged_floors":[22],"is_endless":false,"potions_floor_spawned":[4,6,10,12,19],"killed_by":"Gremlin Leader","ascension_level":9}