{"gold_per_floor":[113,213,65,82,96,129,129,129,129,143,155,183,195,14,14,113,113,130,142,17,17,28,53,64,76,76,76,93,111,111,111,111,216,216,226,226,76,93,105,138,138,138,161,161,161,161,161,171,171,171],"floor_reached":50,"playtime":4035,"items_purged":["Defend_G","Strike_G","Strike_G","Strike_G"],"score":654,"play_id":"3800ac79-0b25-4a35-8e5e-b91f07fa8787","local_time":"20181121173046","is_ascension_mode":false,"campfire_choices":[{"data":"After Image","floor":7,"key":"SMITH"},{"data":"Infinite Blades","floor":15,"key":"SMITH"},{"floor":30,"key":"REST"},{"data":"Accuracy","floor":32,"key":"SMITH"},{"data":"Burst","floor":41,"key":"SMITH"},{"floor":44,"key":"REST"},{"data":"Accuracy","floor":46,"key":"SMITH"},{"data":"Madness","floor":49,"key":"SMITH"}],"neow_cost":"NONE","seed_source_timestamp":3185199251167156,"circlet_count":0,"master_deck":["Defend_G","Defend_G","Defend_G","Defend_G","Strike_G","Strike_G","Survivor","Neutralize","After Image+1","Infinite Blades+1","Well Laid Plans","Escape Plan","Well Laid Plans","Blur","Accuracy+1","Noxious Fumes","Accuracy+1","Accuracy","Blade Dance","Adrenaline","Dagger Throw+1","Adrenaline","Escape Plan","Backflip+1","Blade Dance+1","Burst+1","Backflip+1","Madness+1","Madness"],"relics":["Ring of the Snake","Mercury Hourglass","Bag of Preparation","Tingsha","Runic Dome","FossilizedHelix","Singing Bowl","Molten Egg 2","WristBlade","Prayer Wheel","Boot"],"potions_floor_usage":[12,19,28,33,38,50,50,50],"damage_taken":[{"damage":0,"enemies":"Jaw Worm","floor":1,"turns":6},{"damage":0,"enemies":"Cultist","floor":4,"turns":4},{"damage":0,"enemies":"2 Louse","floor":5,"turns":5},{"damage":25,"enemies":"Gremlin Nob","floor":6,"turns":5},{"damage":0,"enemies":"Red Slaver","floor":10,"turns":3},{"damage":0,"enemies":"Blue Slaver","floor":11,"turns":5},{"damage":0,"enemies":"3 Sentries","floor":12,"turns":7},{"damage":0,"enemies":"Gremlin Gang","floor":13,"turns":4},{"damage":0,"enemies":"Hexaghost","floor":16,"turns":9},{"damage":16,"enemies":"2 Thieves","floor":18,"turns":4},{"damage":14,"enemies":"3 Byrds","floor":19,"turns":4},{"damage":0,"enemies":"Snecko","floor":22,"turns":4},{"damage":26,"enemies":"Gremlin Leader","floor":23,"turns":6},{"damage":0,"enemies":"Centurion and Healer","floor":24,"turns":5},{"damage":0,"enemies":"Cultist and Chosen","floor":25,"turns":4},{"damage":0,"enemies":"Snecko","floor":28,"turns":4},{"damage":0,"enemies":"Chosen and Byrds","floor":29,"turns":5},{"damage":0,"enemies":"Champ","floor":33,"turns":8},{"damage":0,"enemies":"3 Shapes","floor":35,"turns":3},{"damage":0,"enemies":"3 Darklings","floor":38,"turns":3},{"damage":0,"enemies":"Sphere and 2 Shapes","floor":39,"turns":3},{"damage":0,"enemies":"Giant Head","floor":40,"turns":5},{"damage":0,"enemies":"Spire Growth","floor":48,"turns":3},{"damage":70,"enemies":"Time Eater","floor":50,"turns":8}],"seed_played":"3329865159465402869","potions_obtained":[{"floor":10,"key":"GhostInAJar"},{"floor":11,"key":"Block Potion"},{"floor":13,"key":"SteroidPotion"},{"floor":18,"key":"SpeedPotion"},{"floor":24,"key":"GamblersBrew"},{"floor":28,"key":"Dexterity Potion"},{"floor":35,"key":"AttackPotion"},{"floor":38,"key":"SteroidPotion"},{"floor":48,"key":"PowerPotion"}],"is_trial":false,"path_per_floor":["M","?","$","M","M","E","R","?","T","M","M","E","M","$","R","B",null,"M","M","$","?","M","E","M","M","T","$","M","M","R","T","R","B",null,"M","?","$","M","M","E","R","?","T","R","?","R","$","M","R","B"],"character_chosen":"THE_SILENT","items_purchased":["Well Laid Plans","Accuracy","Blade Dance"],"campfire_rested":2,"item_purchase_floors":[3,14,14],"current_hp_per_floor":[70,70,70,70,70,45,45,45,45,45,45,45,45,45,45,45,70,54,40,40,40,40,14,14,14,14,14,14,14,35,35,35,35,70,72,72,72,74,74,76,76,76,76,76,66,66,66,70,70,0],"gold":171,"neow_bonus":"ONE_RANDOM_RARE_CARD","is_prod":false,"is_daily":false,"chose_seed":false,"campfire_upgraded":6,"win_rate":0,"timestamp":1542817846,"path_taken":["M","?","$","M","?","E","R","?","T","M","M","E","M","$","R","BOSS","M","M","?","?","M","E","M","?","T","$","M","M","R","?","R","BOSS","M","?","$","M","?","E","R","?","T","R","?","R","?","M","R","BOSS"],"build_version":"2018-11-15","purchased_purges":4,"victory":false,"max_hp_per_floor":[70,70,70,70,70,70,70,70,70,70,70,70,70,70,70,70,70,70,70,70,70,70,70,70,70,70,70,70,70,70,70,70,70,70,72,72,72,74,74,76,76,76,76,76,76,76,76,80,80,80],"card_choices":[{"not_picked":["Prepared","All Out Attack"],"picked":"Infinite Blades","floor":1},{"not_picked":["Underhanded Strike","Dodge and Roll"],"picked":"Escape Plan","floor":4},{"not_picked":["Deflect","Bane"],"picked":"Well Laid Plans","floor":5},{"not_picked":["Backflip","Storm of Steel"],"picked":"Blur","floor":6},{"not_picked":["Poisoned Stab","PiercingWail"],"picked":"Accuracy","floor":10},{"not_picked":["Bouncing Flask","Deadly Poison","Poisoned Stab"],"picked":"SKIP","floor":11},{"not_picked":["Poisoned Stab","Underhanded Strike"],"picked":"Noxious Fumes","floor":12},{"not_picked":["Prepared","Eviscerate"],"picked":"Accuracy","floor":13},{"not_picked":["Phantasmal Killer","Night Terror"],"picked":"Adrenaline","floor":16},{"not_picked":["Underhanded Strike+1","Dagger Spray"],"picked":"Dagger Throw+1","floor":18},{"not_picked":["Catalyst","Footwork","Sucker Punch"],"picked":"SKIP","floor":19},{"not_picked":["Flying Knee","Endless Agony","Deadly Poison"],"picked":"SKIP","floor":22},{"not_picked":["Dodge and Roll","Concentrate"],"picked":"Escape Plan","floor":23},{"not_picked":["Quick Slash","Underhanded Strike","Poisoned Stab"],"picked":"SKIP","floor":24},{"not_picked":["Tactician","Endless Agony+1","Catalyst"],"picked":"SKIP","floor":25},{"not_picked":["Cloak And Dagger","PiercingWail"],"picked":"Backflip+1","floor":28},{"not_picked":["Caltrops","Outmaneuver"],"picked":"Blade Dance+1","floor":29},{"not_picked":["Tools of the Trade","Die Die Die+1"],"picked":"Burst","floor":33},{"not_picked":["Finisher+1","Cloak And Dagger","Quick Slash+1"],"picked":"Singing Bowl","floor":35},{"not_picked":["Blade Dance","Flechettes+1","Underhanded Strike+1"],"picked":"Singing Bowl","floor":38},{"not_picked":["Crippling Poison","Dagger Spray+1"],"picked":"Backflip+1","floor":39},{"not_picked":["Quick Slash+1","Venomology","Acrobatics"],"picked":"Singing Bowl","floor":40},{"not_picked":["Backflip","Calculated Gamble+1","Sucker Punch+1"],"picked":"Singing Bowl","floor":48},{"not_picked":["Underhanded Strike+1","Backflip+1","Calculated Gamble"],"picked":"Singing Bowl","floor":48}],"player_experience":474083,"relics_obtained":[{"floor":6,"key":"Mercury Hourglass"},{"floor":9,"key":"Bag of Preparation"},{"floor":12,"key":"Tingsha"},{"floor":23,"key":"FossilizedHelix"},{"floor":26,"key":"Singing Bowl"},{"floor":31,"key":"Molten Egg 2"},{"floor":40,"key":"Prayer Wheel"},{"floor":43,"key":"Boot"}],"event_choices":[{"damage_healed":0,"gold_gain":100,"player_choice":"Pray","damage_taken":0,"max_hp_gain":0,"max_hp_loss":0,"event_name":"Golden Shrine","floor":2,"gold_loss":0},{"damage_healed":0,"gold_gain":0,"player_choice":"Ignored","damage_taken":0,"max_hp_gain":0,"max_hp_loss":0,"event_name":"WeMeetAgain","floor":8,"gold_loss":0},{"damage_healed":0,"gold_gain":0,"player_choice":"1 cards matched","damage_taken":0,"max_hp_gain":0,"max_hp_loss":0,"event_name":"Match and Keep!","floor":21,"gold_loss":0,"cards_obtained":["Adrenaline"]},{"damage_healed":0,"gold_gain":0,"player_choice":"Ignored","damage_taken":0,"max_hp_gain":0,"max_hp_loss":0,"event_name":"SecretPortal","floor":36,"gold_loss":0},{"damage_healed":0,"gold_gain":0,"player_choice":"Ignored","damage_taken":0,"max_hp_gain":0,"max_hp_loss":0,"event_name":"Tomb of Lord Red Mask","floor":42,"gold_loss":0},{"damage_healed":0,"gold_gain":0,"player_choice":"Embrace Madness","damage_taken":10,"max_hp_gain":0,"max_hp_loss":0,"event_name":"Winding Halls","floor":45,"gold_loss":0,"cards_obtained":["Madness","Madness"]}],"is_beta":false,"boss_relics":[{"not_picked":["Orrery","Astrolabe"],"picked":"Runic Dome"},{"not_picked":["Pandora\u0027s Box","Black Star"],"picked":"WristBlade"}],"items_purged_floors":[3,14,20,37],"is_endless":false,"potions_floor_spawned":[10,11,13,18,24,25,28,29,35,38,48],"killed_by":"Time Eater","ascension_level":0}