{"path_per_floor":["M","?","?","M","M","E","R","M","T","R","M","$","E","M","R","B",null,"M","M","?","M","?","R"],"character_chosen":"IRONCLAD","items_purchased":["Barricade"],"gold_per_floor":[109,109,109,119,134,163,163,173,196,196,216,62,97,114,114,209,209,222,205,205,216,139,139,139],"floor_reached":24,"campfire_rested":3,"playtime":1338,"item_purchase_floors":[12],"current_hp_per_floor":[63,68,51,53,43,20,20,14,14,39,42,42,21,26,51,28,85,61,47,31,11,11,38,0],"items_purged":[],"gold":139,"score":250,"play_id":"4391737c-6db9-43ca-aa42-1ff8059bc107","local_time":"20180607121407","is_prod":false,"is_daily":false,"chose_seed":false,"is_ascension_mode":true,"campfire_upgraded":1,"win_rate":0,"timestamp":1528366447,"campfire_choices":[{"data":"Berserk","floor":7,"key":"SMITH"},{"floor":10,"key":"REST"},{"floor":15,"key":"REST"},{"floor":23,"key":"REST"}],"path_taken":["M","?","?","?","M","E","R","M","T","R","M","$","E","M","R","BOSS","M","M","?","M","?","R","E"],"build_version":"2018-05-31","seed_source_timestamp":0,"purchased_purges":0,"victory":false,"master_deck":["Strike_R","Strike_R","Strike_R","Strike_R+1","Strike_R","Defend_R","Defend_R+1","Defend_R","Defend_R","Bash","Berserk+1","Armaments","Anger","Rampage","Rage","Warcry","Barricade","Clash","Pommel Strike+1","Metallicize","Seeing Red","J.A.X."],"max_hp_per_floor":[80,85,85,85,85,85,85,85,85,85,85,85,85,85,85,85,85,85,85,90,90,90,90,90],"relics":["Burning Blood","Oddly Smooth Stone","Ancient Tea Set","Bag of Preparation","Runic Cube"],"card_choices":[{"not_picked":["Perfected Strike","Clothesline","Sword Boomerang"],"picked":"SKIP","floor":1},{"not_picked":["Havoc","Flex"],"picked":"Armaments","floor":4},{"not_picked":["Pommel Strike","Iron Wave"],"picked":"Anger","floor":5},{"not_picked":["Perfected Strike","Feel No Pain"],"picked":"Rampage","floor":6},{"not_picked":["Flame Barrier","Carnage"],"picked":"Rage","floor":8},{"not_picked":["Shrug It Off","Dual Wield"],"picked":"Warcry","floor":11},{"not_picked":["Wild Strike","Fire Breathing"],"picked":"Clash","floor":13},{"not_picked":["Limit Break","Thunderclap","Sword Boomerang"],"picked":"SKIP","floor":14},{"not_picked":["Shrug It Off","Armaments+1"],"picked":"Pommel Strike+1","floor":18},{"not_picked":["Power Through","Dropkick+1"],"picked":"Metallicize","floor":19},{"not_picked":["Clash","Shrug It Off"],"picked":"Seeing Red","floor":21}],"player_experience":226067,"potions_floor_usage":[8,21,21],"damage_taken":[{"damage":23,"enemies":"Jaw Worm","floor":1,"turns":4},{"damage":4,"enemies":"2 Louse","floor":4,"turns":3},{"damage":16,"enemies":"Small Slimes","floor":5,"turns":4},{"damage":29,"enemies":"Lagavulin","floor":6,"turns":6},{"damage":12,"enemies":"Exordium Wildlife","floor":8,"turns":3},{"damage":3,"enemies":"Large Slime","floor":11,"turns":6},{"damage":27,"enemies":"Gremlin Nob","floor":13,"turns":5},{"damage":1,"enemies":"Blue Slaver","floor":14,"turns":4},{"damage":29,"enemies":"The Guardian","floor":16,"turns":11},{"damage":30,"enemies":"Spheric Guardian","floor":18,"turns":6},{"damage":20,"enemies":"2 Thieves","floor":19,"turns":4},{"damage":26,"enemies":"Cultist and Chosen","floor":21,"turns":8},{"damage":40,"enemies":"Book of Stabbing","floor":24,"turns":5}],"relics_obtained":[{"floor":6,"key":"Oddly Smooth Stone"},{"floor":9,"key":"Ancient Tea Set"},{"floor":13,"key":"Bag of Preparation"}],"event_choices":[{"event_name":"Big Fish","player_choice":"Donut","floor":2,"damage_taken":0},{"event_name":"Shining Light","player_choice":"Entered Light","floor":3,"damage_taken":0},{"event_name":"Forgotten Altar","player_choice":"Shed Blood","floor":20,"damage_taken":0},{"event_name":"Drug Dealer","player_choice":"Got JAXXED","floor":22,"damage_taken":0}],"boss_relics":[{"not_picked":["Orrery","Snecko Eye"],"picked":"Runic Cube"}],"items_purged_floors":[],"potions_floor_spawned":[5,6,13,14,16,18,19],"seed_played":"-2234391746798077186","killed_by":"Book of Stabbing","ascension_level":4,"potions_obtained":[{"floor":5,"key":"Ancient Potion"},{"floor":6,"key":"SteroidPotion"},{"floor":13,"key":"SteroidPotion"},{"floor":14,"key":"GamblersBrew"},{"floor":16,"key":"Block Potion"},{"floor":19,"key":"Fire Potion"}],"is_trial":false}