{"gold_per_floor":[363,251,270,270,25,54,70,70,146,146,156,186,186,211,211,309,309,329,329,340,265,281,281,300,300,300,334,334,369,369,369,369,369],"floor_reached":33,"playtime":1512,"items_purged":["Strike_R"],"score":393,"play_id":"fbd0e103-62c1-442f-b0c7-aa2a82bbe6c3","local_time":"20180626234439","is_ascension_mode":true,"campfire_choices":[{"data":"True Grit","floor":8,"key":"SMITH"},{"data":"Clash","floor":15,"key":"SMITH"},{"data":"Fiend Fire","floor":23,"key":"SMITH"},{"data":"Rampage","floor":25,"key":"SMITH"},{"data":"Clash","floor":28,"key":"SMITH"},{"floor":30,"key":"REST"},{"floor":32,"key":"REST"}],"neow_cost":"TEN_PERCENT_HP_LOSS","seed_source_timestamp":871265718329824,"circlet_count":0,"master_deck":["Strike_R","Strike_R","Strike_R","Strike_R","Defend_R+1","Defend_R","Bash","Cleave","Evolve+1","True Grit+1","Clash+1","Thunderclap","Clash+1","Fiend Fire+1","Shrug It Off+1","Rampage+1","Metallicize","Shrug It Off+1"],"relics":["Burning Blood","Toxic Egg 2","Pen Nib","Shuriken","Anchor","Runic Pyramid","Question Card","Juzu Bracelet","Red Mask"],"potions_floor_usage":[14,16,20,22,29],"damage_taken":[{"damage":2,"enemies":"Small Slimes","floor":1,"turns":4},{"damage":14,"enemies":"Jaw Worm","floor":3,"turns":5},{"damage":34,"enemies":"Gremlin Nob","floor":6,"turns":5},{"damage":0,"enemies":"Cultist","floor":7,"turns":3},{"damage":0,"enemies":"Blue Slaver","floor":11,"turns":2},{"damage":11,"enemies":"3 Sentries","floor":14,"turns":5},{"damage":15,"enemies":"Hexaghost","floor":16,"turns":8},{"damage":9,"enemies":"2 Thieves","floor":18,"turns":3},{"damage":9,"enemies":"Shell Parasite","floor":20,"turns":4},{"damage":29,"enemies":"Snake Plant","floor":22,"turns":3},{"damage":0,"enemies":"Snecko","floor":24,"turns":3},{"damage":12,"enemies":"Slavers","floor":27,"turns":6},{"damage":20,"floor":29,"turns":4},{"damage":92,"enemies":"Collector","floor":33,"turns":7}],"seed_played":"2423535133099668440","potions_obtained":[{"floor":3,"key":"Ancient Potion"},{"floor":11,"key":"Explosive Potion"},{"floor":16,"key":"SkillPotion"},{"floor":18,"key":"SkillPotion"},{"floor":22,"key":"Fire Potion"}],"is_trial":false,"path_per_floor":["M","$","M","?","$","E","M","R","T","?","M","?","?","E","R","B",null,"M","?","M","?","M","R","M","R","T","E","R","?","R","?","R"],"character_chosen":"IRONCLAD","items_purchased":["Evolve","Toxic Egg 2"],"campfire_rested":2,"item_purchase_floors":[2,5],"current_hp_per_floor":[72,72,64,50,50,22,28,28,28,28,34,34,34,29,29,20,59,56,56,53,53,30,30,36,36,36,30,30,16,37,37,58,0],"gold":369,"neow_bonus":"TWO_FIFTY_GOLD","is_prod":false,"is_daily":false,"chose_seed":false,"campfire_upgraded":5,"win_rate":0,"timestamp":1530049479,"path_taken":["M","$","M","?","$","E","M","R","T","?","M","?","?","E","R","BOSS","M","?","M","?","M","R","M","R","T","E","R","?","R","?","R","BOSS"],"build_version":"2018-06-21v2","purchased_purges":1,"victory":false,"max_hp_per_floor":[72,72,72,72,72,72,72,72,72,72,72,72,72,72,72,72,72,72,72,72,72,72,72,72,72,72,72,72,72,72,72,72,72],"card_choices":[{"not_picked":["Blood for Blood","Shrug It Off"],"picked":"Cleave","floor":1},{"not_picked":["Disarm","Clothesline"],"picked":"True Grit","floor":3},{"not_picked":["Sword Boomerang","Limit Break+1"],"picked":"Clash","floor":6},{"not_picked":["Wild Strike","Sword Boomerang"],"picked":"Thunderclap","floor":7},{"not_picked":["Burning Pact+1","Thunderclap","Anger"],"picked":"SKIP","floor":11},{"not_picked":["Metallicize","Warcry+1"],"picked":"Clash","floor":14},{"not_picked":["Impervious+1","Feed"],"picked":"Fiend Fire","floor":16},{"not_picked":["Cleave","Heavy Blade"],"picked":"Shrug It Off+1","floor":18},{"not_picked":["Pommel Strike","Thunderclap"],"picked":"Metallicize","floor":20},{"not_picked":["Entrench+1","Burning Pact+1","Clothesline"],"picked":"SKIP","floor":22},{"not_picked":["Shrug It Off+1","Second Wind+1","Thunderclap+1"],"picked":"SKIP","floor":24},{"not_picked":["Body Slam","Heavy Blade","Disarm+1","Ghostly Armor+1"],"picked":"SKIP","floor":27},{"not_picked":["Clothesline","Headbutt","Armaments+1"],"picked":"Shrug It Off+1","floor":29}],"player_experience":365090,"relics_obtained":[{"floor":6,"key":"Pen Nib"},{"floor":9,"key":"Shuriken"},{"floor":14,"key":"Anchor"},{"floor":26,"key":"Question Card"},{"floor":27,"key":"Juzu Bracelet"},{"floor":29,"key":"Red Mask"}],"event_choices":[{"event_name":"Shining Light","player_choice":"Entered Light","floor":4,"damage_taken":0},{"event_name":"Living Wall","player_choice":"Forget","floor":10,"damage_taken":0},{"event_name":"Dead Adventurer","player_choice":"Searched \u00271\u0027 times","floor":12,"damage_taken":0},{"event_name":"Match and Keep!","player_choice":"0 cards matched","floor":13,"damage_taken":0},{"event_name":"The Library","player_choice":"Read","floor":19,"damage_taken":0},{"event_name":"Beggar","player_choice":"Gave Gold","floor":21,"damage_taken":0},{"event_name":"Masked Bandits","player_choice":"Fought over 334 gold","floor":29,"damage_taken":0},{"event_name":"The Mausoleum","player_choice":"No","floor":31,"damage_taken":0}],"boss_relics":[{"not_picked":["Snecko Eye","Tiny House"],"picked":"Runic Pyramid"}],"items_purged_floors":[2],"is_endless":false,"potions_floor_spawned":[3,11,16,18,22],"killed_by":"Collector","ascension_level":9}