{"gold_per_floor":[118,136,311,311,311,328,328,24,24,24,36,46,46,56,56,152,152,164,164,89,100,112,37,37,37,37,37,37,37,37],"floor_reached":30,"playtime":1295,"items_purged":["Decay"],"score":273,"play_id":"f6afc116-4482-473d-8560-6f3d47f6153d","local_time":"20190218231959","is_ascension_mode":true,"campfire_choices":[{"data":"Tactician","floor":7,"key":"SMITH"},{"data":"Neutralize","floor":10,"key":"SMITH"},{"data":"Dagger Spray","floor":13,"key":"SMITH"},{"data":"Distraction","floor":15,"key":"SMITH"},{"floor":25,"key":"REST"},{"floor":28,"key":"DIG"}],"neow_cost":"NONE","seed_source_timestamp":17689141151700,"circlet_count":0,"master_deck":["Defend_G","Defend_G","Defend_G","Defend_G","Defend_G","Strike_G","Strike_G","Strike_G","Strike_G","Survivor","Neutralize+1","Distraction+1","Dagger Spray+1","Tactician+1","Terror","Corpse Explosion","Deadly Poison","Wraith Form v2","Sucker Punch","Eviscerate","Reflex"],"relics":["Ring of the Snake","StoneCalendar","Ginger","HoveringKite","Shovel","The Specimen"],"potions_floor_usage":[16,22,24,24],"damage_taken":[{"damage":0,"enemies":"Small Slimes","floor":1,"turns":3},{"damage":1,"enemies":"Cultist","floor":2,"turns":4},{"damage":4,"enemies":"Jaw Worm","floor":6,"turns":6},{"damage":3,"enemies":"Looter","floor":11,"turns":5},{"damage":2,"enemies":"Large Slime","floor":12,"turns":6},{"damage":4,"enemies":"Blue Slaver","floor":14,"turns":3},{"damage":12,"enemies":"The Guardian","floor":16,"turns":7},{"damage":17,"enemies":"3 Byrds","floor":18,"turns":4},{"damage":3,"enemies":"Chosen","floor":21,"turns":4},{"damage":11,"enemies":"Snake Plant","floor":22,"turns":5},{"damage":9,"enemies":"Colosseum Slavers","floor":24,"turns":3},{"damage":54,"enemies":"Book of Stabbing","floor":30,"turns":6}],"seed_played":"3791757570117342083","potions_obtained":[{"floor":1,"key":"SkillPotion"},{"floor":5,"key":"EssenceOfSteel"},{"floor":5,"key":"Strength Potion"},{"floor":12,"key":"Block Potion"},{"floor":22,"key":"AttackPotion"}],"is_trial":false,"path_per_floor":["M","M","?","?","?","M","R","$","T","R","M","M","R","M","R","B",null,"M","?","$","M","M","?","?","R","T","?","R","$","E"],"character_chosen":"THE_SILENT","items_purchased":["StoneCalendar"],"campfire_rested":1,"item_purchase_floors":[8],"current_hp_per_floor":[77,76,76,69,69,65,65,65,65,65,62,60,60,56,56,44,69,52,52,52,49,38,38,29,52,52,52,52,52,0],"gold":37,"neow_bonus":"TEN_PERCENT_HP_BONUS","is_prod":false,"is_daily":false,"chose_seed":false,"campfire_upgraded":4,"win_rate":0,"timestamp":1550549999,"path_taken":["M","M","?","?","?","M","R","$","T","R","M","?","R","M","R","BOSS","M","?","$","M","M","?","?","R","T","?","R","?","E"],"build_version":"2019-01-23","purchased_purges":1,"victory":false,"max_hp_per_floor":[77,77,77,77,77,77,77,77,77,77,77,77,77,77,77,77,77,77,77,77,77,77,77,77,77,77,77,77,77,77],"card_choices":[{"not_picked":["Blade Dance","Dagger Spray"],"picked":"Distraction","floor":1},{"not_picked":["Deflect","Dash"],"picked":"Dagger Spray","floor":2},{"not_picked":["Catalyst","Well Laid Plans"],"picked":"Tactician","floor":6},{"not_picked":["Dagger Throw","Sucker Punch"],"picked":"Terror","floor":11},{"not_picked":["Backstab","Dodge and Roll"],"picked":"Corpse Explosion","floor":12},{"not_picked":["PiercingWail","Endless Agony"],"picked":"Deadly Poison","floor":14},{"not_picked":["Malaise","A Thousand Cuts"],"picked":"Wraith Form v2","floor":16},{"not_picked":["Blade Dance","Endless Agony"],"picked":"Sucker Punch","floor":18},{"not_picked":["Poisoned Stab+1","Prepared"],"picked":"Eviscerate","floor":21},{"not_picked":["Dagger Spray+1","After Image"],"picked":"Reflex","floor":22}],"player_experience":2165958,"relics_obtained":[{"floor":9,"key":"Ginger"},{"floor":26,"key":"Shovel"},{"floor":28,"key":"The Specimen"}],"event_choices":[{"damage_healed":0,"gold_gain":175,"player_choice":"AGREE","damage_taken":0,"max_hp_gain":0,"max_hp_loss":0,"event_name":"Liars Game","floor":3,"gold_loss":0,"cards_obtained":["Doubt"]},{"cards_removed":["Doubt"],"damage_healed":0,"gold_gain":0,"player_choice":"Card Removal","damage_taken":7,"max_hp_gain":0,"max_hp_loss":0,"event_name":"Golden Wing","floor":4,"gold_loss":0},{"damage_healed":0,"gold_gain":0,"player_choice":"Got Potions","damage_taken":0,"max_hp_gain":0,"max_hp_loss":0,"event_name":"Lab","floor":5,"gold_loss":0},{"damage_healed":0,"gold_gain":0,"player_choice":"Smashed Altar","damage_taken":0,"max_hp_gain":0,"max_hp_loss":0,"event_name":"Forgotten Altar","floor":19,"gold_loss":0,"cards_obtained":["Decay"]},{"cards_removed":["Strike_G"],"damage_healed":0,"gold_gain":0,"player_choice":"Gave Gold","damage_taken":0,"max_hp_gain":0,"max_hp_loss":0,"event_name":"Beggar","floor":23,"gold_loss":75},{"damage_healed":0,"gold_gain":0,"player_choice":"Fight","damage_taken":0,"max_hp_gain":0,"max_hp_loss":0,"event_name":"Colosseum","floor":24,"gold_loss":0},{"damage_healed":0,"gold_gain":0,"player_choice":"Fled From Nobs","damage_taken":0,"max_hp_gain":0,"max_hp_loss":0,"event_name":"Colosseum","floor":24,"gold_loss":0},{"damage_healed":0,"gold_gain":0,"player_choice":"Ignored","damage_taken":0,"max_hp_gain":0,"max_hp_loss":0,"event_name":"Ghosts","floor":27,"gold_loss":0}],"is_beta":false,"boss_relics":[{"not_picked":["White Beast Statue","Lizard Tail"],"picked":"HoveringKite"}],"items_purged_floors":[20],"is_endless":false,"potions_floor_spawned":[1,6,12,22,24],"killed_by":"Book of Stabbing","ascension_level":5}