{"gold_per_floor":[114,130,205,130,130,30,43,43,43,43,55,55,55,83,83,83],"floor_reached":16,"playtime":749,"items_purged":["Strike_R","Defend_R"],"score":147,"play_id":"5571d49b-cdd5-4284-aa08-2fdc0cc7a9e8","local_time":"20180803161306","is_ascension_mode":true,"campfire_choices":[{"floor":8,"key":"REST"},{"data":"True Grit","floor":10,"key":"SMITH"},{"data":"Shrug It Off","floor":13,"key":"SMITH"},{"floor":15,"key":"REST"}],"neow_cost":"FIFTY_PERCENT_DAMAGE","seed_source_timestamp":4128139461380429,"circlet_count":0,"master_deck":["Strike_R","Strike_R","Strike_R","Strike_R","Defend_R","Defend_R","Defend_R","Bash","AscendersBane","True Grit+1","Shrug It Off+1"],"relics":["Burning Blood","Dead Branch","Ice Cream","Ginger","Bag of Marbles"],"potions_floor_usage":[14,16,16,16],"damage_taken":[{"damage":0,"enemies":"2 Louse","floor":1,"turns":5},{"damage":1,"enemies":"Cultist","floor":2,"turns":4},{"damage":10,"enemies":"Small Slimes","floor":7,"turns":4},{"damage":1,"enemies":"Exordium Wildlife","floor":11,"turns":4},{"damage":36,"enemies":"Lagavulin","floor":14,"turns":7},{"damage":67,"enemies":"Slime Boss","floor":16,"turns":11}],"seed_played":"-3231681873714075298","potions_obtained":[{"floor":7,"key":"LiquidBronze"},{"floor":12,"key":"BloodPotion"},{"floor":12,"key":"BloodPotion"},{"floor":14,"key":"GamblersBrew"}],"is_trial":false,"path_per_floor":["M","M","?","$","?","$","M","R","T","R","M","?","R","E","R"],"character_chosen":"IRONCLAD","items_purchased":[],"campfire_rested":2,"item_purchase_floors":[],"current_hp_per_floor":[42,47,36,36,24,24,20,44,44,44,49,49,49,19,43,0],"gold":83,"neow_bonus":"ONE_RARE_RELIC","is_prod":false,"is_daily":false,"chose_seed":false,"campfire_upgraded":2,"win_rate":0,"timestamp":1533305586,"path_taken":["M","M","?","$","?","$","M","R","T","R","?","?","R","E","R","BOSS"],"build_version":"2018-08-02","purchased_purges":2,"victory":false,"max_hp_per_floor":[80,80,80,80,80,80,80,80,80,80,80,80,80,80,80,80],"card_choices":[{"not_picked":["Flex","Battle Trance","Perfected Strike"],"picked":"SKIP","floor":1},{"not_picked":["Anger","Intimidate","Flex"],"picked":"SKIP","floor":2},{"not_picked":["Blood for Blood","Dual Wield"],"picked":"True Grit","floor":7},{"not_picked":["Berserk","Clothesline"],"picked":"Shrug It Off","floor":11},{"not_picked":["Power Through","Bloodletting","Burning Pact"],"picked":"SKIP","floor":14}],"player_experience":440102,"relics_obtained":[{"floor":9,"key":"Ginger"},{"floor":14,"key":"Bag of Marbles"}],"event_choices":[{"event_name":"World of Goop","player_choice":"Gather Gold","floor":3,"damage_taken":0},{"event_name":"Scrap Ooze","player_choice":"success","floor":5,"damage_taken":12},{"event_name":"The Lab","player_choice":"Got Potions","floor":12,"damage_taken":0}],"is_beta":false,"boss_relics":[],"items_purged_floors":[4,6],"is_endless":false,"potions_floor_spawned":[7,14],"killed_by":"Slime Boss","ascension_level":10}