{"gold_per_floor":[115,10,26,26,37,64,64,93,147,158,187,197,216,216,216,216],"floor_reached":16,"playtime":940,"items_purged":[],"score":220,"play_id":"7ed205ae-5835-4224-8928-c6d541d78b02","local_time":"20190520193704","is_ascension_mode":true,"campfire_choices":[{"data":"Static Discharge","floor":7,"key":"SMITH"},{"floor":15,"key":"REST"}],"neow_cost":"NONE","seed_source_timestamp":325332004135500,"circlet_count":0,"master_deck":["AscendersBane","Strike_B","Strike_B","Strike_B","Strike_B","Defend_B","Defend_B","Defend_B","Defend_B","Zap","Dualcast","FTL","Compile Driver","Coolheaded","Static Discharge+1","Reinforced Body","Writhe","Storm","White Noise","White Noise","Steam"],"relics":["Cursed Key","Cables","PreservedInsect","Bronze Scales","Pen Nib","Anchor"],"potions_floor_usage":[11,16],"damage_taken":[{"damage":13,"enemies":"Small Slimes","floor":1,"turns":3},{"damage":0,"enemies":"Cultist","floor":3,"turns":3},{"damage":2,"enemies":"Jaw Worm","floor":5,"turns":2},{"damage":15,"enemies":"Lagavulin","floor":6,"turns":7},{"damage":8,"enemies":"Gremlin Nob","floor":8,"turns":3},{"damage":8,"enemies":"3 Louse","floor":10,"turns":4},{"damage":12,"enemies":"Lagavulin","floor":11,"turns":6},{"damage":8,"enemies":"Blue Slaver","floor":12,"turns":3},{"damage":8,"enemies":"Gremlin Gang","floor":13,"turns":3},{"damage":28,"enemies":"Slime Boss","floor":16,"turns":7}],"seed_played":"275628423713668811","potions_obtained":[{"floor":3,"key":"Energy Potion"},{"floor":10,"key":"Regen Potion"},{"floor":12,"key":"Poison Potion"}],"is_trial":false,"path_per_floor":["M","?","M","$","M","E","R","E","T","M","E","M","M","?","R","B"],"character_chosen":"DEFECT","items_purchased":[],"campfire_rested":1,"item_purchase_floors":[],"current_hp_per_floor":[51,51,51,51,49,34,34,26,26,18,20,12,4,4,25,0],"gold":216,"neow_bonus":"BOSS_RELIC","is_prod":false,"is_daily":false,"chose_seed":false,"campfire_upgraded":1,"win_rate":0,"timestamp":1558395424,"path_taken":["M","?","M","$","M","E","R","E","T","M","E","?","M","?","R","BOSS"],"build_version":"2019-01-23","purchased_purges":0,"victory":false,"max_hp_per_floor":[71,71,71,71,71,71,71,71,71,71,71,71,71,71,71,71],"card_choices":[{"not_picked":["Leap","Ball Lightning"],"picked":"FTL","floor":1},{"not_picked":["Beam Cell","Stack"],"picked":"Compile Driver","floor":3},{"not_picked":["Stack","Ball Lightning"],"picked":"Coolheaded","floor":5},{"not_picked":["Consume","Chaos"],"picked":"Static Discharge","floor":6},{"not_picked":["Ball Lightning","Cold Snap"],"picked":"Reinforced Body","floor":8},{"not_picked":["Hologram","Lockon"],"picked":"Storm","floor":10},{"not_picked":["Consume","All For One"],"picked":"White Noise","floor":11},{"not_picked":["Rebound","Ball Lightning"],"picked":"White Noise","floor":12},{"not_picked":["Barrage","Blizzard"],"picked":"Steam","floor":13}],"player_experience":2923112,"relics_obtained":[{"floor":6,"key":"PreservedInsect"},{"floor":8,"key":"Bronze Scales"},{"floor":9,"key":"Pen Nib"},{"floor":11,"key":"Anchor"}],"event_choices":[{"damage_healed":0,"gold_gain":0,"player_choice":"Paid Gold","damage_taken":0,"relics_obtained":["Cables"],"max_hp_gain":0,"max_hp_loss":0,"event_name":"WeMeetAgain","floor":2,"gold_loss":105},{"damage_healed":0,"gold_gain":0,"player_choice":"Ignored","damage_taken":0,"max_hp_gain":0,"max_hp_loss":0,"event_name":"Golden Wing","floor":14,"gold_loss":0}],"is_beta":false,"boss_relics":[],"items_purged_floors":[],"is_endless":false,"potions_floor_spawned":[3,10,12,13],"killed_by":"Slime Boss","ascension_level":16}