{"gold_per_floor":[118,141,66,66,66,66,26,64,91,111,111,124,147,168,168,168],"floor_reached":16,"playtime":770,"items_purged":["Strike_G"],"score":170,"play_id":"d3f3d19d-bd7a-4d44-9acc-1422e062eea9","local_time":"20180810193545","is_ascension_mode":true,"campfire_choices":[{"data":"Neutralize","floor":6,"key":"SMITH"},{"floor":15,"key":"REST"}],"neow_cost":"","seed_source_timestamp":4745067658293121,"circlet_count":0,"master_deck":["Defend_G","Defend_G","Defend_G","Defend_G","Defend_G","Strike_G","Strike_G","Strike_G","Survivor","Neutralize+1","AscendersBane","Heel Hook","Crippling Poison","Backstab","Footwork","Cloak And Dagger","Backflip","Cloak And Dagger"],"relics":["Ring of the Snake","Ancient Tea Set","Golden Idol","Juzu Bracelet","Dream Catcher"],"potions_floor_usage":[13],"damage_taken":[{"damage":0,"enemies":"Cultist","floor":1,"turns":5},{"damage":36,"enemies":"3 Sentries","floor":8,"turns":17},{"damage":0,"enemies":"Small Slimes","floor":10,"turns":4},{"damage":4,"enemies":"Jaw Worm","floor":12,"turns":4},{"damage":1,"enemies":"Lots of Slimes","floor":13,"turns":4},{"damage":0,"enemies":"Blue Slaver","floor":14,"turns":5},{"damage":31,"enemies":"Slime Boss","floor":16,"turns":9}],"seed_played":"4750368186843556725","potions_obtained":[{"floor":1,"key":"Dexterity Potion"},{"floor":12,"key":"GamblersBrew"},{"floor":14,"key":"Explosive Potion"}],"is_trial":false,"path_per_floor":["M","T","$","?","?","R","$","E","T","M","?","M","M","M","R"],"character_chosen":"THE_SILENT","items_purchased":["Crippling Poison"],"campfire_rested":1,"item_purchase_floors":[7],"current_hp_per_floor":[59,59,59,59,59,59,59,23,23,23,16,12,11,11,29,0],"gold":168,"neow_bonus":"","is_prod":false,"is_daily":false,"chose_seed":false,"campfire_upgraded":1,"win_rate":0,"timestamp":1533922545,"path_taken":["M","?","$","?","?","R","$","E","T","M","?","M","M","M","R","BOSS"],"build_version":"2018-08-09","purchased_purges":1,"victory":false,"max_hp_per_floor":[66,66,66,61,61,61,61,61,61,61,61,61,61,61,61,61],"card_choices":[{"not_picked":["Masterful Stab","Underhanded Strike"],"picked":"Heel Hook","floor":1},{"not_picked":["Dagger Throw","Underhanded Strike"],"picked":"Backstab","floor":8},{"not_picked":["Cloak And Dagger","Underhanded Strike"],"picked":"Footwork","floor":10},{"not_picked":["Dodge and Roll","Prepared"],"picked":"Cloak And Dagger","floor":12},{"not_picked":["Acrobatics","Venomology"],"picked":"Backflip","floor":13},{"not_picked":["PiercingWail","Bane"],"picked":"Cloak And Dagger","floor":14}],"player_experience":452884,"relics_obtained":[{"floor":2,"key":"Ancient Tea Set"},{"floor":8,"key":"Juzu Bracelet"},{"floor":9,"key":"Dream Catcher"}],"event_choices":[{"event_name":"Golden Idol","player_choice":"Lose Max HP","floor":4,"damage_taken":0},{"event_name":"Scrap Ooze","player_choice":"unsuccessful","floor":5,"damage_taken":0},{"event_name":"Golden Wing","player_choice":"Card Removal","floor":11,"damage_taken":0}],"is_beta":false,"boss_relics":[],"items_purged_floors":[3],"is_endless":false,"potions_floor_spawned":[1,12,14],"killed_by":"Slime Boss","ascension_level":14}