{"gold_per_floor":[112,130,148,165,50,85,85,85,163,189,202,202],"floor_reached":12,"playtime":595,"items_purged":["Strike_R"],"score":135,"play_id":"a2d1a339-f4f5-4295-88b4-75f51cfd1d69","local_time":"20190112215135","is_ascension_mode":true,"campfire_choices":[{"floor":8,"key":"REST"}],"neow_cost":"PERCENT_DAMAGE","seed_source_timestamp":77749073371107,"circlet_count":0,"master_deck":["AscendersBane","Strike_R","Strike_R","Strike_R","Defend_R","Defend_R","Defend_R","Bash","Shrug It Off","Uppercut","Pommel Strike","Hemokinesis","Spot Weakness","Rupture","Parasite","Heavy Blade","Shrug It Off"],"relics":["Burning Blood","Turnip","Bottled Tornado","Juzu Bracelet"],"potions_floor_usage":[6,6,12,12,12],"damage_taken":[{"damage":1,"enemies":"Cultist","floor":1,"turns":3},{"damage":10,"enemies":"Jaw Worm","floor":2,"turns":5},{"damage":3,"enemies":"2 Louse","floor":3,"turns":3},{"damage":16,"enemies":"2 Fungi Beasts","floor":4,"turns":4},{"damage":45,"enemies":"3 Sentries","floor":6,"turns":6},{"damage":33,"enemies":"Gremlin Nob","floor":10,"turns":4},{"damage":25,"enemies":"Exordium Thugs","floor":11,"turns":6},{"damage":18,"enemies":"Gremlin Gang","floor":12,"turns":2}],"seed_played":"4629541530521700609","potions_obtained":[{"floor":2,"key":"FairyPotion"},{"floor":4,"key":"EntropicBrew"},{"floor":10,"key":"EntropicBrew"}],"is_trial":false,"path_per_floor":["M","M","M","M","$","E","?","R","T","E","M","M"],"character_chosen":"IRONCLAD","items_purchased":["Spot Weakness"],"campfire_rested":1,"item_purchase_floors":[5],"current_hp_per_floor":[56,52,55,45,45,14,34,58,58,31,12,0],"gold":202,"neow_bonus":"REMOVE_TWO","is_prod":false,"is_daily":false,"chose_seed":false,"campfire_upgraded":0,"win_rate":0,"timestamp":1547347895,"path_taken":["M","M","M","M","$","E","?","R","T","E","M","M"],"build_version":"2019-01-10","purchased_purges":1,"victory":false,"max_hp_per_floor":[80,80,80,80,80,80,80,80,80,80,80,80],"card_choices":[{"not_picked":["Iron Wave","Wild Strike"],"picked":"Shrug It Off","floor":1},{"not_picked":["Flex","Clash"],"picked":"Uppercut","floor":2},{"not_picked":["Anger","Burning Pact"],"picked":"Pommel Strike","floor":3},{"not_picked":["Power Through","Rupture"],"picked":"Hemokinesis","floor":4},{"not_picked":["Perfected Strike","Sever Soul"],"picked":"Rupture","floor":6},{"not_picked":["Bludgeon","Thunderclap"],"picked":"Heavy Blade","floor":10},{"not_picked":["Headbutt","Clothesline"],"picked":"Shrug It Off","floor":11}],"player_experience":1740214,"relics_obtained":[{"floor":6,"key":"Turnip"},{"floor":9,"key":"Bottled Tornado"},{"floor":10,"key":"Juzu Bracelet"}],"event_choices":[{"damage_healed":20,"gold_gain":0,"player_choice":"Healed and dodged fight","damage_taken":0,"max_hp_gain":0,"max_hp_loss":0,"event_name":"Mushrooms","floor":7,"gold_loss":0,"cards_obtained":["Parasite"]}],"is_beta":false,"boss_relics":[],"items_purged_floors":[5],"is_endless":false,"potions_floor_spawned":[2,4,10],"killed_by":"Gremlin Gang","ascension_level":10}