{"gold_per_floor":[112,128,128,148,148,182,182,213,213,234,264,37,68,81,81,177,177,187,187,32,42,56,87,100,100],"floor_reached":25,"playtime":1897,"items_purged":[],"score":359,"play_id":"afd0cd46-4ce0-4c98-9e7a-4ca4e2966b67","local_time":"20181229012910","is_ascension_mode":true,"campfire_choices":[{"data":"1","floor":7,"key":"LIFT"},{"floor":15,"key":"REST"}],"neow_cost":"NONE","seed_source_timestamp":44172692300612,"circlet_count":0,"master_deck":["Defend_G","Defend_G","Defend_G","Defend_G+1","Defend_G","Strike_G","Strike_G","Strike_G","Strike_G","Survivor","Neutralize","Cloak And Dagger","Slice","Flying Knee","Riddle With Holes+1","Die Die Die","Dash","Escape Plan","Dash","Deflect+1","Slice","Dodge and Roll+1","Magnetism","Outmaneuver+1","Predator","Cloak And Dagger+1"],"relics":["Fusion Hammer","Girya","Turnip","Dead Branch","The Specimen","Odd Mushroom","Gremlin Horn","Membership Card","Shuriken","Cursed Key","War Paint","Blood Vial"],"potions_floor_usage":[6,16],"damage_taken":[{"damage":0,"enemies":"Small Slimes","floor":1,"turns":5},{"damage":1,"enemies":"Cultist","floor":2,"turns":4},{"damage":0,"enemies":"Jaw Worm","floor":4,"turns":5},{"damage":9,"enemies":"3 Sentries","floor":6,"turns":8},{"damage":14,"enemies":"Gremlin Nob","floor":8,"turns":4},{"damage":9,"enemies":"The Mushroom Lair","floor":10,"turns":3},{"damage":0,"enemies":"3 Sentries","floor":11,"turns":3},{"damage":10,"enemies":"Lagavulin","floor":13,"turns":4},{"damage":0,"enemies":"Large Slime","floor":14,"turns":4},{"damage":15,"enemies":"The Guardian","floor":16,"turns":7},{"damage":0,"enemies":"Spheric Guardian","floor":18,"turns":4},{"damage":12,"enemies":"2 Thieves","floor":21,"turns":3},{"damage":6,"enemies":"Centurion and Healer","floor":22,"turns":4},{"damage":25,"enemies":"Slavers","floor":23,"turns":4},{"damage":0,"enemies":"Sentry and Sphere","floor":24,"turns":4},{"damage":18,"enemies":"Gremlin Leader","floor":25,"turns":2}],"seed_played":"5676938105883792273","potions_obtained":[{"floor":2,"key":"Explosive Potion"},{"floor":11,"key":"Ancient Potion"},{"floor":13,"key":"SkillPotion"},{"floor":18,"key":"Dexterity Potion"},{"floor":21,"key":"Weak Potion"},{"floor":24,"key":"Fire Potion"}],"is_trial":false,"path_per_floor":["M","M","?","M","?","E","R","E","T","?","E","$","E","M","R","B",null,"M","?","$","M","M","E","M","E"],"character_chosen":"THE_SILENT","items_purchased":["Membership Card","Dash","Magnetism","War Paint"],"campfire_rested":1,"item_purchase_floors":[12,12,20,20],"current_hp_per_floor":[63,62,62,62,55,46,46,32,32,23,23,23,13,13,34,19,57,57,57,57,45,39,14,16,0],"gold":100,"neow_bonus":"BOSS_RELIC","is_prod":false,"is_daily":false,"chose_seed":false,"campfire_upgraded":0,"win_rate":0,"timestamp":1546068550,"path_taken":["M","M","?","?","?","E","R","E","T","?","E","?","E","M","R","BOSS","M","?","$","M","M","E","M","E"],"build_version":"2018-12-20","purchased_purges":0,"victory":false,"max_hp_per_floor":[70,70,70,70,70,70,70,70,70,70,70,70,70,70,70,70,70,70,70,70,70,70,70,70,70],"card_choices":[{"not_picked":["PiercingWail","Underhanded Strike"],"picked":"Cloak And Dagger","floor":1},{"not_picked":["Acrobatics","Concentrate"],"picked":"Slice","floor":2},{"not_picked":["Deflect","Dodge and Roll"],"picked":"Flying Knee","floor":4},{"not_picked":["Poisoned Stab","Eviscerate"],"picked":"Riddle With Holes","floor":6},{"not_picked":["Cloak And Dagger","Dagger Spray"],"picked":"Die Die Die","floor":8},{"not_picked":["Flechettes","Cloak And Dagger"],"picked":"Dash","floor":10},{"not_picked":["Dagger Spray","Bouncing Flask"],"picked":"Escape Plan","floor":11},{"not_picked":["Catalyst","Setup"],"picked":"Deflect","floor":13},{"not_picked":["Flechettes","Accuracy"],"picked":"Slice","floor":14},{"not_picked":["Poisoned Stab","Masterful Stab"],"picked":"Dodge and Roll+1","floor":18},{"not_picked":["Quick Slash","Bane+1"],"picked":"Outmaneuver+1","floor":21},{"not_picked":["Dodge and Roll+1","Prepared"],"picked":"Predator","floor":22},{"not_picked":["Slice","Blur+1","Eviscerate"],"picked":"SKIP","floor":23},{"not_picked":["Venomology","Deadly Poison"],"picked":"Cloak And Dagger+1","floor":24}],"player_experience":366959,"relics_obtained":[{"floor":6,"key":"Turnip"},{"floor":8,"key":"Dead Branch"},{"floor":9,"key":"The Specimen"},{"floor":10,"key":"Odd Mushroom"},{"floor":11,"key":"Gremlin Horn"},{"floor":13,"key":"Shuriken"},{"floor":23,"key":"Blood Vial"}],"event_choices":[{"cards_removed":["Strike_G"],"damage_healed":0,"gold_gain":0,"player_choice":"Offered Basic","damage_taken":0,"max_hp_gain":0,"max_hp_loss":0,"event_name":"Bonfire Elementals","floor":3,"gold_loss":0},{"damage_healed":0,"gold_gain":0,"player_choice":"Success","damage_taken":7,"relics_obtained":["Girya"],"max_hp_gain":0,"max_hp_loss":0,"event_name":"Scrap Ooze","floor":5,"gold_loss":0},{"damage_healed":0,"gold_gain":0,"player_choice":"Fought Mushrooms","damage_taken":0,"max_hp_gain":0,"max_hp_loss":0,"event_name":"Mushrooms","floor":10,"gold_loss":0},{"damage_healed":0,"gold_gain":0,"player_choice":"Upgraded","damage_taken":0,"max_hp_gain":0,"max_hp_loss":0,"event_name":"Upgrade Shrine","floor":19,"gold_loss":0,"cards_upgraded":["Riddle With Holes"]}],"is_beta":false,"boss_relics":[{"not_picked":["Lizard Tail","Calling Bell"],"picked":"Cursed Key"}],"items_purged_floors":[],"is_endless":false,"potions_floor_spawned":[2,11,13,18,21,24],"killed_by":"Gremlin Leader","ascension_level":6}