{"path_per_floor":["M","M","M","M","?","E","?"],"character_chosen":"THE_SILENT","items_purchased":[],"gold_per_floor":[16,28,42,55,55,84,139,139],"floor_reached":8,"campfire_rested":0,"playtime":632,"item_purchase_floors":[],"current_hp_per_floor":[82,81,81,79,84,53,29,0],"items_purged":[],"gold":139,"score":83,"play_id":"fc598a6a-a834-478a-851e-9e1c860dd2c0","local_time":"20180530201713","is_prod":false,"is_daily":false,"chose_seed":false,"is_ascension_mode":false,"campfire_upgraded":0,"win_rate":0.0,"timestamp":1527704233,"campfire_choices":[],"path_taken":["M","M","M","M","?","E","?","E"],"build_version":"2018-05-24","seed_source_timestamp":1203925754571807,"purchased_purges":0,"victory":false,"master_deck":["Defend_G","Defend_G","Defend_G","Defend_G","Defend_G","Strike_G","Strike_G","Strike_G","Strike_G","Strike_G","Survivor","Neutralize","Deadly Poison","PiercingWail","Deadly Poison","Corpse Explosion","Catalyst"],"max_hp_per_floor":[84,84,84,84,89,89,89,89],"relics":["Ring of the Snake","Mango","Bronze Scales","The Specimen"],"card_choices":[{"not_picked":["Prepared","Backstab"],"picked":"Deadly Poison","floor":1},{"not_picked":["Expertise","Skewer","Deflect"],"picked":"SKIP","floor":2},{"not_picked":["Dagger Throw","Acrobatics"],"picked":"PiercingWail","floor":3},{"not_picked":["Slice","Quick Slash"],"picked":"Deadly Poison","floor":4},{"not_picked":["Deadly Poison","Skewer"],"picked":"Corpse Explosion","floor":6},{"not_picked":["Prepared","Dodge and Roll"],"picked":"Catalyst","floor":7}],"player_experience":100731,"potions_floor_usage":[7,8,8],"damage_taken":[{"damage":2,"enemies":"Small Slimes","floor":1,"turns":7},{"damage":1,"enemies":"2 Louse","floor":2,"turns":2},{"damage":0,"enemies":"Cultist","floor":3,"turns":4},{"damage":2,"enemies":"Blue Slaver","floor":4,"turns":6},{"damage":31,"enemies":"Gremlin Nob","floor":6,"turns":5},{"damage":24,"enemies":"Lagavulin Event","floor":7,"turns":6},{"damage":33,"enemies":"3 Sentries","floor":8,"turns":6}],"relics_obtained":[{"floor":6,"key":"Bronze Scales"}],"event_choices":[{"event_name":"Big Fish","player_choice":"Donut","floor":5,"damage_taken":0},{"event_name":"Dead Adventurer","player_choice":"Searched \u00273\u0027 times","floor":7,"damage_taken":0}],"boss_relics":[],"items_purged_floors":[],"potions_floor_spawned":[3,6,7],"seed_played":"3456241982107440789","killed_by":"3 Sentries","ascension_level":0,"potions_obtained":[{"floor":3,"key":"Ancient Potion"},{"floor":6,"key":"SpeedPotion"},{"floor":7,"key":"AttackPotion"}],"is_trial":false}