{"gold_per_floor":[116,66,82,99,61,61,61,47,73,106,122,135,164,175,175,272,272,284,284,297,257,267,267,267],"floor_reached":24,"playtime":1451,"items_purged":[],"score":294,"play_id":"d10d93b8-6f21-4043-b792-2937d7fce9e5","local_time":"20190208235216","is_ascension_mode":true,"campfire_choices":[{"data":"Chaos","floor":6,"key":"SMITH"},{"data":"Zap","floor":15,"key":"SMITH"},{"floor":23,"key":"RECALL"}],"neow_cost":"CURSE","seed_source_timestamp":287836268542067,"circlet_count":0,"master_deck":["Strike_B","Strike_B","Strike_B","Strike_B","Defend_B","Defend_B","Defend_B","Defend_B","Zap+1","Dualcast","Chaos+1","Self Repair","Glacier","Regret","Go for the Eyes","Fusion","Scrape","Darkness","Defragment","Fission","Beam Cell","Writhe","Redo"],"relics":["Cracked Core","Thread and Needle","DataDisk","Oddly Smooth Stone","Pocketwatch","Lantern","Busted Crown","Mercury Hourglass"],"potions_floor_usage":[4,10,18,22,24,24],"damage_taken":[{"damage":0,"enemies":"2 Louse","floor":1,"turns":3},{"damage":1,"enemies":"Cultist","floor":3,"turns":4},{"damage":0,"enemies":"Small Slimes","floor":4,"turns":4},{"damage":1,"enemies":"Exordium Thugs","floor":8,"turns":5},{"damage":33,"enemies":"3 Sentries","floor":10,"turns":10},{"damage":1,"enemies":"Looter","floor":11,"turns":4},{"damage":2,"enemies":"Blue Slaver","floor":12,"turns":3},{"damage":14,"enemies":"Lagavulin","floor":13,"turns":7},{"damage":0,"enemies":"Large Slime","floor":14,"turns":4},{"damage":38,"enemies":"Slime Boss","floor":16,"turns":11},{"damage":9,"enemies":"3 Byrds","floor":18,"turns":5},{"damage":11,"enemies":"Spheric Guardian","floor":20,"turns":5},{"damage":48,"enemies":"Snake Plant","floor":22,"turns":7},{"damage":25,"enemies":"Cultist and Chosen","floor":24,"turns":4}],"seed_played":"3872792825569520347","potions_obtained":[{"floor":3,"key":"Block Potion"},{"floor":8,"key":"Strength Potion"},{"floor":16,"key":"Explosive Potion"},{"floor":21,"key":"Poison Potion"},{"floor":21,"key":"PowerPotion"},{"floor":21,"key":"SmokeBomb"},{"floor":22,"key":"Weak Potion"}],"is_trial":false,"path_per_floor":["M","?","M","M","$","R","?","M","T","E","M","M","E","M","R","B",null,"M","?","M","?","M","R","M"],"character_chosen":"DEFECT","items_purchased":["Glacier"],"campfire_rested":0,"item_purchase_floors":[5],"current_hp_per_floor":[68,68,67,74,74,74,74,75,75,49,55,60,53,60,60,29,64,62,62,58,58,17,17,0],"gold":267,"neow_bonus":"ONE_RARE_RELIC","is_prod":false,"is_daily":false,"chose_seed":false,"campfire_upgraded":2,"win_rate":0,"timestamp":1549687936,"path_taken":["M","?","M","M","$","R","?","M","T","E","M","M","E","M","R","BOSS","M","?","M","?","?","R","?"],"build_version":"2019-01-23","purchased_purges":0,"victory":false,"max_hp_per_floor":[75,75,75,75,75,75,75,75,75,75,75,75,75,75,75,75,75,75,75,75,75,75,75,75],"card_choices":[{"not_picked":["Cold Snap","Scrape"],"picked":"Chaos","floor":1},{"not_picked":["Genetic Algorithm","BootSequence"],"picked":"Self Repair","floor":3},{"not_picked":["Barrage","Steam","Sunder"],"picked":"SKIP","floor":4},{"not_picked":["Hologram","Aggregate"],"picked":"Go for the Eyes","floor":8},{"not_picked":["Glacier","Stack"],"picked":"Fusion","floor":10},{"not_picked":["Sweeping Beam","Cold Snap"],"picked":"Scrape","floor":11},{"not_picked":["Cold Snap","Reinforced Body","Barrage"],"picked":"SKIP","floor":12},{"not_picked":["Stack","Scrape"],"picked":"Darkness","floor":13},{"not_picked":["Ball Lightning","Beam Cell"],"picked":"Defragment","floor":14},{"not_picked":["Hyperbeam","Multi-Cast"],"picked":"Fission","floor":16},{"not_picked":[],"picked":"Beam Cell","floor":18},{"not_picked":[],"picked":"Redo","floor":20},{"not_picked":["Scrape"],"picked":"SKIP","floor":22}],"player_experience":593012,"relics_obtained":[{"floor":9,"key":"Oddly Smooth Stone"},{"floor":10,"key":"Pocketwatch"},{"floor":13,"key":"Lantern"}],"event_choices":[{"cards_removed":["Doubt"],"damage_healed":0,"gold_gain":0,"player_choice":"Card Removal","damage_taken":0,"max_hp_gain":0,"max_hp_loss":0,"event_name":"The Cleric","floor":2,"gold_loss":50},{"damage_healed":0,"gold_gain":0,"player_choice":"Box","damage_taken":0,"relics_obtained":["DataDisk"],"max_hp_gain":0,"max_hp_loss":0,"event_name":"Big Fish","floor":7,"gold_loss":0,"cards_obtained":["Regret"]},{"damage_healed":0,"gold_gain":0,"player_choice":"Opened","damage_taken":0,"relics_obtained":["Mercury Hourglass"],"max_hp_gain":0,"max_hp_loss":0,"event_name":"The Mausoleum","floor":19,"gold_loss":0,"cards_obtained":["Writhe"]},{"damage_healed":0,"gold_gain":0,"player_choice":"Bought 3 Potions","damage_taken":0,"max_hp_gain":0,"max_hp_loss":0,"event_name":"The Woman in Blue","floor":21,"gold_loss":0}],"is_beta":false,"boss_relics":[{"not_picked":["Orrery","Sozu"],"picked":"Busted Crown"}],"items_purged_floors":[],"is_endless":false,"potions_floor_spawned":[3,8,16,22],"killed_by":"Cultist and Chosen","ascension_level":8}