{"gold_per_floor":[111,111,111,125,141,168,183,208,235,260,260,274,274,35,35,134,134,146,160,70,81,81],"floor_reached":22,"playtime":1991,"items_purged":["Strike_B"],"score":268,"play_id":"587a568d-2746-41a0-a80a-1ab7339bcd9d","local_time":"20190208192803","is_ascension_mode":true,"campfire_choices":[{"floor":11,"key":"REST"},{"data":"Consume","floor":13,"key":"SMITH"},{"floor":15,"key":"REST"}],"neow_cost":"NONE","seed_source_timestamp":119951660612939,"circlet_count":0,"master_deck":["Strike_B+1","Defend_B","Defend_B","Defend_B","Defend_B","Zap+1","Dualcast","Go for the Eyes","Coolheaded","Biased Cognition","Capacitor","Consume+1","Redo","White Noise","Capacitor","Darkness","Hologram","Seek","FTL+1","Coolheaded","Cold Snap","Double Energy"],"relics":["Cracked Core","Art of War","Bag of Preparation","Juzu Bracelet","Omamori","Philosopher\u0027s Stone"],"potions_floor_usage":[6,6,7],"damage_taken":[{"damage":1,"enemies":"2 Louse","floor":1,"turns":2},{"damage":2,"enemies":"Jaw Worm","floor":4,"turns":2},{"damage":0,"enemies":"Cultist","floor":5,"turns":3},{"damage":2,"enemies":"3 Sentries","floor":6,"turns":7},{"damage":3,"enemies":"3 Louse","floor":7,"turns":3},{"damage":11,"enemies":"Gremlin Nob","floor":8,"turns":4},{"damage":9,"enemies":"Lagavulin","floor":10,"turns":6},{"damage":19,"enemies":"Exordium Thugs","floor":12,"turns":4},{"damage":18,"enemies":"Slime Boss","floor":16,"turns":6},{"damage":8,"enemies":"Shell Parasite","floor":18,"turns":6},{"damage":10,"enemies":"Chosen","floor":19,"turns":5},{"damage":15,"enemies":"Centurion and Healer","floor":21,"turns":7},{"damage":33,"enemies":"Snake Plant","floor":22,"turns":2}],"seed_played":"2211787365736531605","potions_obtained":[{"floor":4,"key":"Energy Potion"},{"floor":5,"key":"Fire Potion"},{"floor":6,"key":"Fire Potion"}],"is_trial":false,"path_per_floor":["M","?","?","M","M","E","M","E","T","E","R","M","R","$","R","B",null,"M","M","$","M","M"],"character_chosen":"DEFECT","items_purchased":["Capacitor","Darkness","Hologram","Cold Snap","Double Energy"],"campfire_rested":2,"item_purchase_floors":[14,14,14,20,20],"current_hp_per_floor":[67,60,45,43,43,41,38,27,27,18,40,21,21,21,43,25,63,55,45,45,30,0],"gold":81,"neow_bonus":"REMOVE_CARD","is_prod":false,"is_daily":false,"chose_seed":false,"campfire_upgraded":1,"win_rate":0,"timestamp":1549675683,"path_taken":["M","?","?","M","M","E","M","E","T","E","R","M","R","?","R","BOSS","M","M","$","M","M"],"build_version":"2019-01-23","purchased_purges":1,"victory":false,"max_hp_per_floor":[75,75,75,75,75,75,75,75,75,75,75,75,75,75,75,75,75,75,75,75,75,75],"card_choices":[{"not_picked":["Hello World","Storm"],"picked":"Go for the Eyes","floor":1},{"not_picked":["Leap","Gash"],"picked":"Coolheaded","floor":4},{"not_picked":["Gash","Sweeping Beam"],"picked":"Biased Cognition","floor":5},{"not_picked":["Stack","Hologram"],"picked":"Capacitor","floor":6},{"not_picked":["Blizzard","Redo","Compile Driver"],"picked":"SKIP","floor":7},{"not_picked":["Streamline","Go for the Eyes"],"picked":"Consume","floor":8},{"not_picked":["Beam Cell","Self Repair"],"picked":"Redo","floor":10},{"not_picked":["Hologram","Rip and Tear"],"picked":"White Noise","floor":12},{"not_picked":["All For One","Buffer"],"picked":"Seek","floor":16},{"not_picked":["Heatsinks","Conserve Battery"],"picked":"FTL+1","floor":18},{"not_picked":["Hologram","Streamline"],"picked":"Coolheaded","floor":19},{"not_picked":["Rebound","Leap","Hello World+1"],"picked":"SKIP","floor":21}],"player_experience":614345,"relics_obtained":[{"floor":6,"key":"Art of War"},{"floor":8,"key":"Bag of Preparation"},{"floor":9,"key":"Juzu Bracelet"},{"floor":10,"key":"Omamori"}],"event_choices":[{"cards_removed":["Strike_B"],"damage_healed":0,"gold_gain":0,"player_choice":"Card Removal","damage_taken":7,"max_hp_gain":0,"max_hp_loss":0,"event_name":"Golden Wing","floor":2,"gold_loss":0},{"damage_healed":0,"gold_gain":0,"player_choice":"Entered Light","damage_taken":15,"max_hp_gain":0,"max_hp_loss":0,"event_name":"Shining Light","floor":3,"gold_loss":0,"cards_upgraded":["Zap","Strike_B"]}],"is_beta":false,"boss_relics":[{"not_picked":["White Beast Statue","Orrery"],"picked":"Philosopher\u0027s Stone"}],"items_purged_floors":[14],"is_endless":false,"potions_floor_spawned":[4,5,6],"killed_by":"Snake Plant","ascension_level":6}