{"path_per_floor":["M","$","M","M","M","R","?","R","T","R","M","R","M","M","R","B",null,"M","M","M","M","?","R","$","M","T","R","M","R","?","?","R","B",null,"M","M","$","?","M","R","?","R","T","E","?","M","R","?","R","B"],"character_chosen":"IRONCLAD","items_purchased":["Panache"],"gold_per_floor":[113,38,58,78,98,98,98,98,123,123,137,137,155,169,169,272,272,288,305,317,335,335,335,22,37,37,37,56,56,88,88,88,184,184,204,220,95,146,158,158,380,380,380,413,413,433,433,433,433,433],"floor_reached":51,"campfire_rested":4,"playtime":3465,"item_purchase_floors":[24],"current_hp_per_floor":[72,72,72,72,72,72,72,72,72,72,70,70,72,72,72,59,69,52,46,31,20,20,20,20,26,26,26,20,41,40,40,61,53,67,64,51,51,57,43,43,43,64,64,22,63,63,63,63,63,62],"items_purged":["Strike_R","Burning Pact","Bash"],"gold":433,"score":861,"play_id":"4d14c1eb-a385-4a20-be3c-b14816355cbf","local_time":"20180609193448","is_prod":false,"is_daily":false,"chose_seed":false,"is_ascension_mode":true,"campfire_upgraded":9,"win_rate":0,"timestamp":1528565688,"campfire_choices":[{"data":"Pommel Strike","floor":6,"key":"SMITH"},{"data":"Clash","floor":8,"key":"SMITH"},{"data":"Defend_R","floor":10,"key":"SMITH"},{"data":"Shrug It Off","floor":12,"key":"SMITH"},{"data":"Rampage","floor":15,"key":"SMITH"},{"data":"Seeing Red","floor":23,"key":"SMITH"},{"data":"Warcry","floor":27,"key":"SMITH"},{"floor":29,"key":"REST"},{"floor":32,"key":"REST"},{"data":"Limit Break","floor":40,"key":"SMITH"},{"floor":42,"key":"REST"},{"data":"Demon Form","floor":47,"key":"SMITH"},{"floor":49,"key":"REST"}],"path_taken":["M","$","M","?","M","R","?","R","T","R","M","R","?","M","R","BOSS","M","M","M","M","?","R","$","M","T","R","M","R","?","?","R","BOSS","M","?","$","?","?","R","?","R","T","E","?","?","R","?","R","BOSS"],"build_version":"2018-06-07v3","seed_source_timestamp":2062517042534914,"purchased_purges":3,"victory":true,"master_deck":["Pommel Strike+1","Clash+1","Shrug It Off+1","Metallicize+1","Rampage+1","Pommel Strike+1","Inflame+1","Warcry+1","Warcry+1","Body Slam+1","Shrug It Off+1","Seeing Red+1","Rage+1","Metallicize+1","Panache+1","Demon Form+1","Limit Break+1","Thunderclap+1"],"max_hp_per_floor":[72,72,72,72,72,72,72,72,72,72,72,72,72,72,72,72,72,72,72,72,72,72,72,72,72,72,72,72,72,72,72,72,72,72,72,72,72,72,72,72,72,72,72,72,63,63,63,63,63,63],"relics":["Burning Blood","Dream Catcher","Pandora\u0027s Box","Bag of Preparation","Red Mask","Busted Crown","Du-Vu Doll","Shuriken","Anchor","Mark of the Bloom"],"card_choices":[{"not_picked":["Body Slam","Carnage","Fire Breathing"],"picked":"SKIP","floor":1},{"not_picked":["Havoc","Shockwave","Ghostly Armor"],"picked":"SKIP","floor":3},{"not_picked":["Twin Strike","Havoc"],"picked":"Pommel Strike","floor":4},{"not_picked":["Wild Strike","Heavy Blade","Dual Wield"],"picked":"SKIP","floor":5},{"not_picked":["Anger","Pommel Strike"],"picked":"Shrug It Off","floor":11},{"not_picked":["Whirlwind","Bloodletting"],"picked":"Metallicize","floor":13},{"not_picked":["Wild Strike","Shrug It Off"],"picked":"Rampage","floor":14},{"not_picked":["Twin Strike","Perfected Strike+1"],"picked":"Shrug It Off+1","floor":18},{"not_picked":["Burning Pact+1","True Grit"],"picked":"Seeing Red","floor":19},{"not_picked":["Uppercut","Body Slam"],"picked":"Rage+1","floor":20},{"not_picked":["Corruption","Havoc+1"],"picked":"Metallicize","floor":21},{"not_picked":["Pommel Strike","Sword Boomerang","Havoc+1"],"picked":"SKIP","floor":25},{"not_picked":["Flame Barrier","Rupture+1","Dropkick+1"],"picked":"SKIP","floor":28},{"not_picked":["Warcry","True Grit"],"picked":"Demon Form","floor":30},{"not_picked":["Dark Embrace","Double Tap"],"picked":"Limit Break","floor":33},{"not_picked":["True Grit+1"],"picked":"SKIP","floor":35},{"not_picked":["Anger"],"picked":"SKIP","floor":36},{"not_picked":[],"picked":"Thunderclap+1","floor":38},{"not_picked":["Intimidate"],"picked":"SKIP","floor":39},{"not_picked":["Carnage+1"],"picked":"SKIP","floor":44},{"not_picked":["Entrench+1"],"picked":"SKIP","floor":46}],"player_experience":285709,"potions_floor_usage":[16,20,21,21,36,38],"damage_taken":[{"damage":1,"enemies":"Cultist","floor":1,"turns":4},{"damage":4,"enemies":"2 Louse","floor":3,"turns":3},{"damage":3,"enemies":"Jaw Worm","floor":4,"turns":5},{"damage":2,"enemies":"Looter","floor":5,"turns":4},{"damage":8,"enemies":"Large Slime","floor":11,"turns":10},{"damage":2,"enemies":"Blue Slaver","floor":13,"turns":3},{"damage":1,"enemies":"Exordium Wildlife","floor":14,"turns":6},{"damage":19,"enemies":"Slime Boss","floor":16,"turns":8},{"damage":23,"enemies":"2 Thieves","floor":18,"turns":4},{"damage":12,"enemies":"Shell Parasite","floor":19,"turns":6},{"damage":26,"enemies":"Snake Plant","floor":20,"turns":4},{"damage":17,"enemies":"Slaver and Parasite","floor":21,"turns":6},{"damage":0,"enemies":"Sentry and Sphere","floor":25,"turns":6},{"damage":12,"enemies":"Cultist and Chosen","floor":28,"turns":5},{"damage":7,"floor":30,"turns":4},{"damage":14,"enemies":"Champ","floor":33,"turns":7},{"damage":9,"enemies":"Orb Walker","floor":35,"turns":4},{"damage":19,"enemies":"3 Darklings","floor":36,"turns":5},{"damage":0,"floor":38,"turns":5},{"damage":20,"enemies":"Sphere and 2 Shapes","floor":39,"turns":5},{"damage":48,"enemies":"Nemesis","floor":44,"turns":7},{"damage":0,"enemies":"Maw","floor":46,"turns":6},{"damage":1,"enemies":"Time Eater","floor":50,"turns":5}],"relics_obtained":[{"floor":9,"key":"Dream Catcher"},{"floor":26,"key":"Bag of Preparation"},{"floor":30,"key":"Red Mask"},{"floor":38,"key":"Du-Vu Doll"},{"floor":43,"key":"Shuriken"},{"floor":44,"key":"Anchor"}],"event_choices":[{"event_name":"Match and Keep!","player_choice":"1 cards matched","floor":7,"damage_taken":0},{"event_name":"Cursed Tome","player_choice":"Ignored","floor":22,"damage_taken":0},{"event_name":"Masked Bandits","player_choice":"Fought over 56 gold","floor":30,"damage_taken":0},{"event_name":"Vampires","player_choice":"Ignored","floor":31,"damage_taken":0},{"event_name":"Mysterious Sphere","player_choice":"Fight","floor":38,"damage_taken":0},{"event_name":"Tomb of Lord Red Mask","player_choice":"Wore Mask","floor":41,"damage_taken":0},{"event_name":"The Moai Head","player_choice":"Heal","floor":45,"damage_taken":0},{"event_name":"MindBloom","player_choice":"Upgrade","floor":48,"damage_taken":0}],"boss_relics":[{"not_picked":["Runic Pyramid","Astrolabe"],"picked":"Pandora\u0027s Box"},{"not_picked":["Mark of Pain","Orrery"],"picked":"Busted Crown"}],"items_purged_floors":[2,24,37],"potions_floor_spawned":[4,13,14,20,25,33,35,36,44,46],"seed_played":"-8225935657008457840","ascension_level":7,"potions_obtained":[{"floor":4,"key":"Poison Potion"},{"floor":13,"key":"LiquidBronze"},{"floor":14,"key":"Regen Potion"},{"floor":20,"key":"SkillPotion"},{"floor":25,"key":"Explosive Potion"},{"floor":33,"key":"Explosive Potion"},{"floor":35,"key":"SkillPotion"},{"floor":36,"key":"PowerPotion"},{"floor":44,"key":"Energy Potion"},{"floor":46,"key":"PowerPotion"}],"is_trial":false}