{"gold_per_floor":[111,111,111,130,143,176,176,66,90,110,110,185,16,16,16,147,147,165,184,7,7,30,68,93,93,93,113,148,148,173,7,7,7],"floor_reached":33,"playtime":3354,"items_purged":["Strike_G","Injury","Defend_G"],"score":310,"play_id":"146ce027-ab68-4795-a882-34a7316d2481","local_time":"20180719032049","is_ascension_mode":false,"campfire_choices":[{"floor":7,"key":"REST"},{"floor":15,"key":"REST"},{"floor":25,"key":"REST"},{"floor":29,"key":"REST"},{"floor":32,"key":"REST"}],"neow_cost":"","seed_source_timestamp":132458414623192,"circlet_count":0,"master_deck":["Defend_G","Defend_G","Defend_G","Survivor","Neutralize","Blade Dance","Backstab","Well Laid Plans","Escape Plan","Terror","Accuracy","Storm of Steel","Escape Plan","Panache","Bite","Bite","Bite","Bite","Bite","Slice","Dash","Distraction+1","Choke"],"relics":["Ring of the Snake","Ancient Tea Set","Orichalcum","Golden Idol","Blood Vial","Busted Crown","Calipers","Darkstone Periapt","Kunai"],"potions_floor_usage":[16,23,23,27,28,30],"damage_taken":[{"damage":0,"enemies":"Small Slimes","floor":1,"turns":4},{"damage":0,"enemies":"Jaw Worm","floor":4,"turns":5},{"damage":0,"enemies":"2 Louse","floor":5,"turns":2},{"damage":47,"enemies":"Gremlin Nob","floor":6,"turns":6},{"damage":0,"enemies":"Red Slaver","floor":10,"turns":4},{"damage":54,"enemies":"The Guardian","floor":16,"turns":19},{"damage":12,"enemies":"Shell Parasite","floor":18,"turns":6},{"damage":11,"enemies":"Spheric Guardian","floor":19,"turns":4},{"damage":22,"enemies":"Chosen and Byrds","floor":22,"turns":7},{"damage":22,"enemies":"Book of Stabbing","floor":23,"turns":5},{"damage":20,"enemies":"Centurion and Healer","floor":24,"turns":6},{"damage":9,"enemies":"Cultist and Chosen","floor":27,"turns":5},{"damage":39,"enemies":"Gremlin Leader","floor":28,"turns":5},{"damage":19,"enemies":"Chosen and Byrds","floor":30,"turns":7},{"damage":57,"enemies":"Automaton","floor":33,"turns":6}],"seed_played":"3969034702161756330","potions_obtained":[{"floor":1,"key":"Ancient Potion"},{"floor":16,"key":"GhostInAJar"},{"floor":22,"key":"LiquidBronze"},{"floor":23,"key":"SkillPotion"},{"floor":27,"key":"AttackPotion"},{"floor":28,"key":"Poison Potion"}],"is_trial":false,"path_per_floor":["M","?","?","M","M","E","R","$","T","M","?","?","$","T","R","B",null,"M","M","$","?","M","E","M","R","T","M","E","R","M","$","R"],"character_chosen":"THE_SILENT","items_purchased":["Escape Plan","Accuracy","Panache","Choke"],"campfire_rested":5,"item_purchase_floors":[8,13,20,31],"current_hp_per_floor":[70,70,70,70,70,23,44,44,44,44,44,33,33,33,54,2,70,58,49,49,49,37,29,29,43,43,45,18,32,27,27,41,0],"gold":7,"neow_bonus":"","is_prod":false,"is_daily":false,"chose_seed":false,"campfire_upgraded":0,"win_rate":0,"timestamp":1531984849,"path_taken":["M","?","?","?","M","E","R","$","T","M","?","?","$","?","R","BOSS","M","M","$","?","M","E","M","R","T","M","E","R","M","?","R","BOSS"],"build_version":"2018-07-12","purchased_purges":3,"victory":false,"max_hp_per_floor":[70,70,70,70,70,70,70,70,70,70,70,70,70,70,70,70,70,70,70,70,49,49,49,49,49,49,49,49,49,49,49,49,49],"card_choices":[{"not_picked":["Riddle With Holes","Dash"],"picked":"Blade Dance","floor":1},{"not_picked":["Dodge and Roll","Backflip"],"picked":"Backstab","floor":4},{"not_picked":["Poisoned Stab","Masterful Stab","Sucker Punch"],"picked":"SKIP","floor":5},{"not_picked":["Reflex","Prepared"],"picked":"Well Laid Plans","floor":6},{"not_picked":["Underhanded Strike","Adrenaline"],"picked":"Terror","floor":10},{"not_picked":["Envenom","A Thousand Cuts"],"picked":"Storm of Steel","floor":16},{"not_picked":["Malaise"],"picked":"SKIP","floor":18},{"not_picked":[],"picked":"Escape Plan","floor":19},{"not_picked":[],"picked":"Slice","floor":22},{"not_picked":[],"picked":"Dash","floor":23},{"not_picked":["Well Laid Plans"],"picked":"SKIP","floor":24},{"not_picked":["Deadly Poison+1"],"picked":"SKIP","floor":27},{"not_picked":[],"picked":"Distraction+1","floor":28},{"not_picked":["PiercingWail"],"picked":"SKIP","floor":30}],"player_experience":374109,"relics_obtained":[{"floor":6,"key":"Ancient Tea Set"},{"floor":9,"key":"Orichalcum"},{"floor":14,"key":"Blood Vial"},{"floor":23,"key":"Calipers"},{"floor":26,"key":"Darkstone Periapt"},{"floor":28,"key":"Kunai"}],"event_choices":[{"event_name":"Living Wall","player_choice":"Forget","floor":2,"damage_taken":0},{"event_name":"Purifier","player_choice":"One Purge","floor":3,"damage_taken":0},{"event_name":"Golden Idol","player_choice":"Take Wound","floor":11,"damage_taken":0},{"event_name":"World of Goop","player_choice":"Gather Gold","floor":12,"damage_taken":0},{"event_name":"Vampires","player_choice":"Became a vampire","floor":21,"damage_taken":0}],"boss_relics":[{"not_picked":["Lizard Tail","Calling Bell"],"picked":"Busted Crown"}],"items_purged_floors":[8,13,31],"is_endless":false,"potions_floor_spawned":[1,16,22,23,27,28],"killed_by":"Automaton","ascension_level":0}