{"gold_per_floor":[116,66,16,16,16,41,41,57,57,57,71,71,99,24,24,119,119,139,153,153],"floor_reached":20,"playtime":719,"items_purged":["Defend_R"],"score":270,"play_id":"8b16304e-7172-4fa2-b46f-08120a0eab6c","local_time":"20180727011425","is_ascension_mode":true,"campfire_choices":[{"floor":10,"key":"REST"},{"data":"Inflame","floor":12,"key":"SMITH"},{"floor":15,"key":"REST"}],"neow_cost":"TEN_PERCENT_HP_LOSS","seed_source_timestamp":3469446231267654,"circlet_count":0,"master_deck":["Strike_R","Strike_R","Strike_R","Strike_R","Defend_R","Defend_R","Bash","AscendersBane","Brutality","Inflame+1","Clash","Thunderclap","Clash"],"relics":["Burning Blood","Vajra","Pantograph","Kunai","Runic Cube"],"potions_floor_usage":[11,16,16],"damage_taken":[{"damage":5,"enemies":"2 Louse","floor":1,"turns":3},{"damage":56,"enemies":"3 Sentries","floor":6,"turns":11},{"damage":6,"enemies":"Cultist","floor":8,"turns":4},{"damage":7,"enemies":"Small Slimes","floor":11,"turns":3},{"damage":12,"enemies":"Gremlin Nob","floor":13,"turns":3},{"damage":65,"enemies":"Hexaghost","floor":16,"turns":8},{"damage":19,"enemies":"Spheric Guardian","floor":18,"turns":4},{"damage":36,"enemies":"2 Thieves","floor":19,"turns":3},{"damage":18,"enemies":"Snecko","floor":20,"turns":2}],"seed_played":"7169683789854317394","potions_obtained":[{"floor":4,"key":"SmokeBomb"},{"floor":4,"key":"Poison Potion"},{"floor":4,"key":"Dexterity Potion"},{"floor":13,"key":"Poison Potion"}],"is_trial":false,"path_per_floor":["M","?","$","?","$","E","?","M","T","R","M","R","E","$","R","B",null,"M","M"],"character_chosen":"IRONCLAD","items_purchased":["Clash"],"campfire_rested":2,"item_purchase_floors":[3],"current_hp_per_floor":[72,72,72,72,72,22,22,22,22,43,42,42,36,36,57,13,57,44,14,0],"gold":153,"neow_bonus":"THREE_RARE_CARDS","is_prod":false,"is_daily":false,"chose_seed":false,"campfire_upgraded":1,"win_rate":0,"timestamp":1532646865,"path_taken":["M","?","$","?","?","E","?","?","T","R","M","R","E","$","R","BOSS","M","M","?"],"build_version":"2018-07-19v2","purchased_purges":1,"victory":false,"max_hp_per_floor":[72,72,72,72,72,72,72,72,72,72,72,72,72,72,72,72,72,72,72,72],"card_choices":[{"not_picked":["Barricade","Exhume"],"picked":"Brutality","floor":0},{"not_picked":["Perfected Strike","Thunderclap"],"picked":"Inflame","floor":1},{"not_picked":["Clothesline","Dark Embrace","Battle Trance"],"picked":"SKIP","floor":6},{"not_picked":["Armaments","Headbutt","Twin Strike"],"picked":"SKIP","floor":8},{"not_picked":["Armaments","Blood for Blood"],"picked":"Thunderclap","floor":11},{"not_picked":["Thunderclap","Impervious"],"picked":"Clash","floor":13},{"not_picked":["Twin Strike","Clash","Ghostly Armor+1"],"picked":"SKIP","floor":18},{"not_picked":["Spot Weakness","Warcry","Headbutt+1"],"picked":"SKIP","floor":19}],"player_experience":386860,"relics_obtained":[{"floor":6,"key":"Vajra"},{"floor":9,"key":"Pantograph"},{"floor":13,"key":"Kunai"}],"event_choices":[{"event_name":"The Cleric","player_choice":"Card Removal","floor":2,"damage_taken":0},{"event_name":"The Lab","player_choice":"Got Potions","floor":4,"damage_taken":0},{"event_name":"Living Wall","player_choice":"Forget","floor":7,"damage_taken":0}],"is_beta":false,"boss_relics":[{"not_picked":["Coffee Dripper","Ectoplasm"],"picked":"Runic Cube"}],"items_purged_floors":[14],"is_endless":false,"potions_floor_spawned":[13],"killed_by":"Snecko","ascension_level":10}