{"gold_per_floor":[115,128,128,228,241,241,268,287,312,312,322,352,365,365,365,467,467,479,145,162,212,230,260,260,294,294,319,330,330,364,383,383,383],"floor_reached":33,"playtime":3667,"items_purged":["Strike_R"],"score":371,"play_id":"75fdb685-eacf-49d6-ba87-bfa85c057d45","local_time":"20190128135307","is_ascension_mode":true,"campfire_choices":[{"data":"Metallicize","floor":6,"key":"SMITH"},{"data":"Thunderclap","floor":10,"key":"SMITH"},{"data":"Iron Wave","floor":15,"key":"SMITH"},{"data":"Fiend Fire","floor":24,"key":"SMITH"},{"floor":29,"key":"REST"},{"data":"Armaments","floor":32,"key":"SMITH"}],"neow_cost":"TEN_PERCENT_HP_LOSS","seed_source_timestamp":517957945261574,"circlet_count":0,"master_deck":["Strike_R+1","Defend_R","Defend_R","Defend_R","Defend_R","Bash","Thunderclap+1","Battle Trance","Metallicize+1","Sword Boomerang","Iron Wave+1","Shrug It Off","Cleave+1","Iron Wave","Limit Break","Infernal Blade+1","Searing Blow+1","Searing Blow+1","Rage","Iron Wave","Shrug It Off","Fiend Fire+1","Shrug It Off","Body Slam","Pommel Strike","Armaments+1","Metallicize"],"relics":["Burning Blood","Torii","Orichalcum","Regal Pillow","Bag of Preparation","Pen Nib","Astrolabe","Membership Card","PreservedInsect","Blue Candle","Boot","Smiling Mask","Unceasing Top","Matryoshka"],"potions_floor_usage":[16,23,23,28,33],"damage_taken":[{"damage":2,"enemies":"Cultist","floor":1,"turns":5},{"damage":1,"enemies":"2 Louse","floor":2,"turns":3},{"damage":1,"enemies":"Small Slimes","floor":5,"turns":4},{"damage":11,"enemies":"Gremlin Nob","floor":7,"turns":5},{"damage":25,"enemies":"Gremlin Gang","floor":8,"turns":7},{"damage":2,"enemies":"Looter","floor":11,"turns":3},{"damage":9,"enemies":"3 Sentries","floor":12,"turns":8},{"damage":1,"enemies":"3 Louse","floor":13,"turns":2},{"damage":6,"enemies":"Hexaghost","floor":16,"turns":13},{"damage":0,"enemies":"3 Byrds","floor":18,"turns":5},{"damage":2,"enemies":"Shell Parasite","floor":20,"turns":5},{"damage":8,"enemies":"Cultist and Chosen","floor":22,"turns":8},{"damage":27,"enemies":"Book of Stabbing","floor":23,"turns":6},{"damage":23,"enemies":"Slavers","floor":25,"turns":4},{"damage":21,"enemies":"Book of Stabbing","floor":27,"turns":5},{"damage":6,"enemies":"Snecko","floor":28,"turns":3},{"damage":9,"enemies":"Slavers","floor":30,"turns":5},{"damage":15,"enemies":"Snake Plant","floor":31,"turns":4},{"damage":80,"enemies":"Champ","floor":33,"turns":18}],"seed_played":"8933791318150077773","potions_obtained":[{"floor":5,"key":"Energy Potion"},{"floor":7,"key":"LiquidBronze"},{"floor":12,"key":"Dexterity Potion"},{"floor":16,"key":"Block Potion"},{"floor":23,"key":"Regen Potion"},{"floor":27,"key":"Swift Potion"},{"floor":30,"key":"FearPotion"}],"is_trial":false,"path_per_floor":["M","M","?","?","M","R","E","M","T","R","M","E","M","?","R","B",null,"M","$","M","?","M","E","R","E","T","E","M","R","E","M","R","B"],"character_chosen":"IRONCLAD","items_purchased":["Membership Card","PreservedInsect","Iron Wave"],"campfire_rested":1,"item_purchase_floors":[19,19,19],"current_hp_per_floor":[72,72,69,69,72,72,67,48,48,48,52,49,54,40,40,40,72,72,72,72,72,70,49,49,32,32,17,17,53,50,41,41,0],"gold":383,"neow_bonus":"ONE_RARE_RELIC","is_prod":false,"is_daily":false,"chose_seed":false,"campfire_upgraded":5,"win_rate":0,"timestamp":1548705187,"path_taken":["M","M","?","?","M","R","E","M","T","R","M","E","?","?","R","BOSS","M","$","M","?","M","E","R","E","T","E","M","R","E","M","R","BOSS"],"build_version":"2019-01-23","purchased_purges":1,"victory":false,"max_hp_per_floor":[72,72,72,72,72,72,72,72,72,72,72,72,72,72,72,72,72,72,72,72,72,72,72,72,72,72,72,72,72,72,72,72,72],"card_choices":[{"not_picked":["Heavy Blade","Shockwave"],"picked":"Thunderclap","floor":1},{"not_picked":["Warcry","Wild Strike"],"picked":"Battle Trance","floor":2},{"not_picked":["Combust","Entrench"],"picked":"Metallicize","floor":5},{"not_picked":["Power Through","True Grit"],"picked":"Sword Boomerang","floor":7},{"not_picked":["Thunderclap","Sentinel"],"picked":"Iron Wave","floor":8},{"not_picked":["Whirlwind","Disarm"],"picked":"Shrug It Off","floor":11},{"not_picked":["Clothesline","Sever Soul"],"picked":"Cleave","floor":12},{"not_picked":["Blood for Blood","Carnage"],"picked":"Iron Wave","floor":13},{"not_picked":["Dark Embrace","Brutality"],"picked":"Limit Break","floor":16},{"not_picked":["Perfected Strike","Clothesline"],"picked":"Rage","floor":18},{"not_picked":["Pummel+1","Anger"],"picked":"Shrug It Off","floor":20},{"not_picked":["Sword Boomerang+1","Pummel","Sever Soul+1"],"picked":"SKIP","floor":22},{"not_picked":["Bloodletting","Twin Strike"],"picked":"Fiend Fire","floor":23},{"not_picked":["Perfected Strike","Immolate"],"picked":"Shrug It Off","floor":25},{"not_picked":["Second Wind+1","Uppercut"],"picked":"Body Slam","floor":27},{"not_picked":["Anger","Clash"],"picked":"Pommel Strike","floor":28},{"not_picked":["Perfected Strike","Shrug It Off+1"],"picked":"Armaments","floor":30},{"not_picked":["Flex","Seeing Red"],"picked":"Metallicize","floor":31}],"player_experience":563088,"relics_obtained":[{"floor":7,"key":"Regal Pillow"},{"floor":9,"key":"Bag of Preparation"},{"floor":12,"key":"Pen Nib"},{"floor":23,"key":"Blue Candle"},{"floor":25,"key":"Boot"},{"floor":26,"key":"Smiling Mask"},{"floor":27,"key":"Unceasing Top"},{"floor":30,"key":"Matryoshka"}],"event_choices":[{"damage_healed":0,"gold_gain":0,"player_choice":"Success","damage_taken":3,"relics_obtained":["Orichalcum"],"max_hp_gain":0,"max_hp_loss":0,"event_name":"Scrap Ooze","floor":3,"gold_loss":0},{"damage_healed":0,"gold_gain":100,"player_choice":"Pray","damage_taken":0,"max_hp_gain":0,"max_hp_loss":0,"event_name":"Golden Shrine","floor":4,"gold_loss":0},{"damage_healed":0,"gold_gain":0,"player_choice":"Entered Light","damage_taken":14,"max_hp_gain":0,"max_hp_loss":0,"event_name":"Shining Light","floor":14,"gold_loss":0,"cards_upgraded":["Strike_R","Cleave"]},{"damage_healed":0,"gold_gain":100,"player_choice":"Bet on Murderer","damage_taken":0,"max_hp_gain":0,"max_hp_loss":0,"event_name":"The Joust","floor":21,"gold_loss":50}],"is_beta":false,"boss_relics":[{"not_picked":["Philosopher\u0027s Stone","Snecko Eye"],"picked":"Astrolabe"}],"items_purged_floors":[19],"is_endless":false,"potions_floor_spawned":[5,7,12,16,23,27,30,31],"killed_by":"Champ","ascension_level":2}