{"gold_per_floor":[117,134,59,75,3,3,178,178,178,85,105,105,116,131,131,229,229,249,282,382,397,416,416,427,427,452,469,479,479,491,590,590,590],"floor_reached":33,"playtime":1776,"items_purged":["Parasite"],"score":362,"play_id":"0e3398f2-33c1-410b-a634-3ab2ad6816a9","local_time":"20190304210635","is_ascension_mode":true,"campfire_choices":[{"data":"The Bomb","floor":6.0,"key":"SMITH"},{"data":"Neutralize","floor":12.0,"key":"SMITH"},{"data":"Survivor","floor":15.0,"key":"SMITH"},{"floor":23,"key":"REST"},{"floor":25,"key":"REST"},{"floor":29,"key":"REST"},{"data":"Setup","floor":32,"key":"SMITH"}],"neow_cost":"CURSE","seed_source_timestamp":0,"circlet_count":0,"master_deck":["AscendersBane","Defend_G","Defend_G","Defend_G","Defend_G","Defend_G","Strike_G","Strike_G","Strike_G","Strike_G","Strike_G","Survivor+1","Neutralize+1","Bandage Up","The Bomb+1","Dagger Spray","Acrobatics","Caltrops","Doubt","Bandage Up","Caltrops","Predator+1","Sucker Punch+1","Bullet Time","PiercingWail","Leg Sweep","PiercingWail+1","Dash+1","Setup+1","Dash+1"],"special_seed":0,"relics":["Ring of the Snake","Molten Egg 2","Bottled Lightning","Eternal Feather","Red Mask","Happy Flower"],"potions_floor_usage":[21,22,22,33],"damage_taken":[{"damage":9.0,"enemies":"Small Slimes","floor":1.0,"turns":5.0},{"damage":0.0,"enemies":"2 Louse","floor":2.0,"turns":3.0},{"damage":1.0,"enemies":"Cultist","floor":4.0,"turns":4.0},{"damage":1.0,"enemies":"Exordium Thugs","floor":11.0,"turns":3.0},{"damage":15.0,"enemies":"Large Slime","floor":13.0,"turns":8.0},{"damage":3.0,"enemies":"Red Slaver","floor":14.0,"turns":3.0},{"damage":19.0,"enemies":"Hexaghost","floor":16.0,"turns":9.0},{"damage":27.0,"enemies":"Shell Parasite","floor":18.0,"turns":6.0},{"damage":30.0,"enemies":"Masked Bandits","floor":19.0,"turns":3.0},{"damage":17,"enemies":"Spheric Guardian","floor":21,"turns":4},{"damage":9,"enemies":"3 Cultists","floor":22,"turns":3},{"damage":41,"enemies":"Cultist and Chosen","floor":24,"turns":6},{"damage":24,"enemies":"Shelled Parasite and Fungi","floor":27,"turns":8},{"damage":10,"enemies":"Snecko","floor":28,"turns":5},{"damage":9,"enemies":"Snake Plant","floor":30,"turns":3},{"damage":84,"enemies":"Automaton","floor":33,"turns":10}],"seed_played":"-8170195327306650128","potions_obtained":[{"floor":1.0,"key":"Poison Potion"},{"floor":13.0,"key":"Dexterity Potion"},{"floor":16.0,"key":"Strength Potion"},{"floor":18.0,"key":"GamblersBrew"},{"floor":21,"key":"Dexterity Potion"},{"floor":27,"key":"EssenceOfSteel"}],"is_trial":false,"path_per_floor":["M","M","$","M","$","R","?","?","T","$","M","R","M","M","R","B",null,"M","?","?","M","M","R","M","R","T","M","M","R","M","?","R","B"],"character_chosen":"THE_SILENT","items_purchased":["Caltrops","Bandage Up"],"campfire_rested":3,"item_purchase_floors":[5,10],"current_hp_per_floor":[58,62,62,65,65,65,65,65,65,65,67,67,60,65,65,54,64,45,19,19,6,1,36,3,38,38,22,20,55,50,50,67,0],"gold":590,"neow_bonus":"RANDOM_COLORLESS_2","is_prod":false,"is_daily":false,"chose_seed":false,"campfire_upgraded":4,"win_rate":0,"timestamp":1551751595,"path_taken":["M","M","$","M","$","R","?","?","T","$","M","R","?","M","R","BOSS","M","?","?","?","M","R","M","R","T","M","M","R","M","?","R","BOSS"],"build_version":"2019-01-23","purchased_purges":1,"victory":false,"max_hp_per_floor":[70,70,67,67,67,67,67,67,67,67,67,67,67,67,67,67,67,67,67,67,67,67,67,67,67,67,67,67,67,67,67,67,67],"card_choices":[{"not_picked":["Poisoned Stab","Deflect","Reflex"],"picked":"SKIP","floor":1.0},{"not_picked":["Deadly Poison","Dash"],"picked":"Dagger Spray","floor":2.0},{"not_picked":["Choke","Dagger Spray"],"picked":"Acrobatics","floor":4.0},{"not_picked":["Setup","Deflect"],"picked":"Caltrops","floor":11.0},{"not_picked":["Quick Slash+1","Escape Plan"],"picked":"Predator+1","floor":13.0},{"not_picked":["Infinite Blades","Dodge and Roll"],"picked":"Sucker Punch+1","floor":14.0},{"not_picked":["Grand Finale+1","Wraith Form v2"],"picked":"Bullet Time","floor":16.0},{"not_picked":["Predator+1","Dagger Spray+1"],"picked":"PiercingWail","floor":18.0},{"not_picked":["Tactician+1","Quick Slash+1"],"picked":"Leg Sweep","floor":19.0},{"not_picked":["Eviscerate+1","Endless Agony+1","Dagger Throw+1"],"picked":"SKIP","floor":21},{"not_picked":["Cloak And Dagger","Accuracy","Reflex+1"],"picked":"SKIP","floor":22},{"not_picked":["Dodge and Roll+1","Deflect"],"picked":"PiercingWail+1","floor":24},{"not_picked":["Heel Hook+1","Dagger Throw+1"],"picked":"Dash+1","floor":27},{"not_picked":["Flechettes+1","Corpse Explosion"],"picked":"Setup","floor":28},{"not_picked":["Outmaneuver","Sucker Punch+1"],"picked":"Dash+1","floor":30}],"player_experience":2352100,"relics_obtained":[{"floor":9.0,"key":"Bottled Lightning"},{"floor":19.0,"key":"Red Mask"},{"floor":26,"key":"Happy Flower"}],"event_choices":[{"damage_healed":0.0,"max_hp_gain":0.0,"max_hp_loss":0.0,"gold_gain":175.0,"event_name":"Liars Game","player_choice":"AGREE","floor":7.0,"gold_loss":0.0,"damage_taken":0.0,"cards_obtained":["Doubt"]},{"damage_healed":0.0,"max_hp_gain":0.0,"max_hp_loss":0.0,"gold_gain":0.0,"event_name":"WeMeetAgain","player_choice":"Gave Potion","floor":8.0,"gold_loss":0.0,"damage_taken":0.0,"relics_obtained":["Molten Egg 2"]},{"damage_healed":0.0,"max_hp_gain":0.0,"max_hp_loss":0.0,"gold_gain":0.0,"event_name":"Masked Bandits","player_choice":"Fought Bandits","floor":19.0,"gold_loss":0.0,"damage_taken":0.0},{"damage_healed":0.0,"max_hp_gain":0.0,"max_hp_loss":0.0,"gold_gain":100.0,"event_name":"Golden Shrine","player_choice":"Pray","floor":20.0,"gold_loss":0.0,"damage_taken":0.0},{"damage_healed":0,"gold_gain":99,"player_choice":"Stole From Cult","damage_taken":0,"max_hp_gain":0,"max_hp_loss":0,"event_name":"Nest","floor":31,"gold_loss":0}],"is_beta":false,"boss_relics":[{"not_picked":["Sozu","Tiny House"],"picked":"Eternal Feather"}],"items_purged_floors":[3],"is_endless":false,"potions_floor_spawned":[1,13,16,18,21,27],"killed_by":"Automaton","ascension_level":10}