{"gold_per_floor":[109,109,36,36,47,47,47,62,62,62,82,97,97,110,110,206,206,217,142,154,164,175,175,175],"floor_reached":24,"playtime":2128,"items_purged":[],"score":253,"play_id":"4f5ed1d4-5dc0-40ff-b20b-18f1c2b7c5e1","local_time":"20190130200020","is_ascension_mode":true,"campfire_choices":[{"data":"Terror","floor":6,"key":"SMITH"},{"data":"Neutralize","floor":15,"key":"SMITH"},{"floor":23,"key":"REST"}],"neow_cost":"NONE","seed_source_timestamp":165747074060900,"circlet_count":0,"master_deck":["Defend_G","Defend_G","Defend_G+1","Defend_G","Defend_G","Strike_G","Strike_G","Strike_G","Survivor","Neutralize+1","Sucker Punch","Accuracy","Terror+1","Phantasmal Killer+1","Cloak And Dagger","Heel Hook","Cloak And Dagger","Cloak And Dagger","A Thousand Cuts","Prepared+1","PiercingWail","Dagger Throw+1","Cloak And Dagger"],"relics":["Ring of the Snake","Art of War","White Beast Statue"],"potions_floor_usage":[16,18,22],"damage_taken":[{"damage":8,"enemies":"2 Louse","floor":1,"turns":3},{"damage":0,"enemies":"Small Slimes","floor":5,"turns":4},{"damage":0,"enemies":"Jaw Worm","floor":8,"turns":4},{"damage":7,"enemies":"Large Slime","floor":11,"turns":6},{"damage":0,"enemies":"Blue Slaver","floor":12,"turns":2},{"damage":1,"enemies":"Red Slaver","floor":14,"turns":4},{"damage":11,"enemies":"Slime Boss","floor":16,"turns":5},{"damage":1,"enemies":"3 Byrds","floor":18,"turns":3},{"damage":15,"enemies":"Chosen","floor":20,"turns":5},{"damage":29,"enemies":"Snake Plant","floor":21,"turns":6},{"damage":26,"enemies":"Shelled Parasite and Fungi","floor":22,"turns":9},{"damage":43,"enemies":"Snecko","floor":24,"turns":8}],"seed_played":"988981850839233209","potions_obtained":[{"floor":5,"key":"LiquidBronze"},{"floor":8,"key":"Dexterity Potion"},{"floor":12,"key":"Dexterity Potion"},{"floor":16,"key":"LiquidBronze"},{"floor":18,"key":"GamblersBrew"},{"floor":20,"key":"Energy Potion"},{"floor":21,"key":"Fire Potion"},{"floor":22,"key":"Explosive Potion"}],"is_trial":false,"path_per_floor":["M","?","$","?","M","R","?","M","T","?","M","M","$","M","R","B",null,"M","?","M","M","M","R","M"],"character_chosen":"THE_SILENT","items_purchased":["Accuracy"],"campfire_rested":1,"item_purchase_floors":[3],"current_hp_per_floor":[69,69,69,69,69,69,69,69,69,54,47,47,47,46,46,35,77,76,76,61,32,6,29,0],"gold":175,"neow_bonus":"TEN_PERCENT_HP_BONUS","is_prod":false,"is_daily":false,"chose_seed":false,"campfire_upgraded":2,"win_rate":0,"timestamp":1548896420,"path_taken":["M","?","$","?","M","R","?","M","T","?","M","M","$","M","R","BOSS","M","?","M","M","M","R","M"],"build_version":"2019-01-23","purchased_purges":0,"victory":false,"max_hp_per_floor":[77,77,77,77,77,77,77,77,77,77,77,77,77,77,77,77,77,77,77,77,77,77,77,77],"card_choices":[{"not_picked":["Quick Slash","Outmaneuver"],"picked":"Sucker Punch","floor":1},{"not_picked":["Setup","Noxious Fumes"],"picked":"Terror","floor":5},{"not_picked":["Acrobatics","PiercingWail"],"picked":"Cloak And Dagger","floor":8},{"not_picked":["Tactician","Outmaneuver"],"picked":"Heel Hook","floor":11},{"not_picked":["Flying Knee","Footwork"],"picked":"Cloak And Dagger","floor":12},{"not_picked":["Concentrate","Dagger Throw"],"picked":"Cloak And Dagger","floor":14},{"not_picked":["Wraith Form v2","Venomology"],"picked":"A Thousand Cuts","floor":16},{"not_picked":["Calculated Gamble","Sucker Punch"],"picked":"Prepared+1","floor":18},{"not_picked":["Deflect","Dagger Throw"],"picked":"PiercingWail","floor":20},{"not_picked":["Outmaneuver","Dagger Spray"],"picked":"Dagger Throw+1","floor":21},{"not_picked":["Dagger Spray","Poisoned Stab"],"picked":"Cloak And Dagger","floor":22}],"player_experience":2040521,"relics_obtained":[{"floor":9,"key":"Art of War"}],"event_choices":[{"damage_healed":0,"gold_gain":0,"player_choice":"Ignored","damage_taken":0,"max_hp_gain":0,"max_hp_loss":0,"event_name":"Golden Idol","floor":2,"gold_loss":0},{"damage_healed":0,"gold_gain":0,"player_choice":"Leave","damage_taken":0,"max_hp_gain":0,"max_hp_loss":0,"event_name":"The Cleric","floor":4,"gold_loss":0},{"damage_healed":0,"gold_gain":0,"cards_transformed":["Strike_G"],"player_choice":"Change","damage_taken":0,"max_hp_gain":0,"max_hp_loss":0,"event_name":"Living Wall","floor":7,"gold_loss":0,"cards_obtained":["Phantasmal Killer"]},{"damage_healed":0,"gold_gain":0,"player_choice":"Entered Light","damage_taken":15,"max_hp_gain":0,"max_hp_loss":0,"event_name":"Shining Light","floor":10,"gold_loss":0,"cards_upgraded":["Phantasmal Killer","Defend_G"]},{"cards_removed":["Strike_G"],"damage_healed":0,"gold_gain":0,"player_choice":"Gave Gold","damage_taken":0,"max_hp_gain":0,"max_hp_loss":0,"event_name":"Beggar","floor":19,"gold_loss":75}],"is_beta":false,"boss_relics":[{"not_picked":["Astrolabe","Empty Cage"],"picked":"White Beast Statue"}],"items_purged_floors":[],"is_endless":false,"potions_floor_spawned":[5,8,12,16,18,20,21,22],"killed_by":"Snecko","ascension_level":4}