{"gold_per_floor":[115,127,16,36,36,62,78,78,78,109,109,109,135,154,154,256,256,270,270,270,284,284,284,31,60,141,154,154,173,173],"floor_reached":30,"playtime":1578,"items_purged":["Shame"],"score":320,"play_id":"658f6b6a-3aa9-45f7-b136-fbd557f5aa16","local_time":"20180905003038","is_ascension_mode":true,"campfire_choices":[{"floor":8,"key":"REST"},{"floor":11,"key":"REST"},{"floor":15,"key":"REST"},{"floor":23,"key":"REST"},{"floor":28,"key":"REST"}],"neow_cost":"CURSE","seed_source_timestamp":433003748461429,"circlet_count":0,"master_deck":["Defend_G+1","Defend_G+1","Defend_G+1","Defend_G+1","Defend_G+1","Strike_G+1","Strike_G+1","Strike_G+1","Strike_G+1","Strike_G+1","Survivor","Neutralize","Flying Knee","Blade Dance","Catalyst","Infinite Blades","Well Laid Plans","Choke","Cloak And Dagger","Corpse Explosion","Injury","Writhe","Cloak And Dagger+1","Distraction","Panache","Noxious Fumes","Finisher+1","Distraction+1","Flying Knee+1","Catalyst"],"relics":["Ring of the Snake","Bag of Marbles","Blue Candle","Happy Flower","Boot","Prayer Wheel","Calling Bell","Ancient Tea Set","Singing Bowl","Unceasing Top","Orichalcum","Dodecahedron"],"potions_floor_usage":[13,21,25,30,30],"damage_taken":[{"damage":3,"enemies":"2 Louse","floor":1,"turns":3},{"damage":0,"enemies":"Cultist","floor":2,"turns":3},{"damage":0,"enemies":"Jaw Worm","floor":4,"turns":3},{"damage":28,"enemies":"Lagavulin","floor":6,"turns":7},{"damage":22,"enemies":"Lots of Slimes","floor":7,"turns":4},{"damage":21,"enemies":"Gremlin Nob","floor":10,"turns":5},{"damage":19,"enemies":"Lagavulin","floor":13,"turns":6},{"damage":2,"enemies":"Blue Slaver","floor":14,"turns":2},{"damage":63,"enemies":"Hexaghost","floor":16,"turns":11},{"damage":44,"enemies":"Spheric Guardian","floor":18,"turns":7},{"damage":1,"enemies":"Chosen","floor":21,"turns":4},{"damage":35,"enemies":"Book of Stabbing","floor":25,"turns":6},{"damage":12,"enemies":"Centurion and Healer","floor":27,"turns":6},{"damage":19,"enemies":"Snecko","floor":29,"turns":4},{"damage":31,"enemies":"Colosseum Slavers","floor":30,"turns":2}],"seed_played":"2953429772329370703","potions_obtained":[{"floor":1,"key":"GamblersBrew"},{"floor":7,"key":"SpeedPotion"},{"floor":10,"key":"EssenceOfSteel"},{"floor":16,"key":"Strength Potion"},{"floor":18,"key":"Poison Potion"},{"floor":25,"key":"GamblersBrew"}],"is_trial":false,"path_per_floor":["M","M","$","M","?","E","M","R","T","E","R","?","E","M","R","B",null,"M","?","?","M","?","R","$","E","T","M","R","M"],"character_chosen":"THE_SILENT","items_purchased":["Catalyst","Panache","Noxious Fumes"],"campfire_rested":5,"item_purchase_floors":[3,24,24],"current_hp_per_floor":[81,81,81,81,81,53,31,56,56,35,60,60,41,39,64,1,84,42,42,42,43,35,61,61,26,26,16,43,24,0],"gold":173,"neow_bonus":"TWENTY_PERCENT_HP_BONUS","is_prod":false,"is_daily":false,"chose_seed":false,"campfire_upgraded":0,"win_rate":0,"timestamp":1536121838,"path_taken":["M","M","$","M","?","E","?","R","T","E","R","?","E","M","R","BOSS","M","?","?","M","?","R","$","E","T","M","R","M","?"],"build_version":"2018-08-30","purchased_purges":1,"victory":false,"max_hp_per_floor":[84,84,84,84,84,84,84,84,84,84,84,84,84,84,84,84,84,86,86,86,88,88,88,88,88,88,90,90,90,90],"card_choices":[{"not_picked":["Calculated Gamble","Slice"],"picked":"Flying Knee","floor":1},{"not_picked":["Dagger Spray","Prepared"],"picked":"Blade Dance","floor":2},{"not_picked":["Dagger Throw","Deadly Poison"],"picked":"Infinite Blades","floor":4},{"not_picked":["Outmaneuver","Quick Slash","Skewer"],"picked":"SKIP","floor":6},{"not_picked":["Dagger Throw","Outmaneuver"],"picked":"Well Laid Plans","floor":7},{"not_picked":["Doppelganger","Expertise"],"picked":"Choke","floor":10},{"not_picked":["Deadly Poison","Bane"],"picked":"Cloak And Dagger","floor":13},{"not_picked":["Prepared","Quick Slash","All Out Attack"],"picked":"SKIP","floor":14},{"not_picked":["All Out Attack","Quick Slash","Dash"],"picked":"SKIP","floor":14},{"not_picked":["Grand Finale","Adrenaline"],"picked":"Corpse Explosion","floor":16},{"not_picked":["Acrobatics","PiercingWail","Quick Slash+1"],"picked":"Singing Bowl","floor":18},{"not_picked":["Caltrops","Distraction"],"picked":"Cloak And Dagger+1","floor":18},{"not_picked":["Prepared","Deadly Poison","Dagger Spray"],"picked":"Singing Bowl","floor":21},{"not_picked":["Reflex","Endless Agony"],"picked":"Distraction","floor":21},{"not_picked":["Leg Sweep","Escape Plan"],"picked":"Finisher+1","floor":25},{"not_picked":["Well Laid Plans","All Out Attack","Poisoned Stab+1"],"picked":"Singing Bowl","floor":27},{"not_picked":["Deflect+1","Eviscerate"],"picked":"Distraction+1","floor":27},{"not_picked":["Underhanded Strike","Acrobatics+1"],"picked":"Flying Knee+1","floor":29},{"not_picked":["Setup","Crippling Poison"],"picked":"Catalyst","floor":29}],"player_experience":748737,"relics_obtained":[{"floor":6,"key":"Blue Candle"},{"floor":9,"key":"Happy Flower"},{"floor":10,"key":"Boot"},{"floor":13,"key":"Prayer Wheel"},{"floor":17,"key":"Ancient Tea Set"},{"floor":17,"key":"Singing Bowl"},{"floor":17,"key":"Unceasing Top"},{"floor":25,"key":"Orichalcum"},{"floor":26,"key":"Dodecahedron"}],"event_choices":[{"event_name":"WeMeetAgain","player_choice":"Potion","floor":5,"damage_taken":0},{"event_name":"Golden Idol","player_choice":"Ignored","floor":12,"damage_taken":0},{"event_name":"Purifier","player_choice":"One Purge","floor":19,"damage_taken":0},{"event_name":"Back to Basics","player_choice":"Simplicity","floor":20,"damage_taken":0},{"event_name":"Wheel of Change","player_choice":"Damage","floor":22,"damage_taken":0},{"event_name":"Colosseum","player_choice":"Fight","floor":30,"damage_taken":0}],"is_beta":false,"boss_relics":[{"not_picked":["Tiny House","Cursed Key"],"picked":"Calling Bell"}],"items_purged_floors":[3],"is_endless":false,"potions_floor_spawned":[1,7,10,16,18,25],"killed_by":"Colosseum Slavers","ascension_level":2}