{"gold_per_floor":[16,16,34,47,47,47,81,81,81,106,131,3,18,42,42,140,140,160,160,71,86,86,86,86,119,143,143,176,176,176,191,191,289,289,309,434,459,212,212,212,212,212,212,251,265,265,265,284,284,284],"floor_reached":51,"playtime":2922,"items_purged":["Injury","Gash"],"score":1281,"play_id":"88c5742d-b045-4125-a632-0ae7c1b00996","local_time":"20190520233007","is_ascension_mode":true,"campfire_choices":[{"data":"Zap","floor":6.0,"key":"SMITH"},{"data":"Steam","floor":8.0,"key":"SMITH"},{"data":"Defragment","floor":15.0,"key":"SMITH"},{"floor":23.0,"key":"REST"},{"floor":27.0,"key":"REST"},{"data":"Chaos","floor":29.0,"key":"SMITH"},{"data":"Steam","floor":32.0,"key":"SMITH"},{"floor":40.0,"key":"REST"},{"data":"Rainbow","floor":42.0,"key":"SMITH"},{"floor":46,"key":"REST"},{"data":"Thunder Strike","floor":49,"key":"SMITH"}],"neow_cost":"NO_GOLD","seed_source_timestamp":52316485971672,"circlet_count":0,"master_deck":["AscendersBane","Defend_B","Defend_B","Defend_B","Zap+1","Dualcast","Thunder Strike+1","Reboot","Core Surge","Steam+1","Defragment+1","Leap","Conserve Battery","Rainbow+1","Core Surge","Ball Lightning+1","Chill","Ball Lightning","Chaos+1","Lockon","Steam+1","Biased Cognition","Static Discharge+1","Capacitor","Leap","Fusion+1","Writhe"],"special_seed":0,"relics":["Cracked Core","Golden Idol","Cables","Centennial Puzzle","DataDisk","Nuclear Battery","Enchiridion","Oddly Smooth Stone","Lantern","Orichalcum","Bottled Tornado","Runic Pyramid","Thread and Needle","Turnip","Bag of Marbles"],"potions_floor_usage":[50,50],"damage_taken":[{"damage":9.0,"enemies":"Jaw Worm","floor":1.0,"turns":4.0},{"damage":1.0,"enemies":"Cultist","floor":3.0,"turns":3.0},{"damage":3.0,"enemies":"2 Louse","floor":4.0,"turns":3.0},{"damage":24.0,"enemies":"Gremlin Nob","floor":7.0,"turns":4.0},{"damage":4.0,"enemies":"Exordium Wildlife","floor":11.0,"turns":2.0},{"damage":0.0,"enemies":"Gremlin Gang","floor":13.0,"turns":3.0},{"damage":6.0,"enemies":"Looter","floor":14.0,"turns":2.0},{"damage":2.0,"enemies":"The Guardian","floor":16.0,"turns":8.0},{"damage":14.0,"enemies":"2 Thieves","floor":18.0,"turns":3.0},{"damage":9.0,"enemies":"Shell Parasite","floor":21.0,"turns":2.0},{"damage":9.0,"enemies":"Slavers","floor":25.0,"turns":4.0},{"damage":8.0,"enemies":"Book of Stabbing","floor":28.0,"turns":3.0},{"damage":3.0,"enemies":"Sentry and Sphere","floor":31.0,"turns":4.0},{"damage":38.0,"enemies":"Automaton","floor":33.0,"turns":8.0},{"damage":10.0,"enemies":"Orb Walker","floor":35.0,"turns":2.0},{"damage":3.0,"enemies":"Mind Bloom Boss Battle","floor":36.0,"turns":4.0},{"damage":14.0,"enemies":"3 Shapes","floor":37.0,"turns":2.0},{"damage":12.0,"enemies":"Nemesis","floor":44.0,"turns":5.0},{"damage":0,"enemies":"Sphere and 2 Shapes","floor":45,"turns":5},{"damage":4,"enemies":"Writhing Mass","floor":48,"turns":5},{"damage":38,"enemies":"Time Eater","floor":50,"turns":7}],"seed_played":"809502280839128863","potions_obtained":[{"floor":3.0,"key":"Regen Potion"},{"floor":7.0,"key":"Explosive Potion"},{"floor":18.0,"key":"FearPotion"},{"floor":21.0,"key":"Regen Potion"},{"floor":35.0,"key":"LiquidBronze"},{"floor":36.0,"key":"Dexterity Potion"}],"is_trial":false,"path_per_floor":["M","?","M","M","?","R","E","R","T","T","M","$","M","M","R","B",null,"M","?","$","M","?","R","?","E","T","R","E","R","T","M","R","B",null,"M","?","M","$","?","R","?","R","T","E","M","R","?","M","R","B",null],"character_chosen":"DEFECT","items_purchased":["Leap","Chill","Capacitor","Leap"],"campfire_rested":4,"item_purchase_floors":[12,20,38,38],"current_hp_per_floor":[55,55,54,51,51,51,39,39,39,39,35,35,35,29,29,27,60,46,25,25,16,16,37,37,40,40,61,53,53,53,50,50,12,56,46,43,29,29,29,50,50,50,50,38,38,59,71,67,67,29],"gold":284,"neow_bonus":"TRANSFORM_TWO_CARDS","is_prod":false,"is_daily":false,"chose_seed":false,"campfire_upgraded":7,"win_rate":0,"timestamp":1558420207,"path_taken":["M","?","?","M","?","R","E","R","T","?","?","$","M","M","R","BOSS","M","?","$","M","?","R","?","E","T","R","E","R","?","M","R","BOSS","M","?","M","$","?","R","?","R","T","E","M","R","?","M","R","BOSS"],"build_version":"2019-01-23","purchased_purges":2,"victory":true,"max_hp_per_floor":[71,71,71,71,71,71,71,71,71,71,71,71,71,71,71,71,71,71,71,71,71,71,71,71,71,71,71,71,71,71,71,71,71,71,71,71,71,71,71,71,71,71,71,71,71,71,71,71,71,71],"card_choices":[{"not_picked":["Turbo","Blizzard"],"picked":"Gash","floor":1.0},{"not_picked":["Auto Shields","Beam Cell"],"picked":"Core Surge","floor":3.0},{"not_picked":["Turbo","Rebound"],"picked":"Ball Lightning","floor":4.0},{"not_picked":["Coolheaded","Beam Cell"],"picked":"Steam","floor":7.0},{"not_picked":["Reprogram","Stack"],"picked":"Defragment","floor":11.0},{"not_picked":["Double Energy","Rebound"],"picked":"Conserve Battery","floor":13.0},{"not_picked":["Ball Lightning","Barrage"],"picked":"Rainbow","floor":14.0},{"not_picked":["Seek","Amplify"],"picked":"Core Surge","floor":16.0},{"not_picked":["Turbo","Steam"],"picked":"Ball Lightning+1","floor":18.0},{"not_picked":["Rebound","Sweeping Beam"],"picked":"Ball Lightning","floor":21.0},{"not_picked":["Stack","Rip and Tear"],"picked":"Steam","floor":25.0},{"not_picked":["Compile Driver","Coolheaded","Hello World+1"],"picked":"SKIP","floor":28.0},{"not_picked":["Streamline","Sweeping Beam","Cold Snap"],"picked":"SKIP","floor":31.0},{"not_picked":["Creative AI","Multi-Cast"],"picked":"Biased Cognition","floor":33.0},{"not_picked":["Ball Lightning","Doom and Gloom+1"],"picked":"Static Discharge+1","floor":35.0},{"not_picked":["Streamline","Hello World","Force Field"],"picked":"SKIP","floor":37.0},{"not_picked":["Rebound","Go for the Eyes"],"picked":"Fusion+1","floor":44.0},{"not_picked":["Steam","Compile Driver","Turbo"],"picked":"SKIP","floor":45},{"not_picked":["Meteor Strike","Turbo","Cold Snap"],"picked":"SKIP","floor":48}],"player_experience":734499,"relics_obtained":[{"floor":7.0,"key":"Cables"},{"floor":9.0,"key":"Centennial Puzzle"},{"floor":10.0,"key":"DataDisk"},{"floor":19.0,"key":"Enchiridion"},{"floor":25.0,"key":"Oddly Smooth Stone"},{"floor":26.0,"key":"Lantern"},{"floor":28.0,"key":"Orichalcum"},{"floor":30.0,"key":"Bottled Tornado"},{"floor":36.0,"key":"Thread and Needle"},{"floor":43.0,"key":"Turnip"},{"floor":44.0,"key":"Bag of Marbles"}],"event_choices":[{"cards_removed":["Strike_B"],"damage_healed":0.0,"max_hp_gain":0.0,"max_hp_loss":0.0,"gold_gain":0.0,"event_name":"Purifier","player_choice":"Purged","floor":2.0,"gold_loss":0.0,"damage_taken":0.0},{"damage_healed":0.0,"max_hp_gain":0.0,"max_hp_loss":0.0,"gold_gain":0.0,"event_name":"Golden Idol","player_choice":"Take Wound","floor":5.0,"gold_loss":0.0,"damage_taken":0.0,"relics_obtained":["Golden Idol"],"cards_obtained":["Injury"]},{"damage_healed":0.0,"max_hp_gain":0.0,"max_hp_loss":0.0,"gold_gain":0.0,"event_name":"Cursed Tome","player_choice":"Obtained Book","floor":19.0,"gold_loss":0.0,"damage_taken":21.0},{"damage_healed":0.0,"max_hp_gain":0.0,"max_hp_loss":0.0,"gold_gain":0.0,"cards_transformed":["Strike_B","Strike_B"],"event_name":"Drug Dealer","player_choice":"Became Test Subject","floor":22.0,"gold_loss":0.0,"damage_taken":0.0,"cards_obtained":["Chaos","Lockon"]},{"damage_healed":0.0,"max_hp_gain":0.0,"max_hp_loss":0.0,"gold_gain":0.0,"event_name":"Vampires","player_choice":"Ignored","floor":24.0,"gold_loss":0.0,"damage_taken":0.0},{"damage_healed":0.0,"max_hp_gain":0.0,"max_hp_loss":0.0,"gold_gain":0.0,"event_name":"MindBloom","player_choice":"Fight","floor":36.0,"gold_loss":0.0,"damage_taken":0.0},{"damage_healed":0.0,"max_hp_gain":0.0,"max_hp_loss":0.0,"gold_gain":0.0,"event_name":"Mysterious Sphere","player_choice":"Ignored","floor":39.0,"gold_loss":0.0,"damage_taken":0.0},{"cards_removed":["Ball Lightning"],"damage_healed":0.0,"max_hp_gain":0.0,"max_hp_loss":0.0,"gold_gain":0.0,"event_name":"Falling","player_choice":"Removed Attack","floor":41.0,"gold_loss":0.0,"damage_taken":0.0},{"damage_healed":14,"gold_gain":0,"player_choice":"Writhe","damage_taken":0,"max_hp_gain":0,"max_hp_loss":0,"event_name":"Winding Halls","floor":47,"gold_loss":0,"cards_obtained":["Writhe"]}],"is_beta":false,"boss_relics":[{"not_picked":["Sozu","Eternal Feather"],"picked":"Nuclear Battery"},{"not_picked":["Runic Dome","Pandora\u0027s Box"],"picked":"Runic Pyramid"}],"items_purged_floors":[12,38],"is_endless":false,"potions_floor_spawned":[3,7,18,21,35,36],"ascension_level":18}