{"gold_per_floor":[144,189,189,189,234,324,324,414,414,459,459,504,93,168,168,468,468,513,13,13,13,13,103,103,148,148,193,193,1,46,91,91,391,391,436,436,481,481,481,571,616,661,661,661,101,149,149,9,9,9],"floor_reached":51,"playtime":5375,"items_purged":[],"score":1203,"play_id":"7b7a4dfb-76ba-4a51-b1e7-264fc2029182","local_time":"20190513103825","daily_mods":["SealedDeck","Hoarder","Midas"],"is_ascension_mode":false,"campfire_choices":[{"floor":7.0,"key":"REST"},{"floor":11.0,"key":"REST"},{"floor":15.0,"key":"REST"},{"floor":24.0,"key":"REST"},{"floor":28.0,"key":"REST"},{"floor":32.0,"key":"REST"},{"floor":44,"key":"REST"},{"floor":49,"key":"REST"}],"neow_cost":"","seed_source_timestamp":0,"circlet_count":0,"master_deck":["Conserve Battery+1","Conserve Battery+1","Conserve Battery+1","Go for the Eyes+1","Go for the Eyes+1","Go for the Eyes+1","Compile Driver+1","Compile Driver+1","Compile Driver+1","Compile Driver+1","Compile Driver+1","Compile Driver+1","Steam+1","Steam+1","Steam+1","Steam+1","Steam+1","Steam+1","Cold Snap+1","Cold Snap+1","Cold Snap+1","Cold Snap+1","Cold Snap+1","Cold Snap+1","Ball Lightning+1","Ball Lightning+1","Ball Lightning+1","Ball Lightning+1","Ball Lightning+1","Steam+1","Steam+1","Steam+1","Aggregate+1","Aggregate+1","Aggregate+1","Gash+1","Gash+1","Gash+1","Stack+1","Stack+1","Stack+1","Chill+1","Chill+1","Chill+1","Capacitor+1","Capacitor+1","Capacitor+1","Lockon+1","Lockon+1","Lockon+1","Core Surge+1","Core Surge+1","Core Surge+1","Defragment+1","Defragment+1","Defragment+1","Barrage+1","Barrage+1","Barrage+1","Barrage+1","Barrage+1","Barrage+1","Ball Lightning+1","Ball Lightning+1","Ball Lightning+1","Go for the Eyes+1","Go for the Eyes+1","Go for the Eyes+1","Coolheaded+1","Coolheaded+1","Coolheaded+1","Gash+1","Gash+1","Gash+1","Gash+1","Gash+1","Gash+1","Buffer+1","Buffer+1","Buffer+1","Leap+1","Leap+1","Leap+1","Conserve Battery+1","Conserve Battery+1","Conserve Battery+1","Parasite","Parasite","Parasite","Gash+1","Gash+1","Gash+1","Ball Lightning+1","Ball Lightning+1","Ball Lightning+1","Compile Driver+1","Compile Driver+1","Compile Driver+1"],"special_seed":18029,"relics":["Cracked Core","Pear","Gambling Chip","Dream Catcher","Kunai","Dead Branch","Membership Card","Mango","Matryoshka","FossilizedHelix","Frozen Egg 2","The Courier","Bag of Preparation","Molten Egg 2","White Beast Statue","Mark of the Bloom","Boot","Omamori","Whetstone","Mercury Hourglass","Shuriken","Toolbox","Pen Nib","Centennial Puzzle","Juzu Bracelet","Bottled Flame","Emotion Chip","Oddly Smooth Stone","Lantern"],"potions_floor_usage":[33,33,40,41,42,50,50,50],"damage_taken":[{"damage":0.0,"enemies":"2 Louse","floor":1.0,"turns":2.0},{"damage":0.0,"enemies":"Small Slimes","floor":2.0,"turns":2.0},{"damage":0.0,"enemies":"Jaw Worm","floor":5.0,"turns":3.0},{"damage":0.0,"enemies":"3 Sentries","floor":6.0,"turns":5.0},{"damage":0.0,"enemies":"Gremlin Nob","floor":8.0,"turns":3.0},{"damage":0.0,"enemies":"Exordium Wildlife","floor":10.0,"turns":3.0},{"damage":0.0,"enemies":"Red Slaver","floor":12.0,"turns":2.0},{"damage":17.0,"enemies":"The Guardian","floor":16.0,"turns":9.0},{"damage":0.0,"enemies":"Spheric Guardian","floor":18.0,"turns":4.0},{"damage":0.0,"enemies":"Gremlin Leader","floor":23.0,"turns":9.0},{"damage":0.0,"enemies":"2 Thieves","floor":25.0,"turns":4.0},{"damage":0.0,"enemies":"Centurion and Healer","floor":27.0,"turns":5.0},{"damage":0.0,"enemies":"Cultist and Chosen","floor":30.0,"turns":5.0},{"damage":0.0,"enemies":"Snake Plant","floor":31.0,"turns":3.0},{"damage":0,"enemies":"Champ","floor":33,"turns":9},{"damage":10,"enemies":"Orb Walker","floor":35,"turns":3},{"damage":0,"enemies":"3 Darklings","floor":37,"turns":5},{"damage":0,"enemies":"Giant Head","floor":40,"turns":10},{"damage":0,"enemies":"Maw","floor":41,"turns":6},{"damage":0,"enemies":"Writhing Mass","floor":42,"turns":6},{"damage":3,"enemies":"2 Orb Walkers","floor":46,"turns":5},{"damage":0,"enemies":"Time Eater","floor":50,"turns":12}],"seed_played":"7421306700894987377","potions_obtained":[{"floor":6.0,"key":"SpeedPotion"},{"floor":10.0,"key":"FocusPotion"},{"floor":16.0,"key":"FearPotion"},{"floor":18.0,"key":"AttackPotion"},{"floor":30.0,"key":"Fire Potion"},{"floor":31.0,"key":"GamblersBrew"},{"floor":35,"key":"Poison Potion"},{"floor":37,"key":"AttackPotion"},{"floor":40,"key":"LiquidBronze"},{"floor":41,"key":"Regen Potion"},{"floor":42,"key":"Regen Potion"},{"floor":46,"key":"GamblersBrew"}],"is_trial":false,"path_per_floor":["M","M","?","?","M","E","R","E","T","M","R","M","$","?","R","B",null,"M","$","?","?","$","E","R","M","T","M","R","$","M","M","R","B",null,"M","?","M","?","?","E","M","M","T","R","$","?","?","$","R","B",null],"character_chosen":"DEFECT","items_purchased":["Chill","Dead Branch","Capacitor","Membership Card","Mango","Barrage","Matryoshka","Coolheaded","Bag of Preparation","Molten Egg 2","Gash+1","Mercury Hourglass","Shuriken","Toolbox","Pen Nib","Centennial Puzzle","Juzu Bracelet","Bottled Flame","Oddly Smooth Stone","Lantern","Ball Lightning+1"],"campfire_rested":8,"item_purchase_floors":[13,13,13,19,19,19,19,29,29,29,29,45,45,45,45,45,45,45,48,48,48],"current_hp_per_floor":[75,75,60,45,45,45,70,70,70,70,85,85,85,74,85,68,85,85,99,99,99,99,99,99,99,99,99,99,99,99,99,99,99,99,89,89,89,89,89,89,89,89,89,89,89,86,86,86,86,86],"gold":9,"neow_bonus":"","is_prod":false,"is_daily":true,"chose_seed":false,"campfire_upgraded":0,"win_rate":0,"timestamp":1557769105,"path_taken":["M","M","?","?","M","E","R","E","T","M","R","M","$","?","R","BOSS","M","$","?","?","?","E","R","M","T","?","R","$","M","M","R","BOSS","M","?","M","?","?","E","M","?","T","R","$","?","?","?","R","BOSS"],"build_version":"2019-01-23","purchased_purges":0,"victory":true,"max_hp_per_floor":[75,75,75,85,85,85,85,85,85,85,85,85,85,85,85,85,85,85,99,99,99,99,99,99,99,99,99,99,99,99,99,99,99,99,99,99,99,99,99,99,99,99,99,99,99,99,99,99,99,99],"card_choices":[{"not_picked":["Cold Snap","Sweeping Beam"],"picked":"Steam","floor":1.0},{"not_picked":["Compile Driver","Hello World","Static Discharge"],"picked":"SKIP","floor":2.0},{"not_picked":["BootSequence","Darkness","White Noise"],"picked":"SKIP","floor":5.0},{"not_picked":["Consume","Chill"],"picked":"Aggregate","floor":6.0},{"not_picked":["Storm","Lockon"],"picked":"Gash","floor":8.0},{"not_picked":["Scrape","Echo Form","Redo"],"picked":"SKIP","floor":10.0},{"not_picked":["Double Energy","Leap"],"picked":"Stack","floor":11.0},{"not_picked":["Double Energy","Conserve Battery","Beam Cell"],"picked":"SKIP","floor":12.0},{"not_picked":["Redo","Cold Snap"],"picked":"Lockon","floor":15.0},{"not_picked":["Creative AI","Buffer"],"picked":"Core Surge","floor":16.0},{"not_picked":["Conserve Battery","Hello World"],"picked":"Defragment","floor":18.0},{"not_picked":["Force Field","Hologram"],"picked":"Ball Lightning+1","floor":23.0},{"not_picked":["Glacier","Ball Lightning","Skim"],"picked":"SKIP","floor":25.0},{"not_picked":["Coolheaded","Cold Snap","Sweeping Beam+1"],"picked":"SKIP","floor":27.0},{"not_picked":["Ball Lightning","Rebound"],"picked":"Go for the Eyes+1","floor":28.0},{"not_picked":["Doom and Gloom+1","Conserve Battery","Heatsinks+1"],"picked":"SKIP","floor":30.0},{"not_picked":["Cold Snap+1","Recycle","Darkness+1"],"picked":"SKIP","floor":31.0},{"not_picked":["Static Discharge+1","Redo"],"picked":"Gash+1","floor":32.0},{"not_picked":["Multi-Cast","Core Surge+1"],"picked":"Buffer+1","floor":33},{"not_picked":["BootSequence+1","Aggregate+1"],"picked":"Leap+1","floor":35},{"not_picked":["Double Energy","Rebound+1","Hologram+1"],"picked":"SKIP","floor":37},{"not_picked":["Streamline+1","Loop+1","Beam Cell+1"],"picked":"SKIP","floor":40},{"not_picked":["Cold Snap+1","Turbo+1","Recycle"],"picked":"SKIP","floor":41},{"not_picked":["Hologram","Sweeping Beam+1","Streamline+1"],"picked":"SKIP","floor":42},{"not_picked":["Static Discharge+1","Consume+1"],"picked":"Gash+1","floor":46},{"not_picked":["Sunder+1","Reboot"],"picked":"Compile Driver+1","floor":49}],"player_experience":641307,"relics_obtained":[{"floor":6.0,"key":"Gambling Chip"},{"floor":8.0,"key":"Dream Catcher"},{"floor":9.0,"key":"Kunai"},{"floor":23.0,"key":"FossilizedHelix"},{"floor":26.0,"key":"Frozen Egg 2"},{"floor":26.0,"key":"The Courier"},{"floor":40,"key":"Boot"},{"floor":43,"key":"Omamori"},{"floor":43,"key":"Whetstone"},{"floor":46,"key":"Emotion Chip"}],"event_choices":[{"damage_healed":0.0,"max_hp_gain":0.0,"max_hp_loss":0.0,"gold_gain":0.0,"event_name":"Shining Light","player_choice":"Entered Light","floor":3.0,"gold_loss":0.0,"damage_taken":15.0,"cards_upgraded":["Conserve Battery","Go for the Eyes"]},{"damage_healed":0.0,"max_hp_gain":0.0,"max_hp_loss":0.0,"gold_gain":0.0,"event_name":"Scrap Ooze","player_choice":"Success","floor":4.0,"gold_loss":0.0,"damage_taken":25.0,"relics_obtained":["Pear"]},{"damage_healed":0.0,"max_hp_gain":0.0,"max_hp_loss":0.0,"gold_gain":75.0,"event_name":"World of Goop","player_choice":"Gather Gold","floor":14.0,"gold_loss":0.0,"damage_taken":11.0},{"damage_healed":0.0,"max_hp_gain":0.0,"max_hp_loss":0.0,"gold_gain":0.0,"event_name":"Beggar","player_choice":"Ignored","floor":20.0,"gold_loss":0.0,"damage_taken":0.0},{"damage_healed":0.0,"max_hp_gain":0.0,"max_hp_loss":0.0,"gold_gain":0.0,"event_name":"The Library","player_choice":"Read","floor":21.0,"gold_loss":0.0,"damage_taken":0.0,"cards_obtained":["Barrage"]},{"damage_healed":0,"gold_gain":0,"player_choice":"Upgrade","damage_taken":0,"relics_obtained":["Mark of the Bloom"],"max_hp_gain":0,"max_hp_loss":0,"event_name":"MindBloom","floor":36,"gold_loss":0,"cards_upgraded":["Conserve Battery","Conserve Battery","Go for the Eyes","Go for the Eyes","Compile Driver","Compile Driver","Compile Driver","Compile Driver","Compile Driver","Compile Driver","Steam","Steam","Steam","Steam","Steam","Steam","Cold Snap","Cold Snap","Cold Snap","Cold Snap","Cold Snap","Cold Snap","Ball Lightning","Ball Lightning","Ball Lightning","Ball Lightning","Ball Lightning","Ball Lightning","Steam","Steam","Steam","Aggregate","Aggregate","Aggregate","Gash","Gash","Gash","Stack","Stack","Stack","Chill","Chill","Chill","Capacitor","Capacitor","Capacitor","Lockon","Lockon","Lockon","Core Surge","Core Surge","Core Surge","Defragment","Defragment","Defragment","Barrage","Barrage","Barrage","Barrage","Barrage","Barrage","Coolheaded","Coolheaded","Coolheaded"]},{"cards_removed":["Ball Lightning"],"damage_healed":0,"gold_gain":0,"player_choice":"Removed Attack","damage_taken":0,"max_hp_gain":0,"max_hp_loss":0,"event_name":"Falling","floor":38,"gold_loss":0},{"damage_healed":0,"gold_gain":0,"player_choice":"Copied","damage_taken":0,"max_hp_gain":0,"max_hp_loss":0,"event_name":"Duplicator","floor":39,"gold_loss":0,"cards_obtained":["Conserve Battery"]},{"damage_healed":0,"gold_gain":0,"player_choice":"Fight","damage_taken":0,"max_hp_gain":0,"max_hp_loss":0,"event_name":"Mysterious Sphere","floor":46,"gold_loss":0},{"damage_healed":0,"gold_gain":0,"player_choice":"Ignored","damage_taken":0,"max_hp_gain":0,"max_hp_loss":0,"event_name":"Tomb of Lord Red Mask","floor":47,"gold_loss":0}],"is_beta":false,"boss_relics":[{"not_picked":["Coffee Dripper","Runic Dome","Velvet Choker"]},{"not_picked":["FrozenCore","Astrolabe"],"picked":"White Beast Statue"}],"items_purged_floors":[],"is_endless":false,"potions_floor_spawned":[6,10,16,18,30,31,35,37,40,41,42,46],"ascension_level":0}