{"gold_per_floor":[18,29,48,48,223,256,331,341,396,396,406,69,69,79,79,180,180,192,14,14,26,26,60,60,80,130,130,146,0,31,46,46,142,142,162,217,90,90,19,49,49,67,91,91,109,109,143,159,159,159],"floor_reached":50,"playtime":3245,"items_purged":["Strike_G","Doubt","Strike_G"],"score":675,"play_id":"692fe517-884a-4acb-a9e4-d1ee39254080","local_time":"20180917223320","is_ascension_mode":true,"campfire_choices":[{"floor":10,"key":"REST"},{"floor":13,"key":"REST"},{"data":"Discovery","floor":15,"key":"SMITH"},{"floor":24,"key":"REST"},{"data":"Corpse Explosion","floor":27,"key":"SMITH"},{"floor":32,"key":"REST"},{"floor":41,"key":"REST"},{"data":"A Thousand Cuts","floor":46,"key":"SMITH"},{"floor":49,"key":"REST"}],"neow_cost":"NO_GOLD","seed_source_timestamp":283170452882098,"circlet_count":0,"master_deck":["Defend_G","Defend_G","Defend_G","Defend_G","Defend_G","Survivor","Neutralize","Backstab","Corpse Explosion+1","Escape Plan","PiercingWail","Deadly Poison","Escape Plan","Discovery+1","A Thousand Cuts+1","Bouncing Flask","Noxious Fumes","Acrobatics","Footwork","Madness","Madness","Dodge and Roll+1","Blur","Distraction","Bouncing Flask"],"relics":["Ring of the Snake","Boot","Bottled Lightning","Bag of Preparation","Regal Pillow","Busted Crown","Shuriken","Ornamental Fan","Smiling Mask","Snake Skull","Orrery","Prayer Wheel","Potion Belt","Sundial","Anchor","Matryoshka","Oddly Smooth Stone"],"potions_floor_usage":[6,6,8,16,23,40,40,45,47],"damage_taken":[{"damage":6,"enemies":"Cultist","floor":1,"turns":5},{"damage":0,"enemies":"2 Louse","floor":2,"turns":2},{"damage":0,"enemies":"Small Slimes","floor":3,"turns":3},{"damage":45,"enemies":"Lagavulin","floor":6,"turns":7},{"damage":2,"enemies":"Red Slaver","floor":8,"turns":3},{"damage":0,"enemies":"3 Louse","floor":11,"turns":1},{"damage":0,"enemies":"2 Fungi Beasts","floor":14,"turns":2},{"damage":11,"enemies":"Hexaghost","floor":16,"turns":8},{"damage":14,"enemies":"Spheric Guardian","floor":18,"turns":4},{"damage":10,"enemies":"Shell Parasite","floor":21,"turns":4},{"damage":19,"enemies":"Slavers","floor":23,"turns":2},{"damage":0,"enemies":"3 Cultists","floor":25,"turns":3},{"damage":10,"enemies":"Sentry and Sphere","floor":28,"turns":5},{"damage":19,"enemies":"Gremlin Leader","floor":30,"turns":6},{"damage":6,"enemies":"Snake Plant","floor":31,"turns":3},{"damage":56,"enemies":"Automaton","floor":33,"turns":10},{"damage":2,"enemies":"3 Shapes","floor":35,"turns":3},{"damage":22,"enemies":"Mysterious Sphere","floor":36,"turns":4},{"damage":26,"enemies":"Nemesis","floor":40,"turns":9},{"damage":1,"enemies":"3 Darklings","floor":42,"turns":4},{"damage":20,"enemies":"Reptomancer","floor":45,"turns":5},{"damage":47,"enemies":"2 Orb Walkers","floor":47,"turns":4},{"damage":5,"enemies":"Sphere and 2 Shapes","floor":48,"turns":5},{"damage":54,"enemies":"Donu and Deca","floor":50,"turns":7}],"seed_played":"-5587349626529431648","potions_obtained":[{"floor":1,"key":"Fruit Juice"},{"floor":2,"key":"SteroidPotion"},{"floor":6,"key":"Weak Potion"},{"floor":11,"key":"EssenceOfSteel"},{"floor":21,"key":"Energy Potion"},{"floor":23,"key":"Explosive Potion"},{"floor":28,"key":"Regen Potion"},{"floor":33,"key":"EssenceOfSteel"},{"floor":42,"key":"Regen Potion"}],"is_trial":false,"path_per_floor":["M","M","M","T","?","E","?","M","T","R","M","$","R","M","R","B",null,"M","$","?","M","?","E","R","M","T","R","M","?","E","M","R","B",null,"M","?","$","?","?","E","R","M","T","T","M","R","E","M","R"],"character_chosen":"THE_SILENT","items_purchased":["Discovery","Regal Pillow","Bouncing Flask","Footwork"],"campfire_rested":6,"item_purchase_floors":[12,12,19,37],"current_hp_per_floor":[64,64,64,64,64,24,17,15,15,37,37,37,74,74,74,63,75,61,61,61,51,51,32,69,69,69,69,59,59,40,34,71,15,75,73,51,51,42,42,31,68,67,67,67,61,61,14,9,46,0],"gold":159,"neow_bonus":"TRANSFORM_TWO_CARDS","is_prod":false,"is_daily":false,"chose_seed":false,"campfire_upgraded":3,"win_rate":0,"timestamp":1537238000,"path_taken":["M","?","M","?","?","E","?","M","T","R","?","$","R","M","R","BOSS","M","$","?","M","?","E","R","M","T","R","M","?","E","M","R","BOSS","M","?","$","?","?","E","R","M","T","?","M","R","E","M","R","BOSS"],"build_version":"2018-09-06","purchased_purges":3,"victory":false,"max_hp_per_floor":[70,70,70,70,70,75,75,75,75,75,75,75,75,75,75,75,75,75,75,75,75,75,75,75,75,75,75,75,75,75,75,75,75,75,75,75,75,75,75,75,75,75,75,75,75,75,75,75,75,75],"card_choices":[{"not_picked":["Leg Sweep","Flying Knee"],"picked":"Escape Plan","floor":1},{"not_picked":["Skewer","Escape Plan","All Out Attack"],"picked":"SKIP","floor":2},{"not_picked":["Acrobatics","Flying Knee"],"picked":"PiercingWail","floor":3},{"not_picked":["Underhanded Strike","Sucker Punch","Dagger Spray"],"picked":"SKIP","floor":6},{"not_picked":["Quick Slash","Flying Knee"],"picked":"Deadly Poison","floor":8},{"not_picked":["PiercingWail","Concentrate"],"picked":"Escape Plan","floor":11},{"not_picked":["Eviscerate","Masterful Stab","Leg Sweep"],"picked":"SKIP","floor":14},{"not_picked":["Wraith Form v2","Phantasmal Killer"],"picked":"A Thousand Cuts","floor":16},{"not_picked":["Endless Agony"],"picked":"SKIP","floor":18},{"not_picked":[],"picked":"Noxious Fumes","floor":21},{"not_picked":["Sucker Punch"],"picked":"SKIP","floor":23},{"not_picked":["Slice"],"picked":"SKIP","floor":25},{"not_picked":[],"picked":"Acrobatics","floor":28},{"not_picked":["Unload"],"picked":"SKIP","floor":30},{"not_picked":["Masterful Stab"],"picked":"SKIP","floor":31},{"not_picked":["Concentrate"],"picked":"SKIP","floor":35},{"not_picked":["Masterful Stab+1"],"picked":"SKIP","floor":40},{"not_picked":[],"picked":"Dodge and Roll+1","floor":42},{"not_picked":["Expertise"],"picked":"SKIP","floor":42},{"not_picked":[],"picked":"Blur","floor":45},{"not_picked":["Backflip"],"picked":"SKIP","floor":45},{"not_picked":["Poisoned Stab+1"],"picked":"SKIP","floor":47},{"not_picked":[],"picked":"Distraction","floor":48},{"not_picked":[],"picked":"Bouncing Flask","floor":48}],"player_experience":862994,"relics_obtained":[{"floor":4,"key":"Boot"},{"floor":6,"key":"Bottled Lightning"},{"floor":9,"key":"Bag of Preparation"},{"floor":23,"key":"Ornamental Fan"},{"floor":26,"key":"Smiling Mask"},{"floor":30,"key":"Snake Skull"},{"floor":36,"key":"Prayer Wheel"},{"floor":40,"key":"Sundial"},{"floor":43,"key":"Anchor"},{"floor":44,"key":"Matryoshka"},{"floor":47,"key":"Oddly Smooth Stone"}],"event_choices":[{"event_name":"Liars Game","player_choice":"agreed","floor":5,"damage_taken":0},{"event_name":"FaceTrader","player_choice":"Touch","floor":7,"damage_taken":0},{"event_name":"Purifier","player_choice":"One Purge","floor":20,"damage_taken":0},{"event_name":"The Mausoleum","player_choice":"Yes","floor":22,"damage_taken":0},{"event_name":"Masked Bandits","player_choice":"Paid Fearfully","floor":29,"damage_taken":0},{"event_name":"Mysterious Sphere","player_choice":"Fight","floor":36,"damage_taken":0},{"event_name":"Winding Halls","player_choice":"Embrace Madness","floor":38,"damage_taken":0},{"event_name":"WeMeetAgain","player_choice":"Gold","floor":39,"damage_taken":0}],"is_beta":false,"boss_relics":[{"not_picked":["Tiny House","Ectoplasm"],"picked":"Busted Crown"},{"not_picked":["Runic Dome","Coffee Dripper"],"picked":"Orrery"}],"items_purged_floors":[12,19,37],"is_endless":false,"potions_floor_spawned":[1,2,6,11,21,23,28,33,35,36,42],"killed_by":"Donu and Deca","ascension_level":3}