{"gold_per_floor":[110,123,123,123,138,138,16,33,33,33,71,84,127,140,140,239,239,259,259,259,284,304,335,335,371,398,398,143,157,157,32,32,122,122,135,148,148,163,13,49,49,82,382,207,238,89,102,125,125,125],"floor_reached":51,"playtime":7753,"items_purged":["Strike_R","Strike_R","Strike_R","Defend_R","Defend_R"],"score":1490,"play_id":"7a821c67-c30f-4e64-97f5-495c8533b24a","local_time":"20190520005018","is_ascension_mode":true,"campfire_choices":[{"data":"Barricade","floor":6,"key":"SMITH"},{"data":"Shrug It Off","floor":15,"key":"SMITH"},{"floor":24,"key":"REST"},{"data":"Shrug It Off","floor":30,"key":"SMITH"},{"data":"Shrug It Off","floor":32,"key":"SMITH"},{"data":"Juggernaut","floor":41,"key":"SMITH"},{"data":"Warcry","floor":49,"key":"SMITH"}],"neow_cost":"NONE","seed_source_timestamp":4353653614636547,"circlet_count":0,"master_deck":["AscendersBane","Defend_R","Defend_R+1","Barricade+1","Body Slam","Juggernaut+1","Shrug It Off+1","Entrench+1","Impervious","Shrug It Off+1","Shrug It Off+1","Feel No Pain","Juggernaut","Warcry+1","Evolve+1"],"relics":["Burning Blood","Bottled Lightning","Golden Idol","Happy Flower","War Paint","Runic Dome","Gremlin Horn","Bird Faced Urn","Boot","Art of War","Empty Cage","Meat on the Bone","Darkstone Periapt","Old Coin","Turnip","Oddly Smooth Stone"],"potions_floor_usage":[11,13,16,27,33],"damage_taken":[{"damage":9,"enemies":"Jaw Worm","floor":1,"turns":4},{"damage":11,"enemies":"Small Slimes","floor":2,"turns":4},{"damage":1,"enemies":"Cultist","floor":5,"turns":4},{"damage":10,"enemies":"3 Louse","floor":8,"turns":4},{"damage":0,"enemies":"Lagavulin","floor":11,"turns":8},{"damage":22,"enemies":"Large Slime","floor":12,"turns":7},{"damage":32,"enemies":"3 Sentries","floor":13,"turns":8},{"damage":8,"enemies":"Blue Slaver","floor":14,"turns":4},{"damage":17,"enemies":"The Guardian","floor":16,"turns":9},{"damage":8,"enemies":"Chosen","floor":18,"turns":8},{"damage":0,"enemies":"Shell Parasite","floor":21,"turns":4},{"damage":13,"enemies":"Centurion and Healer","floor":22,"turns":8},{"damage":53,"enemies":"Gremlin Leader","floor":23,"turns":7},{"damage":6,"enemies":"Book of Stabbing","floor":25,"turns":6},{"damage":0,"enemies":"Sentry and Sphere","floor":27,"turns":2},{"damage":21,"enemies":"3 Cultists","floor":29,"turns":7},{"damage":0,"enemies":"Champ","floor":33,"turns":7},{"damage":0,"enemies":"3 Shapes","floor":35,"turns":4},{"damage":4,"enemies":"3 Darklings","floor":36,"turns":6},{"damage":11,"enemies":"Sphere and 2 Shapes","floor":38,"turns":4},{"damage":2,"enemies":"Nemesis","floor":40,"turns":5},{"damage":0,"enemies":"Giant Head","floor":42,"turns":5},{"damage":55,"enemies":"Reptomancer","floor":45,"turns":6},{"damage":0,"enemies":"Spire Growth","floor":47,"turns":4},{"damage":0,"enemies":"Maw","floor":48,"turns":5},{"damage":19,"enemies":"Awakened One","floor":50,"turns":7}],"seed_played":"1737479901338121569","potions_obtained":[{"floor":2,"key":"SkillPotion"},{"floor":4,"key":"SmokeBomb"},{"floor":11,"key":"GamblersBrew"},{"floor":13,"key":"LiquidBronze"},{"floor":23,"key":"SpeedPotion"},{"floor":25,"key":"Energy Potion"},{"floor":29,"key":"BloodPotion"},{"floor":36,"key":"SteroidPotion"},{"floor":40,"key":"Swift Potion"}],"is_trial":false,"path_per_floor":["M","M","?","?","M","R","$","M","T","?","E","M","E","M","R","B",null,"M","?","?","M","M","E","R","E","T","M","$","M","R","$","R","B",null,"M","M","?","M","$","E","R","E","T","$","E","$","M","M","R","B",null],"character_chosen":"IRONCLAD","items_purchased":["Body Slam","Art of War","Oddly Smooth Stone"],"campfire_rested":1,"item_purchase_floors":[7,28,46],"current_hp_per_floor":[65,60,65,65,70,70,70,66,66,66,72,56,30,28,28,17,60,58,58,58,64,57,10,32,32,32,40,40,31,31,31,31,43,66,74,74,74,73,73,74,74,74,74,74,39,39,51,65,65,62],"gold":125,"neow_bonus":"REMOVE_CARD","is_prod":false,"is_daily":false,"chose_seed":false,"campfire_upgraded":6,"win_rate":0,"timestamp":1558306218,"path_taken":["M","M","?","?","M","R","$","?","T","?","E","M","E","M","R","BOSS","M","?","?","?","M","E","R","E","T","M","$","M","R","$","R","BOSS","M","M","?","?","?","E","R","E","T","$","E","$","M","M","R","BOSS"],"build_version":"2019-01-23","purchased_purges":5,"victory":true,"max_hp_per_floor":[75,75,80,80,80,80,80,80,80,74,74,74,74,74,74,74,74,74,74,74,74,74,74,74,74,74,74,74,74,74,74,74,74,74,74,74,74,74,74,74,74,74,74,74,74,74,74,74,74,74],"card_choices":[{"not_picked":["Clothesline","Warcry"],"picked":"Cleave","floor":1},{"not_picked":["Wild Strike","Armaments"],"picked":"Barricade","floor":2},{"not_picked":["Twin Strike","Sword Boomerang","Anger"],"picked":"SKIP","floor":5},{"not_picked":["Infernal Blade","Wild Strike"],"picked":"Juggernaut","floor":8},{"not_picked":["Uppercut","Iron Wave"],"picked":"Shrug It Off","floor":11},{"not_picked":["Bloodletting","Pommel Strike"],"picked":"Entrench","floor":12},{"not_picked":["True Grit","Limit Break","Demon Form"],"picked":"SKIP","floor":13},{"not_picked":["Combust","Carnage","Clash"],"picked":"SKIP","floor":14},{"not_picked":["Juggernaut","Feed"],"picked":"Impervious","floor":16},{"not_picked":["Corruption","Wild Strike","Pommel Strike+1"],"picked":"SKIP","floor":18},{"not_picked":["Sword Boomerang","Iron Wave"],"picked":"Shrug It Off","floor":21},{"not_picked":["Uppercut","Shrug It Off"],"picked":"Feel No Pain","floor":22},{"not_picked":["Blood for Blood","Shrug It Off","Warcry"],"picked":"SKIP","floor":23},{"not_picked":["Barricade","Cleave","Flex"],"picked":"SKIP","floor":25},{"not_picked":["Heavy Blade","Uppercut","Reckless Charge"],"picked":"SKIP","floor":29},{"not_picked":["Berserk","Double Tap"],"picked":"Juggernaut","floor":33},{"not_picked":["Burning Pact","Cleave+1","Anger"],"picked":"SKIP","floor":35},{"not_picked":["Heavy Blade+1","Anger+1","Power Through"],"picked":"SKIP","floor":36},{"not_picked":["Carnage","Heavy Blade","Seeing Red+1"],"picked":"SKIP","floor":38},{"not_picked":["Heavy Blade+1","Anger","Cleave"],"picked":"SKIP","floor":40},{"not_picked":["Iron Wave+1","Demon Form","Disarm"],"picked":"SKIP","floor":42},{"not_picked":["Reckless Charge","Body Slam"],"picked":"Warcry","floor":45},{"not_picked":["Flex","Wild Strike"],"picked":"Evolve+1","floor":47},{"not_picked":["Wild Strike","Burning Pact","Armaments+1"],"picked":"SKIP","floor":48}],"player_experience":553968,"relics_obtained":[{"floor":9,"key":"Bottled Lightning"},{"floor":11,"key":"Happy Flower"},{"floor":13,"key":"War Paint"},{"floor":23,"key":"Gremlin Horn"},{"floor":25,"key":"Bird Faced Urn"},{"floor":26,"key":"Boot"},{"floor":40,"key":"Meat on the Bone"},{"floor":42,"key":"Darkstone Periapt"},{"floor":43,"key":"Old Coin"},{"floor":45,"key":"Turnip"}],"event_choices":[{"damage_healed":0,"gold_gain":0,"player_choice":"Donut","damage_taken":0,"max_hp_gain":5,"max_hp_loss":0,"event_name":"Big Fish","floor":3,"gold_loss":0},{"damage_healed":0,"gold_gain":0,"player_choice":"Got Potions","damage_taken":0,"max_hp_gain":0,"max_hp_loss":0,"event_name":"Lab","floor":4,"gold_loss":0},{"damage_healed":0,"gold_gain":0,"player_choice":"Lose Max HP","damage_taken":0,"relics_obtained":["Golden Idol"],"max_hp_gain":0,"max_hp_loss":6,"event_name":"Golden Idol","floor":10,"gold_loss":0},{"damage_healed":0,"gold_gain":0,"player_choice":"Read","damage_taken":0,"max_hp_gain":0,"max_hp_loss":0,"event_name":"The Library","floor":19,"gold_loss":0,"cards_obtained":["Shrug It Off"]},{"damage_healed":0,"gold_gain":0,"player_choice":"Bought 0 Potions","damage_taken":0,"max_hp_gain":0,"max_hp_loss":0,"event_name":"The Woman in Blue","floor":20,"gold_loss":0},{"cards_removed":["Cleave"],"damage_healed":5,"gold_gain":0,"player_choice":"Offered Common","damage_taken":0,"max_hp_gain":0,"max_hp_loss":0,"event_name":"Bonfire Elementals","floor":37,"gold_loss":0},{"cards_removed":["Cleave"],"damage_healed":5,"gold_gain":0,"player_choice":"Offered Special","damage_taken":0,"max_hp_gain":0,"max_hp_loss":0,"event_name":"Bonfire Elementals","floor":37,"gold_loss":0}],"is_beta":false,"boss_relics":[{"not_picked":["Tiny House","Astrolabe"],"picked":"Runic Dome"},{"not_picked":["Snecko Eye","Calling Bell"],"picked":"Empty Cage"}],"items_purged_floors":[7,28,31,39,44],"is_endless":false,"potions_floor_spawned":[2,11,13,14,23,25,29,36,40,45],"ascension_level":14}