{"gold_per_floor":[114,64,64,81,6,6,25,60,60,26,26,26,26,37,37,135,185,200,214,214,214],"floor_reached":21,"playtime":1056,"items_purged":["Strike_B"],"score":204,"play_id":"40892135-38d7-4e9a-985c-bf3b54c4ddcb","local_time":"20190108182552","is_ascension_mode":true,"campfire_choices":[{"data":"Zap","floor":6,"key":"SMITH"},{"floor":11,"key":"REST"},{"floor":13,"key":"REST"},{"floor":15,"key":"REST"}],"neow_cost":"TEN_PERCENT_HP_LOSS","seed_source_timestamp":14513212452033,"circlet_count":0,"master_deck":["Strike_B+1","Strike_B+1","Defend_B+1","Defend_B","Defend_B","Defend_B","Zap+1","Dualcast","Capacitor","Ball Lightning","Sweeping Beam","Static Discharge","Creative AI","Conserve Battery","Melter+1","Doom and Gloom"],"relics":["Cracked Core","WingedGreaves","Bottled Tornado","Singing Bowl","Omamori","Tiny House"],"potions_floor_usage":[7,18],"damage_taken":[{"damage":2,"enemies":"2 Louse","floor":1,"turns":3},{"damage":5,"enemies":"Small Slimes","floor":4,"turns":4},{"damage":0,"enemies":"Jaw Worm","floor":7,"turns":3},{"damage":35,"enemies":"3 Sentries","floor":8,"turns":6},{"damage":11,"enemies":"Blue Slaver","floor":14,"turns":3},{"damage":28,"enemies":"The Guardian","floor":16,"turns":10},{"damage":26,"enemies":"Chosen","floor":18,"turns":5},{"damage":25,"enemies":"Shell Parasite","floor":19,"turns":5},{"damage":27,"enemies":"Shelled Parasite and Fungi","floor":21,"turns":2}],"seed_played":"2113891734349119739","potions_obtained":[{"floor":1,"key":"SkillPotion"},{"floor":14,"key":"Ancient Potion"},{"floor":17,"key":"Energy Potion"}],"is_trial":false,"path_per_floor":["M","?","?","M","$","R","M","E","T","$","R","?","R","M","R","B",null,"M","M","?","M"],"character_chosen":"DEFECT","items_purchased":["Static Discharge"],"campfire_rested":3,"item_purchase_floors":[10],"current_hp_per_floor":[66,66,52,47,47,47,47,12,12,12,32,29,49,40,61,33,75,49,24,24,0],"gold":214,"neow_bonus":"ONE_RARE_RELIC","is_prod":false,"is_daily":false,"chose_seed":false,"campfire_upgraded":1,"win_rate":0,"timestamp":1546989952,"path_taken":["M","?","?","M","$","R","M","E","T","$","R","?","R","M","R","BOSS","M","M","?","M"],"build_version":"2019-01-03v4","purchased_purges":1,"victory":false,"max_hp_per_floor":[68,68,68,68,68,68,68,68,68,68,68,68,68,70,70,70,75,75,75,75,75],"card_choices":[{"not_picked":["Fusion","Turbo"],"picked":"Capacitor","floor":1},{"not_picked":["Rebound","Blizzard"],"picked":"Ball Lightning","floor":4},{"not_picked":["Double Energy","Force Field","Beam Cell"],"picked":"SKIP","floor":7},{"not_picked":["Rebound","Stack"],"picked":"Sweeping Beam","floor":8},{"not_picked":["Capacitor","Steam","Barrage"],"picked":"Singing Bowl","floor":14},{"not_picked":["Reboot","Hyperbeam"],"picked":"Creative AI","floor":16},{"not_picked":["Gash","Rebound"],"picked":"Conserve Battery","floor":17},{"not_picked":["Barrage+1","Cold Snap"],"picked":"Melter+1","floor":18},{"not_picked":["Tempest","Stack+1"],"picked":"Doom and Gloom","floor":19}],"player_experience":276661,"relics_obtained":[{"floor":8,"key":"Bottled Tornado"},{"floor":9,"key":"Singing Bowl"}],"event_choices":[{"cards_removed":["Strike_B"],"damage_healed":0,"gold_gain":0,"player_choice":"Card Removal","damage_taken":0,"max_hp_gain":0,"max_hp_loss":0,"event_name":"The Cleric","floor":2,"gold_loss":50},{"damage_healed":0,"gold_gain":0,"player_choice":"Entered Light","damage_taken":14,"max_hp_gain":0,"max_hp_loss":0,"event_name":"Shining Light","floor":3,"gold_loss":0,"cards_upgraded":["Strike_B","Strike_B"]},{"damage_healed":0,"gold_gain":0,"player_choice":"Success","damage_taken":3,"relics_obtained":["Omamori"],"max_hp_gain":0,"max_hp_loss":0,"event_name":"Scrap Ooze","floor":12,"gold_loss":0},{"damage_healed":0,"gold_gain":0,"player_choice":"Ignored","damage_taken":0,"max_hp_gain":0,"max_hp_loss":0,"event_name":"Vampires","floor":20,"gold_loss":0}],"is_beta":false,"boss_relics":[{"not_picked":["White Beast Statue","Ectoplasm"],"picked":"Tiny House"}],"items_purged_floors":[5],"is_endless":false,"potions_floor_spawned":[1,14],"killed_by":"Shelled Parasite and Fungi","ascension_level":3}