{"gold_per_floor":[115,133,17,17,30,57,57,68,118,131,166,166,166,42,42,140,190,203,203,203,31,43,72,72],"floor_reached":24,"playtime":2317,"items_purged":["Regret","Strike_G"],"score":294,"play_id":"8cc8e23b-5465-41b2-896c-842225307897","local_time":"20181228115209","is_ascension_mode":true,"campfire_choices":[{"floor":7,"key":"REST"},{"floor":15,"key":"REST"}],"neow_cost":"NONE","seed_source_timestamp":179510264085130,"circlet_count":0,"master_deck":["Defend_G","Defend_G","Defend_G","Defend_G","Defend_G","Strike_G","Strike_G","Strike_G","Strike_G","Survivor","Neutralize","Bouncing Flask","Footwork","Slice","Noxious Fumes","Deflect","Infinite Blades","Slice+1","Endless Agony","Backflip","Envenom+1","Escape Plan","Finisher","Expertise","Blade Dance"],"relics":["WristBlade","Darkstone Periapt","Anchor","Potion Belt","Dodecahedron","Question Card","Tiny House","Juzu Bracelet"],"potions_floor_usage":[6,10,20,22,23,23,23,23,24],"damage_taken":[{"damage":13,"enemies":"Jaw Worm","floor":1,"turns":6},{"damage":0,"enemies":"Small Slimes","floor":2,"turns":3},{"damage":0,"enemies":"2 Louse","floor":5,"turns":2},{"damage":14,"enemies":"Lagavulin","floor":6,"turns":5},{"damage":4,"enemies":"Blue Slaver","floor":8,"turns":3},{"damage":27,"enemies":"Gremlin Gang","floor":10,"turns":4},{"damage":11,"enemies":"3 Sentries","floor":11,"turns":8},{"damage":17,"enemies":"Hexaghost","floor":16,"turns":8},{"damage":11,"enemies":"Chosen","floor":18,"turns":6},{"damage":0,"enemies":"2 Thieves","floor":20,"turns":1},{"damage":18,"enemies":"Centurion and Healer","floor":22,"turns":6},{"damage":30,"enemies":"Slavers","floor":23,"turns":6},{"damage":17,"enemies":"Cultist and Chosen","floor":24,"turns":4}],"seed_played":"-9041819972515263718","potions_obtained":[{"floor":5,"key":"Poison Potion"},{"floor":8,"key":"SkillPotion"},{"floor":10,"key":"SmokeBomb"},{"floor":11,"key":"Fire Potion"},{"floor":17,"key":"Poison Potion"},{"floor":18,"key":"GamblersBrew"},{"floor":22,"key":"Explosive Potion"},{"floor":23,"key":"Explosive Potion"}],"is_trial":false,"path_per_floor":["M","M","$","?","M","E","R","M","T","M","E","?","?","$","R","B",null,"M","?","M","$","M","E","M"],"character_chosen":"THE_SILENT","items_purchased":["Slice","Noxious Fumes","Backflip","GhostInAJar"],"campfire_rested":2,"item_purchase_floors":[3,3,14,21],"current_hp_per_floor":[50,50,50,50,50,36,57,53,53,26,15,21,14,14,36,19,67,56,56,56,56,38,8,0],"gold":72,"neow_bonus":"BOSS_RELIC","is_prod":false,"is_daily":false,"chose_seed":false,"campfire_upgraded":0,"win_rate":0,"timestamp":1546019529,"path_taken":["M","M","$","?","M","E","R","M","T","M","E","?","?","$","R","BOSS","M","?","?","$","M","E","M"],"build_version":"2018-12-20","purchased_purges":2,"victory":false,"max_hp_per_floor":[70,70,70,70,70,70,70,70,70,70,70,76,76,76,76,76,81,81,81,81,81,81,81,81],"card_choices":[{"not_picked":["Sucker Punch","Slice"],"picked":"Bouncing Flask","floor":1},{"not_picked":["Finisher","Backflip"],"picked":"Footwork","floor":2},{"not_picked":["Sucker Punch","Prepared"],"picked":"Deflect","floor":5},{"not_picked":["Sucker Punch","Wraith Form v2"],"picked":"Infinite Blades","floor":6},{"not_picked":["Flying Knee","Sucker Punch"],"picked":"Slice","floor":8},{"not_picked":["Bane","Underhanded Strike"],"picked":"Endless Agony","floor":10},{"not_picked":["Accuracy","Sucker Punch","Skewer"],"picked":"SKIP","floor":11},{"not_picked":["Wraith Form v2","Phantasmal Killer","Malaise"],"picked":"Envenom","floor":16},{"not_picked":["Heel Hook","Prepared","Flechettes"],"picked":"Escape Plan","floor":17},{"not_picked":["Dagger Throw","Outmaneuver","PiercingWail"],"picked":"Finisher","floor":18},{"not_picked":["Riddle With Holes","Deadly Poison","Underhanded Strike"],"picked":"Expertise","floor":22},{"not_picked":["Quick Slash","Heel Hook","Setup+1"],"picked":"Blade Dance","floor":23}],"player_experience":364642,"relics_obtained":[{"floor":6,"key":"Darkstone Periapt"},{"floor":9,"key":"Anchor"},{"floor":11,"key":"Potion Belt"},{"floor":23,"key":"Juzu Bracelet"}],"event_choices":[{"damage_healed":0,"gold_gain":0,"player_choice":"Ignored","damage_taken":0,"max_hp_gain":0,"max_hp_loss":0,"event_name":"Liars Game","floor":4,"gold_loss":0},{"damage_healed":0,"gold_gain":0,"player_choice":"Box","damage_taken":0,"relics_obtained":["Dodecahedron"],"max_hp_gain":0,"max_hp_loss":0,"event_name":"Big Fish","floor":12,"gold_loss":0,"cards_obtained":["Regret"]},{"damage_healed":0,"gold_gain":0,"player_choice":"Success","damage_taken":7,"relics_obtained":["Question Card"],"max_hp_gain":0,"max_hp_loss":0,"event_name":"Scrap Ooze","floor":13,"gold_loss":0},{"damage_healed":0,"gold_gain":0,"player_choice":"Upgraded","damage_taken":0,"max_hp_gain":0,"max_hp_loss":0,"event_name":"Upgrade Shrine","floor":19,"gold_loss":0,"cards_upgraded":["Envenom"]}],"is_beta":false,"boss_relics":[{"not_picked":["Velvet Choker","Eternal Feather"],"picked":"Tiny House"}],"items_purged_floors":[14,21],"is_endless":false,"potions_floor_spawned":[5,8,10,11,18,22,23],"killed_by":"Cultist and Chosen","ascension_level":6}