{"gold_per_floor":[119,69,30,30,205,205,45,78,105,120,153,163,163,182,182,283,283,299,299,309,319,319],"floor_reached":22,"playtime":877,"items_purged":["Doubt"],"score":332,"play_id":"79a02fea-91e9-4431-83b6-6f9afff33048","local_time":"20190209235152","is_ascension_mode":true,"campfire_choices":[{"data":"Zap","floor":6,"key":"SMITH"},{"data":"Multi-Cast","floor":13,"key":"SMITH"},{"data":"Doom and Gloom","floor":15,"key":"SMITH"}],"neow_cost":"NONE","seed_source_timestamp":374795925219760,"circlet_count":0,"master_deck":["Strike_B","Strike_B","Defend_B","Defend_B","Defend_B+1","Defend_B","Zap+1","Dualcast","Melter","Doom and Gloom+1","Bandage Up+1","Multi-Cast+1","Coolheaded","Conserve Battery","Capacitor","Ball Lightning","Seek","Auto Shields+1","Rebound+1","Gash+1"],"relics":["Cracked Core","NeowsBlessing","Pen Nib","War Paint","Pear","White Beast Statue"],"potions_floor_usage":[14,20,21,21,22,22],"damage_taken":[{"damage":0,"enemies":"Small Slimes","floor":1,"turns":1},{"damage":0,"enemies":"Gremlin Nob","floor":8,"turns":1},{"damage":0,"enemies":"Jaw Worm","floor":10,"turns":1},{"damage":35,"enemies":"3 Sentries","floor":11,"turns":7},{"damage":0,"enemies":"2 Louse","floor":12,"turns":2},{"damage":6,"enemies":"2 Fungi Beasts","floor":14,"turns":2},{"damage":31,"enemies":"Slime Boss","floor":16,"turns":5},{"damage":0,"enemies":"Spheric Guardian","floor":18,"turns":1},{"damage":22,"enemies":"3 Byrds","floor":20,"turns":4},{"damage":16,"enemies":"Snecko","floor":21,"turns":4},{"damage":39,"enemies":"3 Cultists","floor":22,"turns":4}],"seed_played":"-1612171267805884527","potions_obtained":[{"floor":8,"key":"Weak Potion"},{"floor":12,"key":"GamblersBrew"},{"floor":16,"key":"Energy Potion"},{"floor":18,"key":"Poison Potion"},{"floor":20,"key":"Ancient Potion"},{"floor":21,"key":"FocusPotion"}],"is_trial":false,"path_per_floor":["M","?","$","?","?","R","$","E","T","M","E","M","R","M","R","B",null,"M","?","M","M","M"],"character_chosen":"DEFECT","items_purchased":["Doom and Gloom","Bandage Up"],"campfire_rested":0,"item_purchase_floors":[3,7],"current_hp_per_floor":[68,68,68,61,61,61,61,61,61,61,42,48,48,42,42,17,68,68,52,36,26,0],"gold":319,"neow_bonus":"THREE_ENEMY_KILL","is_prod":false,"is_daily":false,"chose_seed":false,"campfire_upgraded":3,"win_rate":0,"timestamp":1549774312,"path_taken":["M","?","$","?","?","R","$","E","T","M","E","M","R","M","R","BOSS","M","?","M","M","M"],"build_version":"2019-01-23","purchased_purges":1,"victory":false,"max_hp_per_floor":[75,75,75,75,75,75,75,75,75,75,85,85,85,85,85,85,85,85,90,90,90,90],"card_choices":[{"not_picked":["Steam","Cold Snap"],"picked":"Melter","floor":1},{"not_picked":["Conserve Battery","Compile Driver"],"picked":"Multi-Cast","floor":8},{"not_picked":["Static Discharge","Sweeping Beam"],"picked":"Coolheaded","floor":10},{"not_picked":["Redo","Hyperbeam"],"picked":"Conserve Battery","floor":11},{"not_picked":["Compile Driver","Melter"],"picked":"Capacitor","floor":12},{"not_picked":["Auto Shields","Storm"],"picked":"Ball Lightning","floor":14},{"not_picked":["Reboot","Hyperbeam"],"picked":"Seek","floor":16},{"not_picked":["Recycle","Consume"],"picked":"Auto Shields+1","floor":18},{"not_picked":["Go for the Eyes","Ball Lightning"],"picked":"Rebound+1","floor":20},{"not_picked":["Compile Driver+1","Rebound"],"picked":"Gash+1","floor":21}],"player_experience":598565,"relics_obtained":[{"floor":8,"key":"Pen Nib"},{"floor":9,"key":"War Paint"},{"floor":11,"key":"Pear"}],"event_choices":[{"cards_removed":["Strike_B"],"damage_healed":0,"gold_gain":0,"player_choice":"Card Removal","damage_taken":0,"max_hp_gain":0,"max_hp_loss":0,"event_name":"The Cleric","floor":2,"gold_loss":50},{"cards_removed":["Strike_B"],"damage_healed":0,"gold_gain":0,"player_choice":"Card Removal","damage_taken":7,"max_hp_gain":0,"max_hp_loss":0,"event_name":"Golden Wing","floor":4,"gold_loss":0},{"damage_healed":0,"gold_gain":175,"player_choice":"AGREE","damage_taken":0,"max_hp_gain":0,"max_hp_loss":0,"event_name":"Liars Game","floor":5,"gold_loss":0,"cards_obtained":["Doubt"]},{"damage_healed":0,"gold_gain":0,"player_choice":"Shed Blood","damage_taken":21,"max_hp_gain":5,"max_hp_loss":0,"event_name":"Forgotten Altar","floor":19,"gold_loss":0}],"is_beta":false,"boss_relics":[{"not_picked":["Pandora\u0027s Box","Fusion Hammer"],"picked":"White Beast Statue"}],"items_purged_floors":[7],"is_endless":false,"potions_floor_spawned":[8,12,16,18,20,21],"killed_by":"3 Cultists","ascension_level":8}