{"gold_per_floor":[144,189,189,189,238,238,313,362,362,14,63,161,16,114,114,439,439,488,488,363,363,412,412,461,510,510,510,559,657,657,657,657,982,982,1031,696,745,794,337,386,435,435,460,460,460,509,607,244,244,244],"floor_reached":51,"playtime":3331,"items_purged":["Defend_G","Defend_B","Defend_R","Writhe","Iron Wave","Survivor"],"score":732,"play_id":"5cec8210-9900-468e-b94e-3a2f7dc5810a","local_time":"20190507095212","daily_mods":["Chimera","Colorless Cards","Midas"],"is_ascension_mode":false,"campfire_choices":[{"floor":6.0,"key":"REST"},{"floor":15.0,"key":"REST"},{"floor":23.0,"key":"REST"},{"floor":27.0,"key":"REST"},{"floor":32.0,"key":"REST"},{"floor":42.0,"key":"REST"},{"floor":45.0,"key":"REST"},{"floor":49,"key":"REST"}],"neow_cost":"","seed_source_timestamp":0,"circlet_count":0,"master_deck":["Bash+1","Zap+1","Strike_B+1","Headbutt","Metallicize","Dropkick","Swift Strike","Slice","Shrug It Off+1","Metallicize","Echo Form","Gash+1","Deflect+1","Inflame","Thunderclap","Master of Strategy+1","Clash+1","Rage+1","Leap+1","Armaments+1","Finesse+1","Secret Technique+1","FTL+1","Blur+1","Chrysalis+1","Whirlwind"],"special_seed":18022,"relics":["Burning Blood","Golden Idol","Toxic Egg 2","PrismaticShard","Ginger","Regal Pillow","Empty Cage","Letter Opener","Potion Belt","Ice Cream","Bag of Marbles","Cursed Key","Omamori","Smiling Mask","Happy Flower"],"potions_floor_usage":[50,50,50],"damage_taken":[{"damage":1.0,"enemies":"Jaw Worm","floor":1.0,"turns":5.0},{"damage":0.0,"enemies":"Small Slimes","floor":2.0,"turns":3.0},{"damage":0.0,"enemies":"2 Louse","floor":5.0,"turns":3.0},{"damage":8.0,"enemies":"Large Slime","floor":8.0,"turns":6.0},{"damage":15.0,"enemies":"Lots of Slimes","floor":11.0,"turns":6.0},{"damage":23.0,"enemies":"3 Sentries","floor":12.0,"turns":8.0},{"damage":8.0,"enemies":"Lagavulin","floor":14.0,"turns":4.0},{"damage":32.0,"enemies":"Slime Boss","floor":16.0,"turns":10.0},{"damage":21.0,"enemies":"2 Thieves","floor":18.0,"turns":5.0},{"damage":12.0,"enemies":"Spheric Guardian","floor":22.0,"turns":5.0},{"damage":16.0,"enemies":"Chosen and Byrds","floor":24.0,"turns":5.0},{"damage":18.0,"enemies":"Snake Plant","floor":25.0,"turns":4.0},{"damage":14.0,"enemies":"Cultist and Chosen","floor":28.0,"turns":6.0},{"damage":32.0,"enemies":"Gremlin Leader","floor":29.0,"turns":6.0},{"damage":57.0,"enemies":"Collector","floor":33.0,"turns":10.0},{"damage":2.0,"enemies":"Orb Walker","floor":35.0,"turns":3.0},{"damage":31.0,"enemies":"3 Darklings","floor":37.0,"turns":5.0},{"damage":14.0,"enemies":"Spire Growth","floor":38.0,"turns":4.0},{"damage":11.0,"enemies":"Sphere and 2 Shapes","floor":40.0,"turns":6.0},{"damage":28.0,"enemies":"3 Darklings","floor":41.0,"turns":4.0},{"damage":16.0,"enemies":"Maw","floor":46.0,"turns":6.0},{"damage":14.0,"enemies":"Reptomancer","floor":47.0,"turns":5.0},{"damage":76,"enemies":"Awakened One","floor":50,"turns":7}],"seed_played":"2603549402228900304","potions_obtained":[{"floor":5.0,"key":"BloodPotion"},{"floor":8.0,"key":"PowerPotion"},{"floor":16.0,"key":"Energy Potion"},{"floor":24.0,"key":"Weak Potion"},{"floor":28.0,"key":"BloodPotion"},{"floor":33.0,"key":"PowerPotion"},{"floor":35.0,"key":"SmokeBomb"},{"floor":47.0,"key":"SteroidPotion"}],"is_trial":false,"path_per_floor":["M","M","?","?","M","R","?","M","T","$","M","E","$","E","R","B",null,"M","?","$","?","M","R","M","M","T","R","M","E","T","?","R","B",null,"M","$","M","M","$","M","M","R","T","?","R","M","E","$","R","B",null],"character_chosen":"IRONCLAD","items_purchased":["PrismaticShard","Dropkick","Shrug It Off+1","Omamori","Rage+1","Finesse+1","Secret Technique+1","Chrysalis+1","Regen Potion","Whirlwind"],"campfire_rested":8,"item_purchase_floors":[10,10,13,36,36,39,39,48,48,48],"current_hp_per_floor":[80,80,60,44,50,74,63,61,61,61,52,43,43,41,80,54,80,65,65,65,65,59,80,70,58,58,80,72,46,46,46,80,37,80,80,80,55,47,47,42,20,59,59,59,80,70,62,62,80,24],"gold":244,"neow_bonus":"","is_prod":false,"is_daily":true,"chose_seed":false,"campfire_upgraded":0,"win_rate":0,"timestamp":1557231732,"path_taken":["M","M","?","?","M","R","?","M","T","$","M","E","$","E","R","BOSS","M","?","$","?","M","R","M","?","T","R","M","E","?","?","R","BOSS","M","$","M","M","$","M","M","R","T","?","R","M","E","$","R","BOSS"],"build_version":"2019-01-23","purchased_purges":6,"victory":true,"max_hp_per_floor":[80,80,80,80,80,80,80,80,80,80,80,80,80,80,80,80,80,80,80,80,80,80,80,80,80,80,80,80,80,80,80,80,80,80,80,80,80,80,80,80,80,80,80,80,80,80,80,80,80,80],"card_choices":[{"not_picked":["Wild Strike","Dual Wield","Clothesline"],"picked":"SKIP","floor":1.0},{"not_picked":["Second Wind","Havoc","Flex"],"picked":"SKIP","floor":2.0},{"not_picked":["Wild Strike","Perfected Strike"],"picked":"Headbutt","floor":5.0},{"not_picked":["Wild Strike","Twin Strike"],"picked":"Metallicize","floor":8.0},{"not_picked":["Blind+1","Pommel Strike"],"picked":"Swift Strike","floor":11.0},{"not_picked":["Clothesline","Deadly Poison+1"],"picked":"Slice","floor":12.0},{"not_picked":["Forethought+1","Steam+1"],"picked":"Metallicize","floor":14.0},{"not_picked":["Exhume+1","All For One"],"picked":"Echo Form","floor":16.0},{"not_picked":["Thunderclap+1","Sunder"],"picked":"Gash+1","floor":18.0},{"not_picked":["Double Energy+1","Conserve Battery+1"],"picked":"Deflect+1","floor":22.0},{"not_picked":["Heatsinks","Eviscerate"],"picked":"Inflame","floor":24.0},{"not_picked":["Deadly Poison+1","Reboot+1"],"picked":"Iron Wave","floor":25.0},{"not_picked":["Skim+1","Lockon","Skewer"],"picked":"SKIP","floor":28.0},{"not_picked":["Steam+1","All Out Attack"],"picked":"Thunderclap","floor":29.0},{"not_picked":["Bullet Time+1","Chrysalis+1"],"picked":"Master of Strategy+1","floor":33.0},{"not_picked":["Recycle+1","Good Instincts+1"],"picked":"Clash+1","floor":35.0},{"not_picked":["Clash","Reckless Charge"],"picked":"Leap+1","floor":37.0},{"not_picked":["Barrage","Terror+1"],"picked":"Armaments+1","floor":38.0},{"not_picked":["Disarm+1","Purity+1"],"picked":"FTL+1","floor":40.0},{"not_picked":["Sucker Punch+1","Rip and Tear+1","Armaments+1"],"picked":"SKIP","floor":41.0},{"not_picked":["Dodge and Roll+1","Leap+1","Steam Power+1"],"picked":"SKIP","floor":46.0},{"not_picked":["Bane","Outmaneuver+1"],"picked":"Blur+1","floor":47.0}],"player_experience":1174798,"relics_obtained":[{"floor":9.0,"key":"Toxic Egg 2"},{"floor":12.0,"key":"Ginger"},{"floor":14.0,"key":"Regal Pillow"},{"floor":26.0,"key":"Letter Opener"},{"floor":29.0,"key":"Potion Belt"},{"floor":30.0,"key":"Ice Cream"},{"floor":43.0,"key":"Smiling Mask"},{"floor":47.0,"key":"Happy Flower"}],"event_choices":[{"damage_healed":0.0,"max_hp_gain":0.0,"max_hp_loss":0.0,"gold_gain":0.0,"event_name":"Golden Idol","player_choice":"Take Damage","floor":3.0,"gold_loss":0.0,"damage_taken":20.0,"relics_obtained":["Golden Idol"]},{"damage_healed":0.0,"max_hp_gain":0.0,"max_hp_loss":0.0,"gold_gain":0.0,"event_name":"Shining Light","player_choice":"Entered Light","floor":4.0,"gold_loss":0.0,"damage_taken":16.0,"cards_upgraded":["Bash","Strike_B"]},{"damage_healed":0.0,"max_hp_gain":0.0,"max_hp_loss":0.0,"gold_gain":75.0,"event_name":"World of Goop","player_choice":"Gather Gold","floor":7.0,"gold_loss":0.0,"damage_taken":11.0},{"damage_healed":0.0,"max_hp_gain":0.0,"max_hp_loss":0.0,"gold_gain":0.0,"event_name":"Cursed Tome","player_choice":"Ignored","floor":19.0,"gold_loss":0.0,"damage_taken":0.0},{"damage_healed":0.0,"max_hp_gain":0.0,"max_hp_loss":0.0,"gold_gain":0.0,"event_name":"Upgrade Shrine","player_choice":"Upgraded","floor":21.0,"gold_loss":0.0,"damage_taken":0.0,"cards_upgraded":["Zap"]},{"damage_healed":0.0,"max_hp_gain":0.0,"max_hp_loss":0.0,"gold_gain":0.0,"event_name":"The Mausoleum","player_choice":"Opened","floor":31.0,"gold_loss":0.0,"damage_taken":0.0,"relics_obtained":["Bag of Marbles"],"cards_obtained":["Writhe"]},{"damage_healed":0.0,"max_hp_gain":0.0,"max_hp_loss":0.0,"gold_gain":0.0,"event_name":"Tomb of Lord Red Mask","player_choice":"Ignored","floor":44.0,"gold_loss":0.0,"damage_taken":0.0}],"is_beta":false,"boss_relics":[{"not_picked":["Black Star","Pandora\u0027s Box"],"picked":"Empty Cage"},{"not_picked":["Lizard Tail","Astrolabe"],"picked":"Cursed Key"}],"items_purged_floors":[10,13,20,36,39,48],"is_endless":false,"potions_floor_spawned":[5,8,16,24,28,33,35,47],"ascension_level":0}