{"gold_per_floor":[111,161,19,38,52,52,80,80,80,95,11,11,38,49,49,128,128,128,128,128,128,128,128,128,128,128,128,128,128,53,53,53,53,53,53,53,53,53,53,53,53],"floor_reached":41,"playtime":2113,"items_purged":["Strike_B"],"score":952,"play_id":"c9d65e4b-0490-49d2-a161-32f9679f75db","local_time":"20190518150848","is_ascension_mode":true,"campfire_choices":[{"data":"Sunder","floor":6.0,"key":"SMITH"},{"data":"Loop","floor":8.0,"key":"SMITH"},{"floor":15.0,"key":"REST"},{"data":"Hologram","floor":23.0,"key":"SMITH"},{"floor":27.0,"key":"REST"},{"floor":32.0,"key":"REST"},{"floor":40,"key":"DIG"}],"neow_cost":"NONE","seed_source_timestamp":12045840295430,"circlet_count":0,"master_deck":["AscendersBane","Defend_B","Defend_B","Defend_B","Defend_B","Zap+1","Dualcast","Chill","Sunder+1","Loop+1","Coolheaded","Core Surge","Go for the Eyes","Ball Lightning","Cold Snap","Seek","FTL","Go for the Eyes+1","Buffer","Hologram+1","Darkness","Turbo+1","Self Repair","Glacier","Creative AI"],"special_seed":0,"relics":["Cracked Core","Dead Branch","Odd Mushroom","Ectoplasm","Mercury Hourglass","Shovel","Gambling Chip","Singing Bowl","Fusion Hammer","Regal Pillow"],"potions_floor_usage":[39],"damage_taken":[{"damage":5.0,"enemies":"Small Slimes","floor":1.0,"turns":3.0},{"damage":0.0,"enemies":"Cultist","floor":4.0,"turns":3.0},{"damage":0.0,"enemies":"2 Louse","floor":5.0,"turns":2.0},{"damage":14.0,"enemies":"Lagavulin","floor":7.0,"turns":7.0},{"damage":21.0,"enemies":"Exordium Wildlife","floor":10.0,"turns":5.0},{"damage":0.0,"enemies":"The Mushroom Lair","floor":13.0,"turns":3.0},{"damage":0.0,"enemies":"Looter","floor":14.0,"turns":2.0},{"damage":12.0,"enemies":"The Guardian","floor":16.0,"turns":11.0},{"damage":0.0,"enemies":"Chosen","floor":18.0,"turns":3.0},{"damage":3.0,"enemies":"3 Byrds","floor":19.0,"turns":4.0},{"damage":0.0,"enemies":"3 Cultists","floor":21.0,"turns":5.0},{"damage":25.0,"enemies":"Slavers","floor":24.0,"turns":4.0},{"damage":0.0,"enemies":"Cultist and Chosen","floor":25.0,"turns":5.0},{"damage":5.0,"enemies":"Book of Stabbing","floor":28.0,"turns":5.0},{"damage":9.0,"enemies":"Centurion and Healer","floor":29.0,"turns":7.0},{"damage":28.0,"enemies":"Slavers","floor":31.0,"turns":4.0},{"damage":5.0,"enemies":"Champ","floor":33.0,"turns":8.0},{"damage":3.0,"enemies":"Orb Walker","floor":35.0,"turns":3.0},{"damage":6.0,"enemies":"3 Shapes","floor":37.0,"turns":5.0},{"damage":41,"enemies":"Spire Growth","floor":39,"turns":5},{"damage":38,"enemies":"Transient","floor":41,"turns":4}],"seed_played":"2085032567011833092","potions_obtained":[{"floor":1.0,"key":"Strength Potion"},{"floor":16.0,"key":"FearPotion"},{"floor":25.0,"key":"SkillPotion"},{"floor":29.0,"key":"Poison Potion"},{"floor":31.0,"key":"SpeedPotion"},{"floor":33.0,"key":"Fire Potion"}],"is_trial":false,"path_per_floor":["M","?","$","M","M","R","E","R","T","M","$","?","?","M","R","B",null,"M","M","?","M","?","R","E","M","T","R","E","M","$","E","R","B",null,"M","?","M","$","M","R","M"],"character_chosen":"DEFECT","items_purchased":["Sunder","Fire Potion","FocusPotion"],"campfire_rested":3,"item_purchase_floors":[3,3,11],"current_hp_per_floor":[59,52,52,52,52,52,38,38,38,17,17,10,10,10,31,19,58,58,55,55,55,55,55,30,30,30,51,46,37,37,9,30,32,61,67,67,70,70,31,31,0],"gold":53,"neow_bonus":"UPGRADE_CARD","is_prod":false,"is_daily":false,"chose_seed":false,"campfire_upgraded":3,"win_rate":0,"timestamp":1558217328,"path_taken":["M","?","$","?","M","R","E","R","T","M","$","?","?","M","R","BOSS","M","M","?","M","?","R","E","M","T","R","E","M","$","E","R","BOSS","M","?","M","?","?","R","?"],"build_version":"2019-05-07","purchased_purges":1,"victory":false,"max_hp_per_floor":[71,71,71,71,71,71,71,71,71,71,71,71,71,71,71,71,71,71,71,71,71,71,71,71,71,71,71,71,71,71,71,71,71,71,73,73,75,75,77,77,77],"card_choices":[{"not_picked":["Redo","Steam"],"picked":"Chill","floor":1.0},{"not_picked":["Leap","Rebound"],"picked":"Loop","floor":4.0},{"not_picked":["Force Field","Leap"],"picked":"Coolheaded","floor":5.0},{"not_picked":["Hologram","Leap"],"picked":"Core Surge","floor":7.0},{"not_picked":["Redo","Fusion"],"picked":"Go for the Eyes","floor":10.0},{"not_picked":["Gash","Go for the Eyes"],"picked":"Ball Lightning","floor":13.0},{"not_picked":["Turbo","Double Energy"],"picked":"Cold Snap","floor":14.0},{"not_picked":["Amplify","Thunder Strike"],"picked":"Seek","floor":16.0},{"not_picked":["Cold Snap","Conserve Battery"],"picked":"FTL","floor":18.0},{"not_picked":["Beam Cell","White Noise"],"picked":"Go for the Eyes+1","floor":19.0},{"not_picked":["Blizzard","Stack","Streamline"],"picked":"SKIP","floor":21.0},{"not_picked":["Tempest","Glacier"],"picked":"Darkness","floor":24.0},{"not_picked":["Beam Cell","Streamline"],"picked":"Turbo+1","floor":25.0},{"not_picked":["Doom and Gloom","Chill"],"picked":"Self Repair","floor":28.0},{"not_picked":["Compile Driver","Doom and Gloom","Melter"],"picked":"SKIP","floor":29.0},{"not_picked":["Genetic Algorithm","Steam Power"],"picked":"Glacier","floor":31.0},{"not_picked":["Reboot","Thunder Strike"],"picked":"Creative AI","floor":33.0},{"not_picked":["Barrage","Ball Lightning","Darkness+1"],"picked":"Singing Bowl","floor":35.0},{"not_picked":["Compile Driver","Streamline+1","Loop"],"picked":"Singing Bowl","floor":37.0},{"not_picked":["Sunder+1","Hello World","Beam Cell+1"],"picked":"Singing Bowl","floor":39}],"player_experience":1550601,"relics_obtained":[{"floor":7.0,"key":"Dead Branch"},{"floor":13.0,"key":"Odd Mushroom"},{"floor":24.0,"key":"Mercury Hourglass"},{"floor":26.0,"key":"Shovel"},{"floor":28.0,"key":"Gambling Chip"},{"floor":31.0,"key":"Singing Bowl"},{"floor":40,"key":"Regal Pillow"}],"event_choices":[{"damage_healed":0.0,"max_hp_gain":0.0,"max_hp_loss":0.0,"gold_gain":50.0,"event_name":"FaceTrader","player_choice":"Touch","floor":2.0,"gold_loss":0.0,"damage_taken":7.0},{"cards_removed":["Strike_B"],"damage_healed":0.0,"max_hp_gain":0.0,"max_hp_loss":0.0,"gold_gain":0.0,"event_name":"Golden Wing","player_choice":"Card Removal","floor":12.0,"gold_loss":0.0,"damage_taken":7.0},{"damage_healed":0.0,"max_hp_gain":0.0,"max_hp_loss":0.0,"gold_gain":0.0,"event_name":"Mushrooms","player_choice":"Fought Mushrooms","floor":13.0,"gold_loss":0.0,"damage_taken":0.0},{"damage_healed":0.0,"max_hp_gain":0.0,"max_hp_loss":0.0,"gold_gain":0.0,"cards_transformed":["Strike_B","Strike_B"],"event_name":"Drug Dealer","player_choice":"Became Test Subject","floor":20.0,"gold_loss":0.0,"damage_taken":0.0,"cards_obtained":["Buffer","Hologram"]},{"damage_healed":0.0,"max_hp_gain":0.0,"max_hp_loss":0.0,"gold_gain":0.0,"event_name":"The Mausoleum","player_choice":"Ignored","floor":22.0,"gold_loss":0.0,"damage_taken":0.0},{"damage_healed":0.0,"max_hp_gain":0.0,"max_hp_loss":0.0,"gold_gain":300.0,"event_name":"Wheel of Change","player_choice":"Gold","floor":36.0,"gold_loss":0.0,"damage_taken":0.0}],"is_beta":true,"boss_relics":[{"not_picked":["Busted Crown","Black Star"],"picked":"Ectoplasm"},{"not_picked":["Eternal Feather","Lizard Tail"],"picked":"Fusion Hammer"}],"items_purged_floors":[30],"is_endless":false,"potions_floor_spawned":[1,16,25,29,31,33],"killed_by":"Transient","ascension_level":20}