{"gold_per_floor":[110,122,0,12,12,12,46,61,88,88,88,104,115,89,89,193,193,212,231,249,21,121,121,152,171,244,262,61,61,61,61,61,161,161,177,190,0,20,36,36],"floor_reached":40,"playtime":2995,"items_purged":["Strike_G","Defend_G","Strike_G"],"score":435,"play_id":"a2fa924d-d885-4e15-9ed3-9ae5f946e9f2","local_time":"20180715170434","is_ascension_mode":false,"campfire_choices":[{"data":"Bane","floor":6,"key":"SMITH"},{"data":"Footwork","floor":10,"key":"SMITH"},{"floor":15,"key":"REST"},{"floor":23,"key":"REST"},{"floor":29,"key":"REST"},{"floor":32,"key":"REST"}],"neow_cost":"NONE","seed_source_timestamp":257999563140333,"circlet_count":0,"master_deck":["Defend_G","Defend_G","Defend_G","Defend_G","Strike_G","Strike_G","Survivor","Neutralize","PiercingWail","Poisoned Stab","Bane+1","Deadly Poison","Footwork+1","Bane","Acrobatics","Deadly Poison","Poisoned Stab","After Image","Bane+1","Heel Hook","Terror","Panacea","Choke+1","Backflip+1","Noxious Fumes+1","Noxious Fumes","Adrenaline","Poisoned Stab+1","Poisoned Stab+1","Dodge and Roll+1","Crippling Poison+1"],"relics":["Ring of the Snake","Anchor","Vajra","Lantern","Black Star","Ornamental Fan","Question Card","Bottled Flame","Philosopher\u0027s Stone","Red Mask"],"potions_floor_usage":[16,24,24,25,27,38,40],"damage_taken":[{"damage":0,"enemies":"Cultist","floor":1,"turns":4},{"damage":2,"enemies":"Jaw Worm","floor":2,"turns":6},{"damage":6,"enemies":"2 Louse","floor":4,"turns":3},{"damage":30,"enemies":"Gremlin Nob","floor":7,"turns":4},{"damage":0,"enemies":"Looter","floor":8,"turns":3},{"damage":0,"enemies":"Lots of Slimes","floor":12,"turns":5},{"damage":2,"enemies":"3 Louse","floor":13,"turns":3},{"damage":19,"enemies":"Hexaghost","floor":16,"turns":9},{"damage":10,"enemies":"2 Thieves","floor":18,"turns":5},{"damage":10,"enemies":"Shell Parasite","floor":19,"turns":5},{"damage":11,"enemies":"Snecko","floor":20,"turns":5},{"damage":21,"enemies":"Gremlin Leader","floor":24,"turns":6},{"damage":15,"enemies":"Snake Plant","floor":25,"turns":4},{"damage":21,"enemies":"Centurion and Healer","floor":27,"turns":5},{"damage":35,"enemies":"Champ","floor":33,"turns":11},{"damage":27,"enemies":"3 Shapes","floor":35,"turns":5},{"damage":0,"enemies":"Orb Walker","floor":36,"turns":2},{"damage":0,"enemies":"Transient","floor":38,"turns":5},{"damage":28,"enemies":"Spire Growth","floor":39,"turns":5},{"damage":25,"enemies":"Giant Head","floor":40,"turns":6}],"seed_played":"-8293457283001665841","potions_obtained":[{"floor":2,"key":"SkillPotion"},{"floor":12,"key":"GhostInAJar"},{"floor":16,"key":"AttackPotion"},{"floor":20,"key":"Fire Potion"},{"floor":24,"key":"Swift Potion"},{"floor":35,"key":"Poison Potion"},{"floor":36,"key":"SkillPotion"},{"floor":39,"key":"SteroidPotion"}],"is_trial":false,"path_per_floor":["M","M","$","M","$","R","E","M","T","R","?","M","M","$","R","B",null,"M","M","M","$","?","R","E","M","T","M","$","R","?","?","R","B",null,"M","M","?","M","M"],"character_chosen":"THE_SILENT","items_purchased":["Bane","Poisoned Stab","Terror","Panacea","Noxious Fumes"],"campfire_rested":4,"item_purchase_floors":[3,14,21,21,28],"current_hp_per_floor":[70,68,68,62,62,62,32,32,32,32,32,32,30,30,51,32,70,60,50,39,39,39,60,39,24,24,3,3,24,24,24,45,10,70,43,43,43,43,15,0],"gold":36,"neow_bonus":"REMOVE_CARD","is_prod":false,"is_daily":false,"chose_seed":false,"campfire_upgraded":2,"win_rate":0,"timestamp":1531688674,"path_taken":["M","M","$","M","$","R","E","M","T","R","?","?","M","$","R","BOSS","M","?","M","$","?","R","E","M","T","M","$","R","?","?","R","BOSS","M","M","?","M","M","E"],"build_version":"2018-07-12","purchased_purges":3,"victory":false,"max_hp_per_floor":[70,70,70,70,70,70,70,70,70,70,70,70,70,70,70,70,70,70,70,70,70,70,70,70,70,70,70,70,70,70,70,70,70,70,70,70,70,70,70,70],"card_choices":[{"not_picked":["Sucker Punch","Dagger Spray"],"picked":"PiercingWail","floor":1},{"not_picked":["Quick Slash","Cloak And Dagger"],"picked":"Poisoned Stab","floor":2},{"not_picked":["Slice","Dagger Throw"],"picked":"Deadly Poison","floor":4},{"not_picked":["Bullet Time","Accuracy"],"picked":"Footwork","floor":7},{"not_picked":["Dagger Throw","Dagger Spray"],"picked":"Bane","floor":8},{"not_picked":["Outmaneuver","Prepared"],"picked":"Acrobatics","floor":12},{"not_picked":["Prepared","Outmaneuver"],"picked":"Deadly Poison","floor":13},{"not_picked":["Phantasmal Killer","Venomology"],"picked":"After Image","floor":16},{"not_picked":["Backflip+1","Expertise"],"picked":"Bane+1","floor":18},{"not_picked":["Deflect","Dagger Spray","Riddle With Holes"],"picked":"SKIP","floor":19},{"not_picked":["Riddle With Holes","Prepared"],"picked":"Heel Hook","floor":20},{"not_picked":["Slice+1","Dagger Throw"],"picked":"Choke+1","floor":24},{"not_picked":["Bane","Dagger Spray","Outmaneuver"],"picked":"Backflip+1","floor":25},{"not_picked":["Dagger Spray","Corpse Explosion","Slice"],"picked":"Noxious Fumes","floor":27},{"not_picked":["Tools of the Trade","Phantasmal Killer","Die Die Die"],"picked":"Adrenaline","floor":33},{"not_picked":["Endless Agony+1","Flying Knee","Bane+1"],"picked":"Poisoned Stab+1","floor":35},{"not_picked":["Deflect","Underhanded Strike","Backstab"],"picked":"Poisoned Stab+1","floor":36},{"not_picked":["Riddle With Holes+1","Dagger Spray","Sucker Punch"],"picked":"Dodge and Roll+1","floor":38},{"not_picked":["Storm of Steel","Dagger Throw","Poisoned Stab+1"],"picked":"Crippling Poison+1","floor":39}],"player_experience":267644,"relics_obtained":[{"floor":7,"key":"Anchor"},{"floor":9,"key":"Vajra"},{"floor":24,"key":"Ornamental Fan"},{"floor":24,"key":"Question Card"},{"floor":26,"key":"Bottled Flame"}],"event_choices":[{"event_name":"Dead Adventurer","player_choice":"Searched \u00271\u0027 times","floor":11,"damage_taken":0},{"event_name":"Golden Shrine","player_choice":"Pray","floor":22,"damage_taken":0},{"event_name":"Upgrade Shrine","player_choice":"Upgraded","floor":30,"damage_taken":0},{"event_name":"Drug Dealer","player_choice":"Ignored","floor":31,"damage_taken":0},{"event_name":"Tomb of Lord Red Mask","player_choice":"Paid","floor":37,"damage_taken":0}],"boss_relics":[{"not_picked":["Astrolabe","Empty Cage"],"picked":"Black Star"},{"not_picked":["White Beast Statue","Coffee Dripper"],"picked":"Philosopher\u0027s Stone"}],"items_purged_floors":[3,21,28],"is_endless":false,"potions_floor_spawned":[2,12,16,20,24,35,36,39],"killed_by":"Giant Head","ascension_level":0}