{"gold_per_floor":[115,65,83,8,8,39,39,110,110,110,131,131,167,181,181,305,305,321,168,168,151,164,164],"floor_reached":23,"playtime":2280,"items_purged":["Strike_R","Strike_R"],"score":246,"play_id":"ac3c076d-2fbb-402b-bfe0-add4de2c2fff","local_time":"20181212000742","is_ascension_mode":true,"campfire_choices":[{"floor":10,"key":"REST"},{"floor":12,"key":"REST"},{"data":"Armaments","floor":15,"key":"SMITH"}],"neow_cost":"NONE","seed_source_timestamp":51678021727877,"circlet_count":0,"master_deck":["Strike_R","Strike_R","Defend_R","Defend_R","Defend_R","Defend_R","Bash","Pommel Strike","Armaments+1","Metallicize","Shrug It Off","Uppercut","Shrug It Off","Body Slam"],"relics":["Burning Blood","NeowsBlessing","Nunchaku","Golden Idol","Tiny Chest","Incense Burner","Red Skull","Sozu","The Courier"],"potions_floor_usage":[13,13,14,16],"damage_taken":[{"damage":0,"enemies":"Jaw Worm","floor":1,"turns":1},{"damage":0,"enemies":"2 Louse","floor":3,"turns":1},{"damage":0,"enemies":"Gremlin Nob","floor":6,"turns":1},{"damage":53,"enemies":"3 Sentries","floor":8,"turns":14},{"damage":1,"enemies":"Cultist","floor":11,"turns":3},{"damage":11,"enemies":"Gremlin Nob","floor":13,"turns":4},{"damage":0,"enemies":"Exordium Wildlife","floor":14,"turns":6},{"damage":45,"enemies":"Slime Boss","floor":16,"turns":10},{"damage":2,"enemies":"Spheric Guardian","floor":18,"turns":8},{"damage":13,"enemies":"2 Thieves","floor":21,"turns":4},{"damage":0,"enemies":"Snecko","floor":22,"turns":5},{"damage":90,"enemies":"Gremlin Leader","floor":23,"turns":11}],"seed_played":"7129145752894158189","potions_obtained":[{"floor":3,"key":"Weak Potion"},{"floor":8,"key":"Explosive Potion"},{"floor":13,"key":"Block Potion"},{"floor":14,"key":"Regen Potion"},{"floor":16,"key":"FearPotion"}],"is_trial":false,"path_per_floor":["M","?","M","$","?","E","?","E","T","R","M","R","E","M","R","B",null,"M","$","?","M","M","E"],"character_chosen":"IRONCLAD","items_purchased":["Shrug It Off"],"campfire_rested":2,"item_purchase_floors":[19],"current_hp_per_floor":[80,80,80,80,80,80,60,13,13,37,42,66,61,67,67,42,80,80,80,80,73,79,0],"gold":164,"neow_bonus":"THREE_ENEMY_KILL","is_prod":false,"is_daily":false,"chose_seed":false,"campfire_upgraded":1,"win_rate":0,"timestamp":1544594862,"path_taken":["M","?","M","$","?","E","?","E","T","R","M","R","E","M","R","BOSS","M","$","?","?","M","E"],"build_version":"2018-12-06","purchased_purges":2,"victory":false,"max_hp_per_floor":[80,80,80,80,80,80,80,80,80,80,80,80,80,80,80,80,80,80,80,80,80,80,80],"card_choices":[{"not_picked":["Clothesline","Twin Strike"],"picked":"Pommel Strike","floor":1},{"not_picked":["Rampage","Warcry"],"picked":"Armaments","floor":3},{"not_picked":["Reaper","Power Through","Combust"],"picked":"SKIP","floor":6},{"not_picked":["Havoc","Perfected Strike"],"picked":"Metallicize","floor":8},{"not_picked":["Havoc","Thunderclap","Perfected Strike"],"picked":"SKIP","floor":11},{"not_picked":["Flame Barrier","Infernal Blade"],"picked":"Shrug It Off","floor":13},{"not_picked":["Evolve","Dual Wield","Seeing Red"],"picked":"SKIP","floor":14},{"not_picked":["Thunderclap+1","Feel No Pain"],"picked":"Uppercut","floor":18},{"not_picked":["Wild Strike+1","Heavy Blade"],"picked":"Body Slam","floor":21},{"not_picked":["Infernal Blade","Perfected Strike","Ghostly Armor"],"picked":"SKIP","floor":22}],"player_experience":171082,"relics_obtained":[{"floor":6,"key":"Nunchaku"},{"floor":8,"key":"Tiny Chest"},{"floor":9,"key":"Incense Burner"},{"floor":13,"key":"Red Skull"}],"event_choices":[{"cards_removed":["Strike_R"],"damage_healed":0,"gold_gain":0,"player_choice":"Card Removal","damage_taken":0,"max_hp_gain":0,"max_hp_loss":0,"event_name":"The Cleric","floor":2,"gold_loss":50},{"damage_healed":0,"gold_gain":0,"player_choice":"Ignored","damage_taken":0,"max_hp_gain":0,"max_hp_loss":0,"event_name":"Liars Game","floor":5,"gold_loss":0},{"damage_healed":0,"gold_gain":0,"player_choice":"Take Damage","damage_taken":20,"relics_obtained":["Golden Idol"],"max_hp_gain":0,"max_hp_loss":0,"event_name":"Golden Idol","floor":7,"gold_loss":0},{"damage_healed":0,"gold_gain":0,"player_choice":"Gave Potion","damage_taken":0,"relics_obtained":["The Courier"],"max_hp_gain":0,"max_hp_loss":0,"event_name":"WeMeetAgain","floor":20,"gold_loss":0}],"is_beta":false,"boss_relics":[{"not_picked":["Black Star","Cursed Key"],"picked":"Sozu"}],"items_purged_floors":[4,19],"is_endless":false,"potions_floor_spawned":[3,8,13,14,16],"killed_by":"Gremlin Leader","ascension_level":1}