{"gold_per_floor":[119,139,151,101,101,101,112,112,112,112,145,161,196,121,121,217,267,280,48,48,78,94,121,121,140,140,170,170,186,186,205,205,305,305,318,418,418,78,300,327,327,36,36,36,53,53,70,83,83,83],"floor_reached":50,"playtime":4146,"items_purged":["Regret","Strike_G","Defend_G"],"score":647,"play_id":"53f13ffb-44f4-42be-9994-f38f0ef4982c","local_time":"20181227233148","is_ascension_mode":true,"campfire_choices":[{"data":"Neutralize","floor":6,"key":"SMITH"},{"data":"Cloak And Dagger","floor":8,"key":"SMITH"},{"data":"Dagger Spray","floor":10,"key":"SMITH"},{"data":"Cloak And Dagger","floor":15,"key":"SMITH"},{"data":"A Thousand Cuts","floor":24,"key":"SMITH"},{"floor":30,"key":"REST"},{"floor":32,"key":"REST"},{"floor":41,"key":"REST"},{"floor":44,"key":"DIG"},{"floor":46,"key":"DIG"},{"floor":49,"key":"REST"}],"neow_cost":"NONE","seed_source_timestamp":133256152817378,"circlet_count":0,"master_deck":["Defend_G","Defend_G","Defend_G+1","Defend_G+1","Survivor","Neutralize+1","Prepared+1","Unload+1","Noxious Fumes+1","Dagger Throw+1","Cloak And Dagger+1","Dagger Spray+1","Backstab+1","Cloak And Dagger+1","A Thousand Cuts+1","Setup","Footwork","Deflect","Poisoned Stab","Deflect+1","Envenom","Die Die Die","Cloak And Dagger+1","Finisher","Footwork","Storm of Steel","Panache","Normality","Deflect+1","Parasite","Terror"],"relics":["Astrolabe","Unceasing Top","Mercury Hourglass","Centennial Puzzle","Snake Skull","Tiny House","Vajra","MutagenicStrength","Red Mask","Sundial","Pocketwatch","War Paint","Cursed Key","Ginger","DollysMirror","Shovel","Gambling Chip","Potion Belt","Whetstone"],"potions_floor_usage":[13,13,13,33,36,47,50,50,50],"damage_taken":[{"damage":0,"enemies":"Small Slimes","floor":1,"turns":4},{"damage":0,"enemies":"2 Louse","floor":2,"turns":2},{"damage":3,"enemies":"Jaw Worm","floor":3,"turns":3},{"damage":0,"enemies":"Looter","floor":7,"turns":3},{"damage":8,"enemies":"3 Sentries","floor":11,"turns":4},{"damage":0,"enemies":"Large Slime","floor":12,"turns":3},{"damage":6,"enemies":"Lagavulin","floor":13,"turns":5},{"damage":16,"enemies":"Hexaghost","floor":16,"turns":8},{"damage":20,"enemies":"Spheric Guardian","floor":18,"turns":7},{"damage":3,"enemies":"Masked Bandits","floor":21,"turns":3},{"damage":0,"enemies":"Chosen","floor":22,"turns":4},{"damage":14,"enemies":"Slavers","floor":23,"turns":3},{"damage":11,"enemies":"Shelled Parasite and Fungi","floor":25,"turns":4},{"damage":10,"enemies":"Gremlin Leader","floor":27,"turns":5},{"damage":15,"enemies":"Snecko","floor":29,"turns":4},{"damage":5,"enemies":"Chosen and Byrds","floor":31,"turns":4},{"damage":21,"enemies":"Collector","floor":33,"turns":6},{"damage":31,"enemies":"3 Darklings","floor":35,"turns":3},{"damage":0,"enemies":"Mind Bloom Boss Battle","floor":36,"turns":4},{"damage":17,"enemies":"Giant Head","floor":40,"turns":7},{"damage":0,"enemies":"3 Shapes","floor":45,"turns":2},{"damage":0,"enemies":"3 Darklings","floor":47,"turns":3},{"damage":38,"enemies":"Writhing Mass","floor":48,"turns":6},{"damage":41,"enemies":"Donu and Deca","floor":50,"turns":4}],"seed_played":"-5314391077048710272","potions_obtained":[{"floor":1,"key":"Regen Potion"},{"floor":3,"key":"Ancient Potion"},{"floor":11,"key":"GamblersBrew"},{"floor":17,"key":"Strength Potion"},{"floor":22,"key":"Strength Potion"},{"floor":23,"key":"Weak Potion"},{"floor":25,"key":"Fire Potion"},{"floor":33,"key":"FearPotion"},{"floor":36,"key":"EssenceOfSteel"},{"floor":40,"key":"Block Potion"},{"floor":45,"key":"Dexterity Potion"}],"is_trial":false,"path_per_floor":["M","M","M","?","?","R","M","R","T","R","E","M","E","$","R","B",null,"M","$","?","?","M","E","R","M","T","E","?","M","R","M","R","B",null,"M","?","?","$","?","E","R","$","T","R","M","R","M","M","R","B"],"character_chosen":"THE_SILENT","items_purchased":["Footwork","Vajra","Finisher","DollysMirror","Panache"],"campfire_rested":4,"item_purchase_floors":[19,19,38,38,42],"current_hp_per_floor":[70,70,67,67,67,67,67,67,67,67,59,59,65,65,65,49,75,55,55,55,52,52,38,38,27,27,17,17,2,24,19,41,20,75,44,44,44,44,44,27,49,49,49,49,49,49,49,11,33,0],"gold":83,"neow_bonus":"BOSS_RELIC","is_prod":false,"is_daily":false,"chose_seed":false,"campfire_upgraded":5,"win_rate":0,"timestamp":1545975108,"path_taken":["M","M","M","?","?","R","M","R","T","R","E","M","E","$","R","BOSS","M","$","?","?","M","E","R","M","T","E","?","M","R","M","R","BOSS","M","?","?","$","?","E","R","$","T","R","M","R","M","M","R","BOSS"],"build_version":"2018-12-20","purchased_purges":3,"victory":false,"max_hp_per_floor":[70,70,70,70,70,70,70,70,70,70,70,70,70,70,70,70,75,75,75,75,75,75,75,75,75,75,75,75,75,75,75,75,75,75,75,75,75,75,75,75,75,75,75,75,75,75,75,75,75,75],"card_choices":[{"not_picked":["Eviscerate","Concentrate"],"picked":"Dagger Throw","floor":1},{"not_picked":["Caltrops","Sucker Punch"],"picked":"Cloak And Dagger","floor":2},{"not_picked":["Escape Plan","Blade Dance"],"picked":"Dagger Spray","floor":3},{"not_picked":["Finisher","Deadly Poison"],"picked":"Backstab","floor":7},{"not_picked":["Tactician","Escape Plan"],"picked":"Cloak And Dagger","floor":11},{"not_picked":["Quick Slash","Underhanded Strike","Sucker Punch"],"picked":"SKIP","floor":12},{"not_picked":["Distraction","Reflex","Prepared"],"picked":"SKIP","floor":13},{"not_picked":["Grand Finale","Die Die Die"],"picked":"A Thousand Cuts","floor":16},{"not_picked":["Expertise","PiercingWail"],"picked":"Setup","floor":18},{"not_picked":["Skewer","Dagger Spray+1"],"picked":"Deflect","floor":21},{"not_picked":["Slice","Outmaneuver"],"picked":"Poisoned Stab","floor":22},{"not_picked":["Blade Dance","PiercingWail","Flying Knee"],"picked":"SKIP","floor":23},{"not_picked":["Dodge and Roll","Acrobatics"],"picked":"Deflect","floor":25},{"not_picked":["Accuracy","Caltrops","Calculated Gamble"],"picked":"SKIP","floor":27},{"not_picked":["Heel Hook","Dodge and Roll","Burst"],"picked":"SKIP","floor":29},{"not_picked":["Outmaneuver","Setup","Blade Dance"],"picked":"SKIP","floor":31},{"not_picked":["Bullet Time","Phantasmal Killer"],"picked":"Die Die Die","floor":33},{"not_picked":["Blade Dance","Sucker Punch+1"],"picked":"Slice+1","floor":35},{"not_picked":["Expertise+1","Dagger Spray+1"],"picked":"Cloak And Dagger+1","floor":36},{"not_picked":["Outmaneuver","Setup"],"picked":"Storm of Steel","floor":40},{"not_picked":["Slice+1","Acrobatics","Dagger Throw"],"picked":"SKIP","floor":45},{"not_picked":["Dodge and Roll+1","Caltrops"],"picked":"Deflect+1","floor":47},{"not_picked":["Finisher","Doppelganger"],"picked":"Terror","floor":48}],"player_experience":344629,"relics_obtained":[{"floor":9,"key":"Mercury Hourglass"},{"floor":11,"key":"Centennial Puzzle"},{"floor":13,"key":"Snake Skull"},{"floor":21,"key":"Red Mask"},{"floor":23,"key":"Sundial"},{"floor":26,"key":"Pocketwatch"},{"floor":27,"key":"War Paint"},{"floor":36,"key":"Ginger"},{"floor":40,"key":"Shovel"},{"floor":43,"key":"Gambling Chip"},{"floor":44,"key":"Potion Belt"},{"floor":46,"key":"Whetstone"}],"event_choices":[{"cards_removed":["Strike_G"],"damage_healed":0,"gold_gain":0,"player_choice":"Card Removal","damage_taken":0,"max_hp_gain":0,"max_hp_loss":0,"event_name":"The Cleric","floor":4,"gold_loss":50},{"damage_healed":0,"gold_gain":0,"player_choice":"Box","damage_taken":0,"relics_obtained":["Unceasing Top"],"max_hp_gain":0,"max_hp_loss":0,"event_name":"Big Fish","floor":5,"gold_loss":0,"cards_obtained":["Regret"]},{"damage_healed":0,"gold_gain":0,"player_choice":"Inject Mutagens","damage_taken":0,"relics_obtained":["MutagenicStrength"],"max_hp_gain":0,"max_hp_loss":0,"event_name":"Drug Dealer","floor":20,"gold_loss":0},{"damage_healed":0,"gold_gain":0,"player_choice":"Fought Bandits","damage_taken":0,"max_hp_gain":0,"max_hp_loss":0,"event_name":"Masked Bandits","floor":21,"gold_loss":0},{"damage_healed":0,"gold_gain":0,"player_choice":"Read","damage_taken":0,"max_hp_gain":0,"max_hp_loss":0,"event_name":"The Library","floor":28,"gold_loss":0,"cards_obtained":["Envenom"]},{"damage_healed":0,"gold_gain":0,"player_choice":"Fight","damage_taken":0,"max_hp_gain":0,"max_hp_loss":0,"event_name":"MindBloom","floor":36,"gold_loss":0},{"cards_removed":["Slice"],"damage_healed":0,"gold_gain":0,"player_choice":"Removed Attack","damage_taken":0,"max_hp_gain":0,"max_hp_loss":0,"event_name":"Falling","floor":37,"gold_loss":0},{"damage_healed":0,"gold_gain":222,"player_choice":"Wore Mask","damage_taken":0,"max_hp_gain":0,"max_hp_loss":0,"event_name":"Tomb of Lord Red Mask","floor":39,"gold_loss":0}],"is_beta":false,"boss_relics":[{"not_picked":["Lizard Tail","White Beast Statue"],"picked":"Tiny House"},{"not_picked":["Pandora\u0027s Box","Coffee Dripper"],"picked":"Cursed Key"}],"items_purged_floors":[14,38,42],"is_endless":false,"potions_floor_spawned":[1,3,11,22,23,25,31,33,36,40,45],"killed_by":"Donu and Deca","ascension_level":4}