{"gold_per_floor":[109,11,11,27,27,27,56,80,157,190,205,11,26,40,40,135,135,154,29,46,46,59,76,76,105,129,163,180,197,47,0,0,0],"floor_reached":33,"playtime":2101,"items_purged":["Defend_R","Normality","Defend_R","Defend_R"],"score":297,"play_id":"ddfd9b6d-3d4c-4465-ba0b-60329b5d7fd8","local_time":"20180712002747","is_ascension_mode":false,"campfire_choices":[{"data":"Armaments","floor":6,"key":"SMITH"},{"floor":15,"key":"REST"},{"floor":24,"key":"REST"},{"floor":32,"key":"REST"}],"neow_cost":"NONE","seed_source_timestamp":500878616227062,"circlet_count":0,"master_deck":["Strike_R","Strike_R","Strike_R","Strike_R","Strike_R","Defend_R","Bash","Armaments+1","Flex","Shrug It Off","Seeing Red","Iron Wave","Uppercut","Flex","Panacea","Demon Form","Infernal Blade+1","Spot Weakness","Heavy Blade+1","Shrug It Off+1","Flex","Rage"],"relics":["Burning Blood","Lantern","Mummified Hand","Odd Mushroom","Bottled Flame","Vajra","Philosopher\u0027s Stone","Bronze Scales","Oddly Smooth Stone","Letter Opener"],"potions_floor_usage":[16,20,20,28],"damage_taken":[{"damage":2,"enemies":"Small Slimes","floor":1,"turns":5},{"damage":6,"enemies":"Cultist","floor":4,"turns":3},{"damage":6,"enemies":"3 Sentries","floor":7,"turns":8},{"damage":26,"floor":8,"turns":6},{"damage":54,"enemies":"Lagavulin","floor":10,"turns":10},{"damage":0,"enemies":"Jaw Worm","floor":11,"turns":2},{"damage":0,"enemies":"Large Slime","floor":13,"turns":4},{"damage":0,"enemies":"Looter","floor":14,"turns":2},{"damage":34,"enemies":"Hexaghost","floor":16,"turns":10},{"damage":1,"enemies":"Chosen","floor":18,"turns":4},{"damage":23,"enemies":"2 Thieves","floor":20,"turns":5},{"damage":33,"enemies":"Snake Plant","floor":22,"turns":4},{"damage":7,"enemies":"Centurion and Healer","floor":23,"turns":6},{"damage":24,"enemies":"Gremlin Leader","floor":25,"turns":6},{"damage":39,"enemies":"Book of Stabbing","floor":27,"turns":4},{"damage":8,"enemies":"Cultist and Chosen","floor":28,"turns":3},{"damage":0,"enemies":"Snecko","floor":29,"turns":3},{"damage":56,"enemies":"Champ","floor":33,"turns":6}],"seed_played":"-8112240012902356179","potions_obtained":[{"floor":8,"key":"Ancient Potion"},{"floor":10,"key":"Weak Potion"},{"floor":11,"key":"SpeedPotion"},{"floor":14,"key":"Explosive Potion"},{"floor":16,"key":"Explosive Potion"},{"floor":20,"key":"SteroidPotion"},{"floor":25,"key":"Ancient Potion"}],"is_trial":false,"path_per_floor":["M","$","?","M","?","R","E","?","T","E","M","$","M","M","R","B",null,"M","$","M","?","M","M","R","E","T","E","M","M","$","?","R"],"character_chosen":"IRONCLAD","items_purchased":["Shrug It Off","Panacea"],"campfire_rested":3,"item_purchase_floors":[2,12],"current_hp_per_floor":[80,80,80,80,85,85,85,65,65,17,23,23,29,35,60,32,85,85,85,68,68,41,40,65,47,47,14,12,18,18,18,43,0],"gold":0,"neow_bonus":"THREE_CARDS","is_prod":false,"is_daily":false,"chose_seed":false,"campfire_upgraded":1,"win_rate":0,"timestamp":1531369667,"path_taken":["M","$","?","M","?","R","E","?","T","E","M","$","M","M","R","BOSS","M","$","?","?","M","M","R","E","T","E","M","M","$","?","R","BOSS"],"build_version":"2018-07-05","purchased_purges":4,"victory":false,"max_hp_per_floor":[80,80,80,80,85,85,85,85,85,85,85,85,85,85,85,85,85,85,85,85,85,85,85,85,85,85,85,85,85,85,85,85,85],"card_choices":[{"not_picked":["Heavy Blade","Combust"],"picked":"Armaments","floor":0},{"not_picked":["Anger","Second Wind"],"picked":"Flex","floor":1},{"not_picked":["Corruption","Uppercut"],"picked":"Seeing Red","floor":4},{"not_picked":["Second Wind","Reaper","Clash"],"picked":"SKIP","floor":7},{"not_picked":["Shrug It Off","Clothesline"],"picked":"Iron Wave","floor":8},{"not_picked":["Clothesline","Twin Strike"],"picked":"Uppercut","floor":10},{"not_picked":["Seeing Red","Infernal Blade"],"picked":"Flex","floor":11},{"not_picked":["True Grit","Fiend Fire","Body Slam"],"picked":"SKIP","floor":13},{"not_picked":["Havoc","Bloodletting","Clash"],"picked":"SKIP","floor":14},{"not_picked":["Fiend Fire","Brutality"],"picked":"Demon Form","floor":16},{"not_picked":["Disarm","Rampage"],"picked":"Infernal Blade+1","floor":18},{"not_picked":["Body Slam","Clothesline"],"picked":"Spot Weakness","floor":20},{"not_picked":["Sword Boomerang","Iron Wave"],"picked":"Heavy Blade+1","floor":22},{"not_picked":["Havoc","Armaments","Shrug It Off"],"picked":"SKIP","floor":23},{"not_picked":["Headbutt+1","Intimidate"],"picked":"Shrug It Off+1","floor":25},{"not_picked":["Disarm+1","Havoc+1"],"picked":"Flex","floor":27},{"not_picked":["True Grit","Entrench"],"picked":"Rage","floor":28},{"not_picked":["Immolate","Sentinel","Reckless Charge"],"picked":"SKIP","floor":29}],"player_experience":226902,"relics_obtained":[{"floor":7,"key":"Mummified Hand"},{"floor":8,"key":"Odd Mushroom"},{"floor":9,"key":"Bottled Flame"},{"floor":10,"key":"Vajra"},{"floor":25,"key":"Bronze Scales"},{"floor":26,"key":"Oddly Smooth Stone"},{"floor":27,"key":"Letter Opener"}],"event_choices":[{"event_name":"Accursed Blacksmith","player_choice":"Rummage","floor":3,"damage_taken":0},{"event_name":"Big Fish","player_choice":"Donut","floor":5,"damage_taken":0},{"event_name":"Mushrooms","player_choice":"Fought Mushrooms","floor":8,"damage_taken":0},{"event_name":"Vampires","player_choice":"Ignored","floor":21,"damage_taken":0},{"event_name":"Masked Bandits","player_choice":"Paid Bandits 47 gold","floor":31,"damage_taken":0}],"boss_relics":[{"not_picked":["Astrolabe","Calling Bell"],"picked":"Philosopher\u0027s Stone"}],"items_purged_floors":[2,12,19,30],"is_endless":false,"potions_floor_spawned":[8,10,11,14,16,20,25],"killed_by":"Champ","ascension_level":0}