{"gold_per_floor":[113,2,18,18,34,34,49,74,152,452,465,488,488,563,563,689,689,713,699,799,799],"floor_reached":21,"playtime":1061,"items_purged":["Strike_R"],"score":242,"play_id":"fb9ef3aa-1302-4e2b-a959-31eea83556f4","local_time":"20181021083736","is_ascension_mode":true,"campfire_choices":[{"data":"Bash","floor":6,"key":"SMITH"},{"data":"Shockwave","floor":13,"key":"SMITH"},{"data":"Fiend Fire","floor":15,"key":"SMITH"}],"neow_cost":"NONE","seed_source_timestamp":162838462395328,"circlet_count":0,"master_deck":["Strike_R","Strike_R","Strike_R","Strike_R","Defend_R","Defend_R","Defend_R","Defend_R","Bash+1","Flame Barrier","Iron Wave","Rage","Cleave","Shockwave+1","Fiend Fire+1","Limit Break","Iron Wave+1","Armaments"],"relics":["Burning Blood","Golden Idol","Gremlin Horn","Old Coin","Sozu"],"potions_floor_usage":[7,11,16,18],"damage_taken":[{"damage":1,"enemies":"Cultist","floor":1,"turns":4},{"damage":5,"enemies":"Jaw Worm","floor":3,"turns":6},{"damage":0,"enemies":"2 Louse","floor":5,"turns":3},{"damage":3,"enemies":"Exordium Wildlife","floor":7,"turns":6},{"damage":6,"enemies":"Blue Slaver","floor":8,"turns":5},{"damage":1,"enemies":"Red Slaver","floor":11,"turns":5},{"damage":0,"enemies":"Large Slime","floor":12,"turns":5},{"damage":68,"enemies":"The Guardian","floor":16,"turns":15},{"damage":41,"enemies":"Spheric Guardian","floor":18,"turns":6},{"damage":20,"enemies":"2 Thieves","floor":19,"turns":4},{"damage":25,"enemies":"Masked Bandits","floor":21,"turns":4}],"seed_played":"257071896577611101","potions_obtained":[{"floor":5,"key":"Swift Potion"},{"floor":7,"key":"SkillPotion"},{"floor":11,"key":"Fruit Juice"},{"floor":16,"key":"AttackPotion"}],"is_trial":false,"path_per_floor":["M","$","M","?","M","R","M","M","T","?","M","M","R","?","R","B",null,"M","M","?"],"character_chosen":"IRONCLAD","items_purchased":["Flame Barrier"],"campfire_rested":0,"item_purchase_floors":[2],"current_hp_per_floor":[85,85,86,64,70,70,73,73,73,73,83,89,89,80,80,18,74,39,25,25,0],"gold":799,"neow_bonus":"TEN_PERCENT_HP_BONUS","is_prod":false,"is_daily":false,"chose_seed":false,"campfire_upgraded":3,"win_rate":0,"timestamp":1540125456,"path_taken":["M","$","?","?","M","R","M","M","T","?","?","M","R","?","R","BOSS","M","M","?","?"],"build_version":"2018-10-18","purchased_purges":1,"victory":false,"max_hp_per_floor":[88,88,88,88,88,88,88,88,88,88,93,93,93,93,93,93,93,93,93,93,93],"card_choices":[{"not_picked":["Havoc","Headbutt","Perfected Strike"],"picked":"SKIP","floor":1},{"not_picked":["Clash","Brutality"],"picked":"Iron Wave","floor":3},{"not_picked":["Body Slam","Dual Wield"],"picked":"Rage","floor":5},{"not_picked":["Flex","Twin Strike"],"picked":"Cleave","floor":7},{"not_picked":["Warcry","Havoc"],"picked":"Shockwave","floor":8},{"not_picked":["Second Wind","Shrug It Off"],"picked":"Fiend Fire","floor":11},{"not_picked":["Corruption","Whirlwind","Body Slam"],"picked":"SKIP","floor":12},{"not_picked":["Brutality","Immolate"],"picked":"Limit Break","floor":16},{"not_picked":["Clothesline","Heavy Blade"],"picked":"Iron Wave+1","floor":18},{"not_picked":["Clothesline","Flex"],"picked":"Armaments","floor":19}],"player_experience":1341137,"relics_obtained":[{"floor":9,"key":"Gremlin Horn"}],"event_choices":[{"damage_healed":0,"gold_gain":0,"player_choice":"Take Damage","damage_taken":22,"relics_obtained":["Golden Idol"],"max_hp_gain":0,"max_hp_loss":0,"event_name":"Golden Idol","floor":4,"gold_loss":0},{"damage_healed":0,"gold_gain":0,"player_choice":"Searched \u00271\u0027 times","damage_taken":0,"relics_obtained":["Old Coin"],"max_hp_gain":0,"max_hp_loss":0,"event_name":"Dead Adventurer","floor":10,"gold_loss":0},{"damage_healed":0,"gold_gain":75,"player_choice":"Touch","damage_taken":9,"max_hp_gain":0,"max_hp_loss":0,"event_name":"FaceTrader","floor":14,"gold_loss":0},{"damage_healed":0,"gold_gain":100,"player_choice":"Pray","damage_taken":0,"max_hp_gain":0,"max_hp_loss":0,"event_name":"Golden Shrine","floor":20,"gold_loss":0},{"damage_healed":0,"gold_gain":0,"player_choice":"Fought Bandits","damage_taken":0,"max_hp_gain":0,"max_hp_loss":0,"event_name":"Masked Bandits","floor":21,"gold_loss":0}],"is_beta":false,"boss_relics":[{"not_picked":["Runic Cube","Lizard Tail"],"picked":"Sozu"}],"items_purged_floors":[2],"is_endless":false,"potions_floor_spawned":[5,7,11,16,19],"killed_by":"Masked Bandits","ascension_level":8}