{"path_per_floor":["M","$","?","M","M","R","?","R","T","E","R","M","T","M","R","B",null,"M","$","?","?","M","E","R","?","T","T"],"character_chosen":"IRONCLAD","items_purchased":["Kunai"],"gold_per_floor":[360,43,43,54,72,72,72,72,72,104,104,114,137,154,154,254,254,266,166,166,366,376,406,406,406,406,432,432],"floor_reached":28,"campfire_rested":0,"playtime":1380,"item_purchase_floors":[2],"current_hp_per_floor":[72,72,72,72,66,66,66,66,66,61,61,59,59,61,61,46,73,77,77,77,77,69,39,39,39,39,39,0],"items_purged":["Defend_R","Defend_R"],"gold":432,"score":293,"play_id":"77dd9933-c655-4aac-97e3-4780152c573f","local_time":"20180608133136","is_prod":false,"is_daily":false,"chose_seed":false,"is_ascension_mode":true,"campfire_upgraded":5,"win_rate":0,"timestamp":1528457496,"campfire_choices":[{"data":"Rage","floor":6,"key":"SMITH"},{"data":"Reaper","floor":8,"key":"SMITH"},{"data":"Rampage","floor":11,"key":"SMITH"},{"data":"Evolve","floor":15,"key":"SMITH"},{"data":"Berserk","floor":24,"key":"SMITH"}],"path_taken":["M","$","?","M","M","R","?","R","T","E","R","?","?","M","R","BOSS","M","$","?","?","?","E","R","?","T","?","?"],"build_version":"2018-06-07","seed_source_timestamp":1956424274015481,"purchased_purges":2,"victory":false,"master_deck":["Strike_R","Strike_R","Strike_R","Strike_R","Strike_R+1","Defend_R","Defend_R","Bash+1","Rage+1","Reaper+1","Rampage+1","Burning Pact","Evolve+1","Berserk+1","Warcry","Rampage"],"max_hp_per_floor":[72,72,72,72,72,72,72,72,72,82,82,82,82,82,82,82,82,82,82,82,82,82,82,82,82,82,82,82],"relics":["Burning Blood","Kunai","Matryoshka","Pear","Bottled Flame","Potion Belt","Mark of Pain","Bag of Marbles","Happy Flower","Whetstone","Girya","Art of War"],"card_choices":[{"not_picked":["Perfected Strike","Clothesline"],"picked":"Rage","floor":1},{"not_picked":["Pummel","Anger","Shrug It Off"],"picked":"SKIP","floor":4},{"not_picked":["Heavy Blade","Infernal Blade"],"picked":"Reaper","floor":5},{"not_picked":["Shockwave","Reckless Charge"],"picked":"Rampage","floor":10},{"not_picked":["Hemokinesis","Searing Blow"],"picked":"Burning Pact","floor":12},{"not_picked":["Havoc","Flame Barrier"],"picked":"Evolve","floor":14},{"not_picked":["Limit Break","Feed"],"picked":"Berserk","floor":16},{"not_picked":["Hemokinesis","Entrench"],"picked":"Warcry","floor":18},{"not_picked":["Clothesline+1","Headbutt+1","Perfected Strike+1"],"picked":"SKIP","floor":22},{"not_picked":["Iron Wave+1","Uppercut","Warcry"],"picked":"SKIP","floor":23}],"player_experience":258947,"potions_floor_usage":[10,16,16,23,23],"damage_taken":[{"damage":2,"enemies":"Jaw Worm","floor":1,"turns":3},{"damage":6,"enemies":"2 Louse","floor":4,"turns":3},{"damage":12,"enemies":"Cultist","floor":5,"turns":5},{"damage":27,"enemies":"3 Sentries","floor":10,"turns":8},{"damage":13,"enemies":"Blue Slaver","floor":12,"turns":4},{"damage":9,"enemies":"Exordium Wildlife","floor":14,"turns":4},{"damage":26,"enemies":"Slime Boss","floor":16,"turns":7},{"damage":13,"enemies":"3 Byrds","floor":18,"turns":7},{"damage":14,"enemies":"Chosen","floor":22,"turns":5},{"damage":54,"enemies":"Slavers","floor":23,"turns":5},{"damage":53,"enemies":"Slaver and Parasite","floor":28,"turns":5}],"relics_obtained":[{"floor":9,"key":"Matryoshka"},{"floor":10,"key":"Pear"},{"floor":13,"key":"Bottled Flame"},{"floor":13,"key":"Potion Belt"},{"floor":23,"key":"Bag of Marbles"},{"floor":26,"key":"Whetstone"},{"floor":26,"key":"Girya"},{"floor":27,"key":"Art of War"}],"event_choices":[{"event_name":"Liars Game","player_choice":"disagreed","floor":3,"damage_taken":0},{"event_name":"Dead Adventurer","player_choice":"Searched \u00270\u0027 times","floor":7,"damage_taken":0},{"event_name":"The Library","player_choice":"Read","floor":20,"damage_taken":0},{"event_name":"Wheel of Change","player_choice":"Gold","floor":21,"damage_taken":0},{"event_name":"The Mausoleum","player_choice":"Yes","floor":25,"damage_taken":0}],"boss_relics":[{"not_picked":["Eternal Feather","Lizard Tail"],"picked":"Mark of Pain"}],"items_purged_floors":[2,19],"potions_floor_spawned":[1,4,5,16,22],"seed_played":"578707815942158020","killed_by":"Slaver and Parasite","ascension_level":5,"potions_obtained":[{"floor":1,"key":"Strength Potion"},{"floor":4,"key":"Energy Potion"},{"floor":5,"key":"Energy Potion"},{"floor":16,"key":"Strength Potion"},{"floor":22,"key":"Strength Potion"}],"is_trial":false}