{"gold_per_floor":[110,110,120,140,140,140,165,183,183,183,200,200,230,230,230,333,333,350,369,369,380,392,421,421,421],"floor_reached":25,"playtime":4926,"items_purged":[],"score":338,"play_id":"8326acf7-9a9c-4590-9236-db2efb369122","local_time":"20190105101359","is_ascension_mode":true,"campfire_choices":[{"data":"Dodge and Roll","floor":6,"key":"SMITH"},{"floor":10,"key":"REST"},{"floor":12,"key":"REST"},{"data":"Eviscerate","floor":15,"key":"SMITH"}],"neow_cost":"NONE","seed_source_timestamp":37667139888156,"circlet_count":0,"master_deck":["Defend_G","Defend_G","Defend_G","Defend_G","Defend_G","Strike_G","Strike_G","Strike_G","Survivor","Neutralize","Dagger Throw","Dodge and Roll+1","Poisoned Stab","Deadly Poison","Dagger Throw","Eviscerate+1","Tools of the Trade","Crippling Poison","Choke","Acrobatics","Predator","Leg Sweep","Cloak And Dagger","Backstab","Concentrate"],"special_seed":0,"relics":["Snecko Eye","Ancient Tea Set","Paper Crane","Singing Bowl","Orrery","CultistMask","Letter Opener"],"potions_floor_usage":[7,7,13,16,25],"damage_taken":[{"damage":11.0,"enemies":"Small Slimes","floor":1.0,"turns":6.0},{"damage":0.0,"enemies":"Cultist","floor":3.0,"turns":3.0},{"damage":0.0,"enemies":"2 Louse","floor":4.0,"turns":3.0},{"damage":40,"enemies":"Gremlin Nob","floor":7,"turns":6},{"damage":3,"enemies":"Red Slaver","floor":8,"turns":3},{"damage":5,"enemies":"Gremlin Gang","floor":11,"turns":5},{"damage":12,"enemies":"Lagavulin","floor":13,"turns":5},{"damage":22,"enemies":"Slime Boss","floor":16,"turns":10},{"damage":13,"enemies":"Shell Parasite","floor":18,"turns":7},{"damage":10,"enemies":"Spheric Guardian","floor":19,"turns":5},{"damage":13,"enemies":"Snecko","floor":21,"turns":8},{"damage":9,"enemies":"Shelled Parasite and Fungi","floor":22,"turns":4},{"damage":14,"enemies":"Slavers","floor":23,"turns":5},{"damage":11,"enemies":"Gremlin Leader","floor":25,"turns":6}],"seed_played":"6933794870578269244","potions_obtained":[{"floor":3.0,"key":"Energy Potion"},{"floor":4.0,"key":"GamblersBrew"},{"floor":8,"key":"Strength Potion"},{"floor":11,"key":"Weak Potion"},{"floor":21,"key":"SpeedPotion"},{"floor":22,"key":"GhostInAJar"}],"is_trial":false,"path_per_floor":["M","?","M","M","$","R","E","M","T","R","M","R","E","?","R","B",null,"M","M","?","M","M","E","?","E"],"character_chosen":"THE_SILENT","items_purchased":[],"campfire_rested":2,"item_purchase_floors":[],"current_hp_per_floor":[52,52,52,52,52,52,12,9,9,30,25,46,36,36,36,14,62,49,39,39,28,19,7,7,0],"gold":421,"neow_bonus":"BOSS_RELIC","is_prod":false,"is_daily":false,"chose_seed":false,"campfire_upgraded":2,"win_rate":0,"timestamp":1546704839,"path_taken":["M","?","?","M","$","R","E","M","T","R","M","R","E","?","R","BOSS","M","M","?","?","M","E","?","E"],"build_version":"2019-01-03v4","purchased_purges":0,"victory":false,"max_hp_per_floor":[70,70,70,70,70,70,70,70,70,70,70,70,72,72,72,72,76,76,76,76,78,78,80,80,80],"card_choices":[{"not_picked":["Skewer","Blade Dance"],"picked":"Dagger Throw","floor":1.0},{"not_picked":["Outmaneuver","Accuracy"],"picked":"Dodge and Roll","floor":3.0},{"not_picked":["Deadly Poison","Deflect"],"picked":"Poisoned Stab","floor":4.0},{"not_picked":["Concentrate","Dagger Throw"],"picked":"Deadly Poison","floor":7},{"not_picked":["Backstab","Finisher"],"picked":"Dagger Throw","floor":8},{"not_picked":["Choke","Deflect"],"picked":"Eviscerate","floor":11},{"not_picked":["Quick Slash","Bane","Slice"],"picked":"Singing Bowl","floor":13},{"not_picked":["Adrenaline","Glass Knife"],"picked":"Tools of the Trade","floor":16},{"not_picked":["Choke","Deadly Poison"],"picked":"Crippling Poison","floor":17},{"not_picked":["Bane","Escape Plan"],"picked":"Choke","floor":17},{"not_picked":["Catalyst","Expertise","Dagger Throw"],"picked":"Singing Bowl","floor":17},{"not_picked":["Blade Dance","Bane"],"picked":"Acrobatics","floor":17},{"not_picked":["Acrobatics","Caltrops","Slice"],"picked":"Singing Bowl","floor":17},{"not_picked":["Adrenaline","Deadly Poison"],"picked":"Predator","floor":18},{"not_picked":["Deadly Poison+1","Dagger Throw"],"picked":"Leg Sweep","floor":19},{"not_picked":["Dagger Spray","Accuracy","All Out Attack"],"picked":"Singing Bowl","floor":21},{"not_picked":["Accuracy","Setup"],"picked":"Cloak And Dagger","floor":22},{"not_picked":["Quick Slash","Blade Dance","Storm of Steel"],"picked":"Singing Bowl","floor":23}],"player_experience":479242,"relics_obtained":[{"floor":7,"key":"Ancient Tea Set"},{"floor":9,"key":"Paper Crane"},{"floor":13,"key":"Singing Bowl"},{"floor":23,"key":"Letter Opener"}],"event_choices":[{"damage_healed":0.0,"max_hp_gain":0.0,"max_hp_loss":0.0,"gold_gain":0.0,"event_name":"Match and Keep!","player_choice":"0 cards matched","floor":2.0,"gold_loss":0.0,"damage_taken":0.0,"cards_obtained":[]},{"damage_healed":0,"gold_gain":0,"player_choice":"Bought 0 Potions","damage_taken":0,"max_hp_gain":0,"max_hp_loss":0,"event_name":"The Woman in Blue","floor":14,"gold_loss":0},{"damage_healed":0,"gold_gain":0,"player_choice":"Trade","damage_taken":0,"relics_obtained":["CultistMask"],"max_hp_gain":0,"max_hp_loss":0,"event_name":"FaceTrader","floor":20,"gold_loss":0},{"damage_healed":0,"gold_gain":0,"cards_transformed":["Strike_G","Strike_G"],"player_choice":"Became Test Subject","damage_taken":0,"max_hp_gain":0,"max_hp_loss":0,"event_name":"Drug Dealer","floor":24,"gold_loss":0,"cards_obtained":["Backstab","Concentrate"]}],"is_beta":false,"boss_relics":[{"not_picked":["White Beast Statue","Calling Bell"],"picked":"Orrery"}],"items_purged_floors":[],"is_endless":false,"potions_floor_spawned":[3,4,8,11,21,22],"killed_by":"Gremlin Leader","ascension_level":9}