{"gold_per_floor":[117,131,131,145,159,185,185,65,118,118,144,157,190,202,202,306,306,321,321,341,356,29,63,63,90,90,110,110,142,242,242,242,344,344,358,358,358,1,101,131,131,166,166,166,196,243,258,289,289,289,289,289,92,123,123],"floor_reached":56,"playtime":6315,"items_purged":["Strike_G","Strike_G","Parasite"],"score":1957,"play_id":"a81b12f1-0267-4f02-93d8-49b4591d621f","local_time":"20181229115832","is_ascension_mode":true,"campfire_choices":[{"floor":7,"key":"REST"},{"floor":15,"key":"REST"},{"data":"Infinite Blades","floor":24,"key":"SMITH"},{"floor":28,"key":"REST"},{"floor":32,"key":"RECALL"},{"data":"A Thousand Cuts","floor":44,"key":"SMITH"},{"data":"1","floor":49,"key":"LIFT"},{"data":"2","floor":52,"key":"LIFT"}],"neow_cost":"NONE","seed_source_timestamp":77497674160948,"circlet_count":0,"master_deck":["Defend_G","Defend_G","Defend_G","Defend_G","Defend_G","Neutralize","Cloak And Dagger","Dash+1","Slice","Venomology","Cloak And Dagger","Blade Dance","Endless Agony+1","Infinite Blades+1","Dash","Storm of Steel","Reflex+1","Blade Dance","Backstab","Accuracy","Dash+1","Concentrate","Blade Dance+1","A Thousand Cuts+1","Master of Strategy","Concentrate+1","Finisher+1","Terror+1"],"relics":["Runic Pyramid","Darkstone Periapt","Orichalcum","Lantern","Dead Branch","The Specimen","HoveringKite","Ninja Scroll","Bag of Preparation","Snake Skull","Mummified Hand","Juzu Bracelet","Ice Cream","Molten Egg 2","Cursed Key","Kunai","Incense Burner","Strawberry","Happy Flower","Whetstone","Girya","Thread and Needle","Boot"],"potions_floor_usage":[6,6,12,16,16,20,30,39,40,40,40,50,55,55],"damage_taken":[{"damage":12,"enemies":"Small Slimes","floor":1,"turns":4},{"damage":2,"enemies":"Jaw Worm","floor":2,"turns":4},{"damage":1,"enemies":"Cultist","floor":4,"turns":4},{"damage":0,"enemies":"2 Fungi Beasts","floor":5,"turns":4},{"damage":16,"enemies":"Gremlin Nob","floor":6,"turns":5},{"damage":11,"enemies":"Lagavulin","floor":11,"turns":9},{"damage":5,"enemies":"Lots of Slimes","floor":12,"turns":5},{"damage":6,"enemies":"Gremlin Nob","floor":13,"turns":3},{"damage":5,"enemies":"Blue Slaver","floor":14,"turns":2},{"damage":8,"enemies":"Slime Boss","floor":16,"turns":13},{"damage":0,"enemies":"3 Byrds","floor":18,"turns":4},{"damage":0,"enemies":"Spheric Guardian","floor":20,"turns":3},{"damage":14,"enemies":"Snake Plant","floor":21,"turns":4},{"damage":6,"enemies":"Book of Stabbing","floor":23,"turns":5},{"damage":0,"enemies":"Gremlin Leader","floor":25,"turns":3},{"damage":0,"enemies":"Sentry and Sphere","floor":27,"turns":1},{"damage":0,"enemies":"Slavers","floor":29,"turns":2},{"damage":0,"enemies":"Colosseum Slavers","floor":30,"turns":1},{"damage":0,"enemies":"Colosseum Nobs","floor":30,"turns":3},{"damage":0,"enemies":"Collector","floor":33,"turns":3},{"damage":0,"enemies":"3 Shapes","floor":35,"turns":1},{"damage":0,"enemies":"Mind Bloom Boss Battle","floor":39,"turns":3},{"damage":0,"enemies":"Reptomancer","floor":40,"turns":2},{"damage":0,"enemies":"Nemesis","floor":42,"turns":5},{"damage":0,"enemies":"Giant Head","floor":45,"turns":2},{"damage":12,"enemies":"2 Orb Walkers","floor":46,"turns":2},{"damage":0,"enemies":"3 Darklings","floor":47,"turns":2},{"damage":0,"enemies":"Nemesis","floor":48,"turns":3},{"damage":4,"enemies":"Time Eater","floor":50,"turns":6},{"damage":0,"enemies":"Shield and Spear","floor":54,"turns":3},{"damage":51,"enemies":"The Heart","floor":55,"turns":6}],"seed_played":"-1757629072824452335","potions_obtained":[{"floor":4,"key":"SkillPotion"},{"floor":5,"key":"GamblersBrew"},{"floor":13,"key":"Fire Potion"},{"floor":16,"key":"SkillPotion"},{"floor":18,"key":"Block Potion"},{"floor":23,"key":"GamblersBrew"},{"floor":30,"key":"Weak Potion"},{"floor":33,"key":"SkillPotion"},{"floor":40,"key":"Explosive Potion"},{"floor":46,"key":"Strength Potion"},{"floor":47,"key":"Swift Potion"}],"is_trial":false,"path_per_floor":["M","M","?","M","M","E","R","$","T","?","E","M","E","M","R","B",null,"M","?","M","M","$","E","R","E","T","M","R","E","?","?","R","B",null,"M","?","?","$","?","E","?","E","T","R","E","?","M","E","R","B",null,"R","$","E","B",null],"character_chosen":"THE_SILENT","items_purchased":["Cloak And Dagger","Ninja Scroll","Accuracy","Kunai","GhostInAJar"],"campfire_rested":3,"item_purchase_floors":[8,22,22,38,53],"current_hp_per_floor":[51,49,31,30,30,14,35,35,35,35,24,19,13,8,29,21,58,58,58,58,44,44,38,38,38,38,38,59,59,59,59,59,59,67,67,67,67,67,67,74,74,74,80,80,80,68,68,68,68,64,78,78,78,78,27],"gold":123,"neow_bonus":"BOSS_RELIC","is_prod":false,"is_daily":false,"chose_seed":false,"campfire_upgraded":2,"win_rate":0,"timestamp":1546106312,"path_taken":["M","M","?","M","M","E","R","$","T","?","E","M","E","?","R","BOSS","M","?","M","M","$","E","R","E","T","?","R","E","?","?","R","BOSS","M","?","?","$","?","E","?","E","T","R","E","?","M","E","R","BOSS","R","$","E","BOSS"],"build_version":"2018-12-20","purchased_purges":3,"victory":true,"max_hp_per_floor":[70,70,70,70,70,70,70,70,70,70,70,70,70,70,70,70,70,70,70,70,70,70,70,70,70,70,70,70,70,70,70,70,70,70,70,70,70,70,70,77,77,77,83,83,83,83,83,83,83,83,83,83,80,80,80],"card_choices":[{"not_picked":["Slice","Catalyst"],"picked":"Cloak And Dagger","floor":1},{"not_picked":["Outmaneuver","Choke","Reflex"],"picked":"SKIP","floor":2},{"not_picked":["Blur","Outmaneuver"],"picked":"Dash","floor":4},{"not_picked":["Deflect","Dodge and Roll"],"picked":"Slice","floor":5},{"not_picked":["Quick Slash","Blur"],"picked":"Venomology","floor":6},{"not_picked":["Catalyst","Quick Slash"],"picked":"Blade Dance","floor":11},{"not_picked":["Quick Slash","Deadly Poison"],"picked":"Endless Agony","floor":12},{"not_picked":["Heel Hook","Concentrate"],"picked":"Infinite Blades","floor":13},{"not_picked":["Bane","Blade Dance"],"picked":"Dash","floor":14},{"not_picked":["After Image","Night Terror"],"picked":"Storm of Steel","floor":16},{"not_picked":["PiercingWail","Cloak And Dagger"],"picked":"Reflex+1","floor":18},{"not_picked":["Choke","Sucker Punch"],"picked":"Blade Dance","floor":20},{"not_picked":["Dodge and Roll+1","Deadly Poison"],"picked":"Backstab","floor":21},{"not_picked":["Backflip","Dagger Spray"],"picked":"Dash+1","floor":23},{"not_picked":["Dodge and Roll","Riddle With Holes+1"],"picked":"Concentrate","floor":25},{"not_picked":["Malaise","Acrobatics"],"picked":"Blade Dance+1","floor":27},{"not_picked":["Well Laid Plans","Expertise","Sucker Punch"],"picked":"SKIP","floor":29},{"not_picked":["Grand Finale+1","Night Terror"],"picked":"A Thousand Cuts","floor":33},{"not_picked":["Backflip","Deadly Poison+1","Outmaneuver+1"],"picked":"SKIP","floor":35},{"not_picked":["Discovery","The Bomb"],"picked":"Master of Strategy","floor":36},{"not_picked":["Underhanded Strike+1","Flechettes+1"],"picked":"Concentrate+1","floor":40},{"not_picked":["Doppelganger","Dagger Throw+1","Poisoned Stab+1"],"picked":"SKIP","floor":42},{"not_picked":["Dagger Throw+1","Deadly Poison","Cloak And Dagger"],"picked":"SKIP","floor":45},{"not_picked":["Setup","Prepared","Deflect+1"],"picked":"SKIP","floor":47},{"not_picked":["Slice+1","Wraith Form v2"],"picked":"Finisher+1","floor":48},{"not_picked":["Deflect","Backflip+1"],"picked":"Terror+1","floor":54}],"player_experience":368856,"relics_obtained":[{"floor":6,"key":"Orichalcum"},{"floor":9,"key":"Lantern"},{"floor":11,"key":"Dead Branch"},{"floor":13,"key":"The Specimen"},{"floor":23,"key":"Bag of Preparation"},{"floor":25,"key":"Snake Skull"},{"floor":26,"key":"Mummified Hand"},{"floor":29,"key":"Juzu Bracelet"},{"floor":30,"key":"Ice Cream"},{"floor":30,"key":"Molten Egg 2"},{"floor":39,"key":"Incense Burner"},{"floor":40,"key":"Strawberry"},{"floor":42,"key":"Happy Flower"},{"floor":45,"key":"Whetstone"},{"floor":46,"key":"Girya"},{"floor":48,"key":"Thread and Needle"},{"floor":54,"key":"Boot"}],"event_choices":[{"damage_healed":0,"gold_gain":0,"player_choice":"Success","damage_taken":18,"relics_obtained":["Darkstone Periapt"],"max_hp_gain":0,"max_hp_loss":0,"event_name":"Scrap Ooze","floor":3,"gold_loss":0},{"cards_removed":["Strike_G"],"damage_healed":0,"gold_gain":0,"player_choice":"Purged","damage_taken":0,"max_hp_gain":0,"max_hp_loss":0,"event_name":"Purifier","floor":10,"gold_loss":0},{"cards_removed":["Strike_G"],"damage_healed":0,"gold_gain":0,"player_choice":"Purged","damage_taken":0,"max_hp_gain":0,"max_hp_loss":0,"event_name":"Purifier","floor":19,"gold_loss":0},{"damage_healed":0,"gold_gain":0,"player_choice":"Fight","damage_taken":0,"max_hp_gain":0,"max_hp_loss":0,"event_name":"Colosseum","floor":30,"gold_loss":0},{"damage_healed":0,"gold_gain":0,"player_choice":"Fought Nobs","damage_taken":0,"max_hp_gain":0,"max_hp_loss":0,"event_name":"Colosseum","floor":30,"gold_loss":0},{"damage_healed":0,"gold_gain":0,"player_choice":"Ignored","damage_taken":0,"max_hp_gain":0,"max_hp_loss":0,"event_name":"Ghosts","floor":31,"gold_loss":0},{"damage_healed":0,"gold_gain":0,"player_choice":"Memory 1","damage_taken":0,"max_hp_gain":0,"max_hp_loss":0,"event_name":"SensoryStone","floor":36,"gold_loss":0},{"cards_removed":["Strike_G"],"damage_healed":0,"gold_gain":0,"player_choice":"Purged","damage_taken":0,"max_hp_gain":0,"max_hp_loss":0,"event_name":"Purifier","floor":37,"gold_loss":0},{"damage_healed":0,"gold_gain":0,"player_choice":"Fight","damage_taken":0,"max_hp_gain":0,"max_hp_loss":0,"event_name":"MindBloom","floor":39,"gold_loss":0},{"cards_removed":["Survivor"],"damage_healed":0,"gold_gain":0,"player_choice":"Removed Skill","damage_taken":0,"max_hp_gain":0,"max_hp_loss":0,"event_name":"Falling","floor":41,"gold_loss":0},{"damage_healed":0,"gold_gain":0,"player_choice":"Fight","damage_taken":0,"max_hp_gain":0,"max_hp_loss":0,"event_name":"Mysterious Sphere","floor":46,"gold_loss":0}],"is_beta":false,"boss_relics":[{"not_picked":["Fusion Hammer","Tiny House"],"picked":"HoveringKite"},{"not_picked":["Coffee Dripper","Pandora\u0027s Box"],"picked":"Cursed Key"}],"items_purged_floors":[8,38,53],"is_endless":false,"potions_floor_spawned":[4,5,13,16,18,23,30,33,40,45,46,47],"ascension_level":6}