{"path_per_floor":["M","?","?","$","M","E","M","E","T","M","?","R","$","E","R","B",null,"M","M","$","?","?","R","M","R","T","$","?","T","?","M","R"],"character_chosen":"IRONCLAD","items_purchased":["Tiny Chest","Weak Potion","Ornamental Fan"],"gold_per_floor":[112,287,287,93,105,130,149,177,177,194,194,194,42,85,85,205,205,218,243,0,0,0,0,18,18,73,73,73,73,73,91,91,91],"floor_reached":33,"campfire_rested":2,"playtime":1505,"item_purchase_floors":[4,13,20],"current_hp_per_floor":[77,77,60,60,62,42,44,18,18,21,21,21,21,26,53,29,91,79,75,75,59,59,59,40,40,45,45,45,45,45,46,75,0],"items_purged":["Doubt","Injury"],"gold":91,"score":338,"play_id":"c7be3be3-b073-469d-b033-0efeadfe2dd5","local_time":"20180607140017","is_prod":false,"is_daily":false,"chose_seed":false,"is_ascension_mode":true,"campfire_upgraded":3,"win_rate":0,"timestamp":1528372817,"campfire_choices":[{"data":"Rage","floor":12,"key":"SMITH"},{"floor":15,"key":"REST"},{"data":"Offering","floor":23,"key":"SMITH"},{"data":"Feed","floor":25,"key":"SMITH"},{"floor":32,"key":"REST"}],"path_taken":["M","?","?","$","M","E","M","E","T","M","?","R","$","E","R","BOSS","M","M","$","?","?","R","?","R","T","?","?","?","?","M","R","BOSS"],"build_version":"2018-05-31","seed_source_timestamp":1871619317449154,"purchased_purges":2,"victory":false,"master_deck":["Strike_R","Strike_R+1","Strike_R","Strike_R","Strike_R","Defend_R+1","Defend_R","Defend_R","Defend_R+1","Bash+1","Feed+1","Rage+1","Cleave+1","Offering+1","Clash+1","Necronomicurse","Warcry+1"],"max_hp_per_floor":[83,83,83,83,86,86,89,92,92,95,88,88,88,91,91,91,91,94,94,94,94,94,94,94,94,94,94,94,94,94,98,98,98],"relics":["Burning Blood","Tiny Chest","Self Forming Clay","Shuriken","Bottled Flame","Bloody Idol","Question Card","Runic Cube","Ornamental Fan","Necronomicon","War Paint","Bronze Scales"],"card_choices":[{"not_picked":["Bludgeon","Barricade"],"picked":"Feed","floor":0},{"not_picked":["Sever Soul","Warcry"],"picked":"Rage","floor":1},{"not_picked":["Heavy Blade","Uppercut","Flame Barrier"],"picked":"SKIP","floor":5},{"not_picked":["Hemokinesis","Heavy Blade","Thunderclap"],"picked":"SKIP","floor":6},{"not_picked":["Uppercut","Dual Wield","Clothesline"],"picked":"SKIP","floor":7},{"not_picked":["Burning Pact","Sever Soul","Combust"],"picked":"SKIP","floor":8},{"not_picked":["Rampage","Burning Pact"],"picked":"Cleave","floor":10},{"not_picked":["Pommel Strike","Heavy Blade","Second Wind"],"picked":"SKIP","floor":14},{"not_picked":["Limit Break","Brutality","Bludgeon"],"picked":"Offering","floor":16},{"not_picked":["Blood for Blood","Armaments","Intimidate","Iron Wave"],"picked":"SKIP","floor":18},{"not_picked":["True Grit","Warcry+1","Body Slam"],"picked":"Clash+1","floor":19},{"not_picked":["Armaments","Pommel Strike","Dual Wield"],"picked":"Warcry+1","floor":24},{"not_picked":["Flame Barrier","Hemokinesis","Shrug It Off","Heavy Blade"],"picked":"SKIP","floor":31}],"player_experience":230489,"potions_floor_usage":[14,14,16,16,24,33,33],"damage_taken":[{"damage":12,"enemies":"Jaw Worm","floor":1,"turns":6},{"damage":7,"enemies":"Small Slimes","floor":5,"turns":3},{"damage":26,"enemies":"Gremlin Nob","floor":6,"turns":4},{"damage":7,"enemies":"2 Louse","floor":7,"turns":3},{"damage":35,"enemies":"Lagavulin","floor":8,"turns":7},{"damage":6,"enemies":"Looter","floor":10,"turns":4},{"damage":4,"enemies":"3 Sentries","floor":14,"turns":6},{"damage":30,"enemies":"The Guardian","floor":16,"turns":12},{"damage":21,"enemies":"2 Thieves","floor":18,"turns":4},{"damage":10,"enemies":"3 Byrds","floor":19,"turns":5},{"damage":30,"enemies":"Snecko","floor":24,"turns":6},{"damage":14,"enemies":"Centurion and Healer","floor":31,"turns":3},{"damage":95,"enemies":"Champ","floor":33,"turns":6}],"relics_obtained":[{"floor":6,"key":"Self Forming Clay"},{"floor":8,"key":"Shuriken"},{"floor":9,"key":"Bottled Flame"},{"floor":14,"key":"Question Card"},{"floor":21,"key":"Necronomicon"},{"floor":26,"key":"War Paint"},{"floor":29,"key":"Bronze Scales"}],"event_choices":[{"event_name":"Liars Game","player_choice":"agreed","floor":2,"damage_taken":0},{"event_name":"Shining Light","player_choice":"Entered Light","floor":3,"damage_taken":0},{"event_name":"Golden Idol","player_choice":"Lose Max HP","floor":11,"damage_taken":0},{"event_name":"Cursed Tome","player_choice":"Obtained Book","floor":21,"damage_taken":0},{"event_name":"Forgotten Altar","player_choice":"Gave Idol","floor":22,"damage_taken":0},{"event_name":"Addict","player_choice":"Ignored","floor":28,"damage_taken":0},{"event_name":"Upgrade Shrine","player_choice":"Upgraded","floor":30,"damage_taken":0}],"boss_relics":[{"not_picked":["Orrery","Runic Dome"],"picked":"Runic Cube"}],"items_purged_floors":[4,13],"potions_floor_spawned":[8,10,14,16,19,31],"seed_played":"-6335691764610940339","killed_by":"Champ","ascension_level":4,"potions_obtained":[{"floor":8,"key":"Block Potion"},{"floor":10,"key":"Energy Potion"},{"floor":14,"key":"Swift Potion"},{"floor":16,"key":"SteroidPotion"},{"floor":19,"key":"Ancient Potion"},{"floor":31,"key":"Fire Potion"}],"is_trial":false}