{"gold_per_floor":[368,382,5,25,25,61,61,82,82,82,82,103,3,3,3,124,124,143,164,164,5,23,63,81,81,130,148,172,172,22,36,36,36],"floor_reached":33,"playtime":4872,"items_purged":["Doubt","Defend_G","Regret","Strike_G"],"score":269,"play_id":"8358c900-5ab3-4f6f-bf5e-26de0ed6a93b","local_time":"20180720202655","is_ascension_mode":false,"campfire_choices":[{"floor":7.0,"key":"REST"},{"data":"Choke","floor":10.0,"key":"SMITH"},{"data":"Blade Dance","floor":15.0,"key":"SMITH"},{"floor":25,"key":"REST"},{"floor":32,"key":"REST"}],"neow_cost":"CURSE","seed_source_timestamp":0,"circlet_count":0,"master_deck":["Defend_G","Defend_G","Defend_G","Defend_G","Strike_G","Strike_G","Strike_G","Survivor","Neutralize","Acrobatics","Choke+1","Backflip","Infinite Blades","Cloak And Dagger","Blade Dance+1","Envenom","Backstab","Cloak And Dagger+1","Slice","Madness","Infinite Blades","Caltrops+1","Prepared+1","Footwork","Flechettes+1","Corpse Explosion","Caltrops","Neutralize"],"special_seed":0,"relics":["Ring of the Snake","Tough Bandages","Golden Idol","Bronze Scales","Singing Bowl","Bird Faced Urn","Runic Pyramid","Strawberry","Omamori"],"potions_floor_usage":[31,33],"damage_taken":[{"damage":2.0,"enemies":"2 Louse","floor":1.0,"turns":2.0},{"damage":2.0,"enemies":"Jaw Worm","floor":2.0,"turns":8.0},{"damage":1.0,"enemies":"Cultist","floor":4.0,"turns":4.0},{"damage":25.0,"enemies":"3 Sentries","floor":6.0,"turns":15.0},{"damage":6.0,"enemies":"Large Slime","floor":8.0,"turns":6.0},{"damage":7.0,"enemies":"Blue Slaver","floor":12.0,"turns":4.0},{"damage":40.0,"enemies":"Hexaghost","floor":16.0,"turns":8.0},{"damage":13.0,"enemies":"Chosen","floor":18.0,"turns":4.0},{"damage":10.0,"enemies":"Spheric Guardian","floor":19.0,"turns":4.0},{"damage":0.0,"enemies":"Snecko","floor":22.0,"turns":4.0},{"damage":38.0,"enemies":"Gremlin Leader","floor":23.0,"turns":6.0},{"damage":17,"enemies":"Snake Plant","floor":24,"turns":3},{"damage":38,"enemies":"Slaver and Parasite","floor":27,"turns":6},{"damage":4,"enemies":"Cultist and Chosen","floor":28,"turns":5},{"damage":12,"enemies":"Centurion and Healer","floor":31,"turns":5},{"damage":63,"enemies":"Automaton","floor":33,"turns":6}],"seed_played":"-3891427555887276575","potions_obtained":[{"floor":2.0,"key":"LiquidBronze"},{"floor":6.0,"key":"Regen Potion"},{"floor":12.0,"key":"LiquidBronze"},{"floor":16.0,"key":"Strength Potion"},{"floor":18.0,"key":"LiquidBronze"},{"floor":22.0,"key":"FearPotion"},{"floor":31,"key":"Energy Potion"}],"is_trial":false,"path_per_floor":["M","M","$","M","?","E","R","M","T","R","?","M","$","?","R","B",null,"M","M","?","$","M","E","M","R","T","M","M","?","$","M","R"],"character_chosen":"THE_SILENT","items_purchased":["Tough Bandages","Infinite Blades"],"campfire_rested":3,"item_purchase_floors":[3,21],"current_hp_per_floor":[68,66,66,65,48,23,44,52,52,52,52,45,45,45,45,7,70,57,49,49,49,55,32,19,42,42,10,12,12,12,8,31,0],"gold":36,"neow_bonus":"TWO_FIFTY_GOLD","is_prod":false,"is_daily":false,"chose_seed":false,"campfire_upgraded":2,"win_rate":0,"timestamp":1532132815,"path_taken":["M","M","$","M","?","E","R","M","T","R","?","M","$","?","R","BOSS","M","M","?","$","M","E","M","R","T","M","M","?","$","M","R","BOSS"],"build_version":"2018-07-19v2","purchased_purges":4,"victory":false,"max_hp_per_floor":[70,70,70,70,70,70,70,70,70,70,70,70,70,70,70,70,70,70,70,70,70,70,77,77,77,77,77,77,77,77,79,79,79],"card_choices":[{"not_picked":["Deadly Poison","Backflip"],"picked":"Acrobatics","floor":1.0},{"not_picked":["Deadly Poison","Prepared"],"picked":"Choke","floor":2.0},{"not_picked":["Choke","Quick Slash"],"picked":"Backflip","floor":4.0},{"not_picked":["Poisoned Stab","Dodge and Roll"],"picked":"Infinite Blades","floor":6.0},{"not_picked":["Dash","Burst"],"picked":"Cloak And Dagger","floor":8.0},{"not_picked":["Expertise","Concentrate"],"picked":"Blade Dance","floor":12.0},{"not_picked":["Venomology","Malaise"],"picked":"Envenom","floor":16.0},{"not_picked":["Sucker Punch","Dagger Throw+1"],"picked":"Backstab","floor":18.0},{"not_picked":["Distraction","Dodge and Roll"],"picked":"Cloak And Dagger+1","floor":19.0},{"not_picked":["Outmaneuver","Bane"],"picked":"Caltrops+1","floor":22.0},{"not_picked":["Heel Hook","Poisoned Stab"],"picked":"Prepared+1","floor":23},{"not_picked":["Prepared","Expertise"],"picked":"Footwork","floor":24},{"not_picked":["Masterful Stab","Prepared"],"picked":"Flechettes+1","floor":27},{"not_picked":["Slice","Dagger Spray+1"],"picked":"Corpse Explosion","floor":28},{"not_picked":["Riddle With Holes+1","Backflip","Dash"],"picked":"Singing Bowl","floor":31}],"player_experience":394091,"relics_obtained":[{"floor":6.0,"key":"Bronze Scales"},{"floor":9.0,"key":"Singing Bowl"},{"floor":23,"key":"Strawberry"},{"floor":26,"key":"Omamori"}],"event_choices":[{"event_name":"Golden Idol","player_choice":"Take Damage","floor":5.0,"damage_taken":0.0},{"event_name":"Living Wall","player_choice":"Forget","floor":11.0,"damage_taken":0.0},{"event_name":"Big Fish","player_choice":"Box","floor":14.0,"damage_taken":0.0},{"event_name":"Match and Keep!","player_choice":"2 cards matched","floor":20.0,"damage_taken":0.0},{"event_name":"Match and Keep!","player_choice":"2 cards matched","floor":29,"damage_taken":0}],"is_beta":false,"boss_relics":[{"not_picked":["White Beast Statue","Busted Crown"],"picked":"Runic Pyramid"}],"items_purged_floors":[3,13,21,30],"is_endless":false,"potions_floor_spawned":[2,6,12,16,18,22,31],"killed_by":"Automaton","ascension_level":0}