{"gold_per_floor":[114,114,129,129,129,159,159,120,120,120,150,225,255,270,270,370,370,385,310,1,1,16,46,46,61,86,86,186,136,166,181,181,281,281,296,296,41,56,156,186,186,186,186,186,216,231,246,2,2,2],"floor_reached":51,"playtime":5575,"items_purged":[],"score":982,"play_id":"8b9b5e69-8077-42a6-badd-4ca9fa175393","local_time":"20190408015312","daily_mods":["Draft","ControlledChaos","Night Terrors"],"is_ascension_mode":false,"campfire_choices":[{"data":"Anger","floor":7.0,"key":"SMITH"},{"data":"Anger","floor":10.0,"key":"SMITH"},{"data":"Feed","floor":15.0,"key":"SMITH"},{"data":"Uppercut","floor":24,"key":"SMITH"},{"data":"Thunderclap","floor":32,"key":"SMITH"},{"data":"Body Slam","floor":42,"key":"SMITH"},{"floor":49,"key":"REST"}],"neow_cost":"","seed_source_timestamp":377506382704962,"circlet_count":0,"master_deck":["Power Through","Ghostly Armor","Anger+1","Shrug It Off","True Grit+1","Evolve","Headbutt","Shrug It Off","Disarm+1","Power Through","Anger+1","Shrug It Off","Wild Strike","Thunderclap+1","Pommel Strike","Evolve","Feed+1","Offering","Seeing Red+1","Offering+1","Pummel+1","Uppercut+1","Feel No Pain","Blood for Blood+1","Disarm","Feel No Pain","Body Slam+1","Shockwave","Immolate","Juggernaut","Bloodletting+1","Dramatic Entrance","Feel No Pain+1","Feel No Pain","Armaments","Twin Strike+1","Combust+1","Blood for Blood+1","Corruption","Sentinel","Disarm","Bandage Up"],"special_seed":17994,"relics":["Burning Blood","Frozen Eye","The Courier","Orichalcum","Meat on the Bone","Juzu Bracelet","Mercury Hourglass","Vajra","Astrolabe","PreservedInsect","Toy Ornithopter","Bag of Preparation","Bottled Lightning","Omamori","Incense Burner","Question Card","Bottled Flame","Cursed Key","Membership Card","Happy Flower","Charon\u0027s Ashes","Pantograph","Ancient Tea Set","Smiling Mask","Bottled Tornado","Art of War","Boot"],"potions_floor_usage":[33,33,50,50,50],"damage_taken":[{"damage":0.0,"enemies":"Jaw Worm","floor":1.0,"turns":3.0},{"damage":3.0,"enemies":"2 Louse","floor":3.0,"turns":4.0},{"damage":31.0,"enemies":"Gremlin Nob","floor":6.0,"turns":5.0},{"damage":0.0,"enemies":"3 Sentries","floor":11.0,"turns":7.0},{"damage":7.0,"enemies":"Lagavulin","floor":13.0,"turns":5.0},{"damage":0.0,"enemies":"Small Slimes","floor":14.0,"turns":4.0},{"damage":28.0,"enemies":"The Guardian","floor":16.0,"turns":12.0},{"damage":12.0,"enemies":"Spheric Guardian","floor":18.0,"turns":3.0},{"damage":12.0,"enemies":"Chosen","floor":22.0,"turns":3.0},{"damage":12.0,"enemies":"Book of Stabbing","floor":23.0,"turns":3.0},{"damage":16,"enemies":"3 Cultists","floor":25,"turns":5},{"damage":19,"enemies":"Colosseum Slavers","floor":28,"turns":4},{"damage":11,"enemies":"Colosseum Nobs","floor":28,"turns":3},{"damage":15,"enemies":"Gremlin Leader","floor":30,"turns":6},{"damage":17,"enemies":"Sentry and Sphere","floor":31,"turns":6},{"damage":39,"enemies":"Automaton","floor":33,"turns":10},{"damage":12,"enemies":"3 Darklings","floor":35,"turns":2},{"damage":6,"enemies":"Orb Walker","floor":38,"turns":2},{"damage":15,"enemies":"Mind Bloom Boss Battle","floor":39,"turns":5},{"damage":6,"enemies":"Nemesis","floor":40,"turns":3},{"damage":15,"enemies":"Giant Head","floor":45,"turns":4},{"damage":15,"enemies":"Transient","floor":46,"turns":5},{"damage":18,"enemies":"Maw","floor":47,"turns":5},{"damage":38,"enemies":"Awakened One","floor":50,"turns":7}],"seed_played":"-2695250490538151915","potions_obtained":[{"floor":1.0,"key":"LiquidBronze"},{"floor":13.0,"key":"Weak Potion"},{"floor":14.0,"key":"Explosive Potion"},{"floor":16.0,"key":"Strength Potion"},{"floor":18.0,"key":"SteroidPotion"},{"floor":28,"key":"Regen Potion"},{"floor":30,"key":"LiquidBronze"},{"floor":31,"key":"SkillPotion"},{"floor":38,"key":"SpeedPotion"},{"floor":45,"key":"Block Potion"},{"floor":47,"key":"PowerPotion"}],"is_trial":false,"path_per_floor":["M","?","M","?","T","E","R","$","T","R","E","T","E","M","R","B",null,"M","?","$","?","M","E","R","M","T","?","?","?","E","M","R","B",null,"M","?","$","M","?","E","?","R","T","?","E","M","M","$","R","B",null],"character_chosen":"IRONCLAD","items_purchased":["Pommel Strike","PreservedInsect","Feel No Pain","Toy Ornithopter","Membership Card","Happy Flower","Dramatic Entrance","Corruption","Sentinel","Disarm","Bandage Up","Art of War","Boot"],"campfire_rested":1,"item_purchase_floors":[8,20,20,20,37,37,37,48,48,48,48,48,48],"current_hp_per_floor":[80,80,80,80,80,55,55,55,55,55,61,61,60,66,66,56,80,78,78,78,78,72,76,76,70,70,53,63,63,66,55,55,59,97,95,95,95,95,86,86,86,86,86,101,96,87,79,79,104,91],"gold":2,"neow_bonus":"","is_prod":false,"is_daily":true,"chose_seed":false,"campfire_upgraded":6,"win_rate":0,"timestamp":1554702792,"path_taken":["M","?","M","?","?","E","R","$","T","R","E","?","E","M","R","BOSS","M","?","$","?","M","E","R","M","T","?","?","?","E","M","R","BOSS","M","?","?","M","?","E","?","R","T","?","E","M","M","$","R","BOSS"],"build_version":"2019-01-23","purchased_purges":0,"victory":true,"max_hp_per_floor":[80,80,80,80,80,80,80,80,80,80,80,80,80,80,80,80,80,84,84,84,84,84,84,84,88,88,93,97,97,97,97,97,97,97,101,101,101,101,101,101,101,101,101,101,105,105,109,109,104,104],"card_choices":[{"not_picked":["Perfected Strike","Body Slam"],"picked":"Power Through","floor":0.0},{"not_picked":["Perfected Strike","Body Slam"],"picked":"Ghostly Armor","floor":0.0},{"not_picked":["Headbutt","Heavy Blade"],"picked":"Anger","floor":0.0},{"not_picked":["Armaments","Iron Wave"],"picked":"Shrug It Off","floor":0.0},{"not_picked":["Inflame","Headbutt"],"picked":"True Grit","floor":0.0},{"not_picked":["Thunderclap","Shockwave"],"picked":"Evolve","floor":0.0},{"not_picked":["Evolve","Sever Soul"],"picked":"Headbutt","floor":0.0},{"not_picked":["Havoc","Clash"],"picked":"Shrug It Off","floor":0.0},{"not_picked":["Headbutt","Heavy Blade"],"picked":"Rage","floor":0.0},{"not_picked":["Heavy Blade","Rupture"],"picked":"Disarm","floor":0.0},{"not_picked":["Second Wind","Dual Wield"],"picked":"Dropkick","floor":0.0},{"not_picked":["Shrug It Off","Clash"],"picked":"Power Through","floor":0.0},{"not_picked":["Pummel","Bloodletting"],"picked":"Anger","floor":0.0},{"not_picked":["Fire Breathing","Sever Soul"],"picked":"Shrug It Off","floor":0.0},{"not_picked":["Warcry","Shrug It Off"],"picked":"Seeing Red","floor":0.0},{"not_picked":["Cleave","Second Wind"],"picked":"Flex","floor":1.0},{"not_picked":["Sentinel","Sword Boomerang"],"picked":"Wild Strike","floor":3.0},{"not_picked":["Infernal Blade","Metallicize"],"picked":"Thunderclap","floor":6.0},{"not_picked":["Ghostly Armor","Pommel Strike","Carnage"],"picked":"SKIP","floor":11.0},{"not_picked":["Seeing Red","Havoc"],"picked":"Evolve","floor":13.0},{"not_picked":["Disarm","Dropkick"],"picked":"Feed","floor":14.0},{"not_picked":["Barricade","Juggernaut"],"picked":"Offering","floor":16.0},{"not_picked":["True Grit","Cleave"],"picked":"Uppercut","floor":18.0},{"not_picked":["Anger","Burning Pact"],"picked":"Blood for Blood+1","floor":22.0},{"not_picked":["Whirlwind+1","Iron Wave+1"],"picked":"Disarm","floor":23},{"not_picked":["Anger","Body Slam"],"picked":"Feel No Pain","floor":25},{"not_picked":["Rampage+1","Havoc"],"picked":"Body Slam","floor":28},{"not_picked":["Warcry","Wild Strike","Rupture"],"picked":"Shockwave","floor":30},{"not_picked":["Body Slam","Warcry+1","Hemokinesis"],"picked":"Immolate","floor":31},{"not_picked":["Bludgeon","Barricade","Fiend Fire"],"picked":"Juggernaut","floor":33},{"not_picked":["Rampage","Headbutt+1","Heavy Blade+1"],"picked":"Bloodletting+1","floor":35},{"not_picked":["Heavy Blade","Body Slam","Sever Soul+1"],"picked":"Feel No Pain+1","floor":38},{"not_picked":["Flex+1","Twin Strike+1","Sever Soul"],"picked":"Feel No Pain","floor":39},{"not_picked":["Thunderclap","Perfected Strike","Shockwave"],"picked":"Armaments","floor":40},{"not_picked":["Shockwave","Headbutt+1","Infernal Blade"],"picked":"Twin Strike+1","floor":45},{"not_picked":["Anger+1","Searing Blow","Twin Strike+1"],"picked":"Combust+1","floor":46},{"not_picked":["Iron Wave+1","Sword Boomerang","Cleave"],"picked":"Blood for Blood+1","floor":47}],"player_experience":1048580,"relics_obtained":[{"floor":5.0,"key":"The Courier"},{"floor":6.0,"key":"Orichalcum"},{"floor":9.0,"key":"Meat on the Bone"},{"floor":11.0,"key":"Juzu Bracelet"},{"floor":12.0,"key":"Mercury Hourglass"},{"floor":13.0,"key":"Vajra"},{"floor":23,"key":"Bottled Lightning"},{"floor":26,"key":"Omamori"},{"floor":28,"key":"Incense Burner"},{"floor":28,"key":"Question Card"},{"floor":30,"key":"Bottled Flame"},{"floor":39,"key":"Charon\u0027s Ashes"},{"floor":40,"key":"Pantograph"},{"floor":43,"key":"Smiling Mask"},{"floor":45,"key":"Bottled Tornado"}],"event_choices":[{"damage_healed":0.0,"max_hp_gain":0.0,"max_hp_loss":0.0,"gold_gain":0.0,"event_name":"The Cleric","player_choice":"Leave","floor":2.0,"gold_loss":0.0,"damage_taken":0.0},{"damage_healed":0.0,"max_hp_gain":0.0,"max_hp_loss":0.0,"gold_gain":0.0,"event_name":"Living Wall","player_choice":"Grow","floor":4.0,"gold_loss":0.0,"damage_taken":0.0,"cards_upgraded":["Disarm"]},{"cards_removed":["Seeing Red"],"damage_healed":0.0,"max_hp_gain":0.0,"max_hp_loss":0.0,"gold_gain":0.0,"event_name":"Beggar","player_choice":"Gave Gold","floor":19.0,"gold_loss":75.0,"damage_taken":0.0},{"damage_healed":0.0,"max_hp_gain":0.0,"max_hp_loss":0.0,"gold_gain":0.0,"event_name":"The Mausoleum","player_choice":"Opened","floor":21.0,"gold_loss":0.0,"damage_taken":0.0,"relics_obtained":["Bag of Preparation"]},{"damage_healed":0,"gold_gain":0,"player_choice":"Shed Blood","damage_taken":22,"max_hp_gain":5,"max_hp_loss":0,"event_name":"Forgotten Altar","floor":27,"gold_loss":0},{"damage_healed":0,"gold_gain":0,"player_choice":"Fight","damage_taken":0,"max_hp_gain":0,"max_hp_loss":0,"event_name":"Colosseum","floor":28,"gold_loss":0},{"damage_healed":0,"gold_gain":0,"player_choice":"Fought Nobs","damage_taken":0,"max_hp_gain":0,"max_hp_loss":0,"event_name":"Colosseum","floor":28,"gold_loss":0},{"damage_healed":0,"gold_gain":0,"player_choice":"Bet on Murderer","damage_taken":0,"max_hp_gain":0,"max_hp_loss":0,"event_name":"The Joust","floor":29,"gold_loss":50},{"damage_healed":0,"gold_gain":0,"player_choice":"Upgraded","damage_taken":0,"max_hp_gain":0,"max_hp_loss":0,"event_name":"Upgrade Shrine","floor":36,"gold_loss":0,"cards_upgraded":["True Grit"]},{"damage_healed":0,"gold_gain":0,"player_choice":"Fight","damage_taken":0,"max_hp_gain":0,"max_hp_loss":0,"event_name":"MindBloom","floor":39,"gold_loss":0},{"damage_healed":0,"gold_gain":0,"player_choice":"Gave Potion","damage_taken":0,"relics_obtained":["Ancient Tea Set"],"max_hp_gain":0,"max_hp_loss":0,"event_name":"WeMeetAgain","floor":41,"gold_loss":0},{"damage_healed":25,"gold_gain":0,"player_choice":"Writhe","damage_taken":0,"max_hp_gain":0,"max_hp_loss":0,"event_name":"Winding Halls","floor":44,"gold_loss":0,"cards_obtained":["Writhe"]}],"is_beta":false,"boss_relics":[{"not_picked":["Runic Pyramid","White Beast Statue"],"picked":"Astrolabe"},{"not_picked":["Runic Cube","Coffee Dripper"],"picked":"Cursed Key"}],"items_purged_floors":[],"is_endless":false,"potions_floor_spawned":[1,13,14,16,18,28,28,30,31,38,45,47],"ascension_level":0}