{"path_per_floor":["M","$","M","?","$","R","?","E","T","M","$","M","R","E","R"],"character_chosen":"THE_SILENT","items_purchased":["Cloak And Dagger"],"gold_per_floor":[117,42,56,56,10,10,10,53,105,121,21,40,40,384,384,384],"floor_reached":16,"campfire_rested":1,"playtime":920,"item_purchase_floors":[5],"current_hp_per_floor":[60,60,60,60,60,60,60,50,57,57,57,57,57,36,57,27],"items_purged":["Strike_G","Defend_G"],"gold":384,"score":157,"play_id":"a974afeb-e156-4f51-893a-199dba12e168","local_time":"20180614133224","is_prod":false,"is_daily":false,"chose_seed":false,"is_ascension_mode":true,"campfire_upgraded":2,"win_rate":0,"timestamp":1528975944,"campfire_choices":[{"data":"Neutralize","floor":6,"key":"SMITH"},{"data":"Backstab","floor":13,"key":"SMITH"},{"floor":15,"key":"REST"}],"path_taken":["M","$","M","?","?","R","?","E","T","M","$","M","R","E","R","BOSS"],"build_version":"2018-06-07v3","seed_source_timestamp":2475321473787798,"purchased_purges":2,"victory":false,"master_deck":["Defend_G","Defend_G","Defend_G","Defend_G","Strike_G","Strike_G","Strike_G","Strike_G","Survivor","Neutralize+1","Dagger Throw","Backstab+1","Cloak And Dagger","Escape Plan","Well Laid Plans"],"max_hp_per_floor":[70,70,70,65,65,65,65,65,72,72,72,72,72,72,72,72],"relics":["Ring of the Snake","Golden Idol","Calipers","Strawberry","Old Coin"],"card_choices":[{"not_picked":["Acrobatics","Reflex"],"picked":"Dagger Throw","floor":0},{"not_picked":["Prepared","Dodge and Roll","Terror"],"picked":"SKIP","floor":1},{"not_picked":["Quick Slash","Catalyst"],"picked":"Backstab","floor":3},{"not_picked":["Poisoned Stab","Predator"],"picked":"Escape Plan","floor":8},{"not_picked":["Dodge and Roll","Quick Slash","Outmaneuver"],"picked":"SKIP","floor":10},{"not_picked":["Dagger Throw","PiercingWail"],"picked":"Well Laid Plans","floor":12},{"not_picked":["Underhanded Strike","Acrobatics","Dagger Spray"],"picked":"SKIP","floor":14}],"player_experience":321089,"potions_floor_usage":[16,16,16],"damage_taken":[{"damage":3,"enemies":"2 Louse","floor":1,"turns":4},{"damage":0,"enemies":"Cultist","floor":3,"turns":4},{"damage":10,"enemies":"3 Sentries","floor":8,"turns":11},{"damage":0,"enemies":"Jaw Worm","floor":10,"turns":4},{"damage":0,"enemies":"3 Louse","floor":12,"turns":3},{"damage":21,"enemies":"Gremlin Nob","floor":14,"turns":5},{"damage":45,"enemies":"Hexaghost","floor":16,"turns":10}],"relics_obtained":[{"floor":8,"key":"Calipers"},{"floor":9,"key":"Strawberry"},{"floor":14,"key":"Old Coin"}],"event_choices":[{"event_name":"Golden Idol","player_choice":"Lose Max HP","floor":4,"damage_taken":0},{"event_name":"Dead Adventurer","player_choice":"Searched \u00270\u0027 times","floor":7,"damage_taken":0}],"boss_relics":[],"items_purged_floors":[2,11],"potions_floor_spawned":[1,8,12,14],"seed_played":"2634895384776315249","killed_by":"Hexaghost","ascension_level":9,"potions_obtained":[{"floor":1,"key":"Energy Potion"},{"floor":8,"key":"Regen Potion"},{"floor":12,"key":"SkillPotion"},{"floor":14,"key":"PowerPotion"}],"is_trial":false}