{"path_per_floor":["M","?","$","?","M","R","T","R","T","M","E","M","M","M","R"],"character_chosen":"IRONCLAD","items_purchased":["True Grit"],"gold_per_floor":[114,114,13,88,102,102,183,183,183,200,234,250,266,283,283,283],"floor_reached":16,"campfire_rested":0,"playtime":873,"item_purchase_floors":[3],"current_hp_per_floor":[80,72,72,61,60,60,60,60,60,66,45,51,49,42,42,0],"items_purged":["Defend_R"],"gold":283,"score":128,"play_id":"31aa81d5-69af-4c57-90e7-6a952e17c122","local_time":"20180608122127","is_prod":false,"is_daily":false,"chose_seed":false,"is_ascension_mode":true,"campfire_upgraded":3,"win_rate":0,"timestamp":1528453287,"campfire_choices":[{"data":"True Grit","floor":6,"key":"SMITH"},{"data":"Strike_R","floor":8,"key":"SMITH"},{"data":"Burning Pact","floor":15,"key":"SMITH"}],"path_taken":["M","?","$","?","M","R","?","R","T","M","E","M","?","M","R","BOSS"],"build_version":"2018-06-07","seed_source_timestamp":1952714916647458,"purchased_purges":1,"victory":false,"master_deck":["Strike_R","Strike_R","Strike_R","Strike_R","Strike_R+1","Defend_R","Defend_R","Defend_R","Bash","Sentinel","True Grit+1","Rage","Inflame","Thunderclap","Burning Pact+1"],"max_hp_per_floor":[80,80,80,80,80,80,80,80,80,80,80,80,80,80,80,80],"relics":["Burning Blood","Kunai","Bottled Flame","Blood Vial"],"card_choices":[{"not_picked":["Heavy Blade","Flex"],"picked":"Sentinel","floor":1},{"not_picked":["Clothesline","Iron Wave","Searing Blow"],"picked":"SKIP","floor":5},{"not_picked":["Havoc","Corruption"],"picked":"Rage","floor":10},{"not_picked":["Iron Wave","Disarm","Twin Strike"],"picked":"SKIP","floor":11},{"not_picked":["Shrug It Off","Berserk"],"picked":"Inflame","floor":12},{"not_picked":["Perfected Strike","Ghostly Armor"],"picked":"Thunderclap","floor":13},{"not_picked":["Flame Barrier","True Grit"],"picked":"Burning Pact","floor":14}],"player_experience":255833,"potions_floor_usage":[12,16],"damage_taken":[{"damage":5,"enemies":"2 Louse","floor":1,"turns":3},{"damage":7,"enemies":"Cultist","floor":5,"turns":5},{"damage":0,"enemies":"Small Slimes","floor":10,"turns":2},{"damage":27,"enemies":"3 Sentries","floor":11,"turns":9},{"damage":2,"enemies":"3 Louse","floor":12,"turns":3},{"damage":10,"enemies":"Exordium Thugs","floor":13,"turns":4},{"damage":15,"enemies":"Large Slime","floor":14,"turns":4},{"damage":44,"enemies":"Hexaghost","floor":16,"turns":9}],"relics_obtained":[{"floor":7,"key":"Kunai"},{"floor":9,"key":"Bottled Flame"},{"floor":11,"key":"Blood Vial"}],"event_choices":[{"event_name":"Wheel of Change","player_choice":"Damage","floor":2,"damage_taken":0},{"event_name":"World of Goop","player_choice":"Gather Gold","floor":4,"damage_taken":0}],"boss_relics":[],"items_purged_floors":[3],"potions_floor_spawned":[5,10,12],"seed_played":"7776018184705588986","killed_by":"Hexaghost","ascension_level":5,"potions_obtained":[{"floor":5,"key":"Ancient Potion"},{"floor":10,"key":"Fire Potion"},{"floor":12,"key":"LiquidBronze"}],"is_trial":false}