{"gold_per_floor":[110,110,131,146,165,165,204,204,204,129,144,158,158,333,333,458,458,482,482,191,204,224,224,224],"floor_reached":24,"playtime":987,"items_purged":["Defend_B","Doubt"],"score":238,"play_id":"b3e9e61d-4e01-4862-a70e-236998fe3472","local_time":"20190111203452","is_ascension_mode":true,"campfire_choices":[{"floor":6,"key":"RECALL"},{"floor":15,"key":"REST"},{"data":"Zap","floor":23,"key":"SMITH"}],"neow_cost":"NONE","seed_source_timestamp":241499656067846,"circlet_count":0,"master_deck":["Strike_B+1","Strike_B","Defend_B","Defend_B","Defend_B","Zap+1","Dualcast","Leap","Conserve Battery","Sweeping Beam+1","Defragment","Loop","Doom and Gloom","Multi-Cast","Reprogram","Creative AI","Cold Snap","FTL","Coolheaded","Fusion+1"],"relics":["Cracked Core","Golden Idol","Pen Nib","Whetstone","Inserter","Membership Card"],"potions_floor_usage":[11,16,21,22],"damage_taken":[{"damage":0,"enemies":"Small Slimes","floor":1,"turns":2},{"damage":0,"enemies":"Cultist","floor":3,"turns":3},{"damage":0,"enemies":"2 Louse","floor":4,"turns":2},{"damage":1,"enemies":"2 Fungi Beasts","floor":5,"turns":4},{"damage":50,"enemies":"Lagavulin","floor":7,"turns":6},{"damage":1,"enemies":"Exordium Wildlife","floor":11,"turns":3},{"damage":0,"enemies":"Large Slime","floor":12,"turns":5},{"damage":2,"enemies":"Slime Boss","floor":16,"turns":5},{"damage":23,"enemies":"3 Byrds","floor":18,"turns":4},{"damage":17,"enemies":"Chosen","floor":21,"turns":4},{"damage":15,"enemies":"Centurion and Healer","floor":22,"turns":7},{"damage":29,"enemies":"Sentry and Sphere","floor":24,"turns":4}],"seed_played":"-2484284879755009206","potions_obtained":[{"floor":4,"key":"Ancient Potion"},{"floor":7,"key":"Regen Potion"},{"floor":12,"key":"AttackPotion"},{"floor":18,"key":"SkillPotion"},{"floor":21,"key":"Dexterity Potion"}],"is_trial":false,"path_per_floor":["M","?","M","M","M","R","E","?","T","$","M","M","?","?","R","B",null,"M","?","$","M","M","R","M"],"character_chosen":"DEFECT","items_purchased":["Membership Card"],"campfire_rested":1,"item_purchase_floors":[20],"current_hp_per_floor":[82,62,62,62,61,61,11,11,11,11,19,19,19,19,43,41,82,59,59,59,42,27,27,0],"gold":224,"neow_bonus":"TEN_PERCENT_HP_BONUS","is_prod":false,"is_daily":false,"chose_seed":false,"campfire_upgraded":1,"win_rate":0,"timestamp":1547256892,"path_taken":["M","?","M","M","M","R","E","?","T","$","M","?","?","?","R","BOSS","M","?","$","M","M","R","M"],"build_version":"2019-01-10","purchased_purges":2,"victory":false,"max_hp_per_floor":[82,82,82,82,82,82,82,82,82,82,82,82,82,82,82,82,82,82,82,82,82,82,82,82],"card_choices":[{"not_picked":["Streamline","Rip and Tear"],"picked":"Leap","floor":1},{"not_picked":["Compile Driver","Redo"],"picked":"Conserve Battery","floor":3},{"not_picked":["Leap","Skim","Barrage"],"picked":"SKIP","floor":4},{"not_picked":["Compile Driver","Leap"],"picked":"Sweeping Beam","floor":5},{"not_picked":["Rebound","Steam Power"],"picked":"Defragment","floor":7},{"not_picked":["Recycle","Ball Lightning"],"picked":"Doom and Gloom","floor":11},{"not_picked":["Rip and Tear","Cold Snap"],"picked":"Multi-Cast","floor":12},{"not_picked":["Biased Cognition","Amplify"],"picked":"Creative AI","floor":16},{"not_picked":["Capacitor","Hologram"],"picked":"Cold Snap","floor":18},{"not_picked":["Blizzard","Streamline"],"picked":"Coolheaded","floor":21},{"not_picked":["Coolheaded","Genetic Algorithm+1"],"picked":"Fusion+1","floor":22}],"player_experience":303760,"relics_obtained":[{"floor":7,"key":"Pen Nib"},{"floor":9,"key":"Whetstone"}],"event_choices":[{"damage_healed":0,"gold_gain":0,"player_choice":"Take Damage","damage_taken":20,"relics_obtained":["Golden Idol"],"max_hp_gain":0,"max_hp_loss":0,"event_name":"Golden Idol","floor":2,"gold_loss":0},{"damage_healed":0,"gold_gain":0,"cards_transformed":["Strike_B"],"player_choice":"Transformed","damage_taken":0,"max_hp_gain":0,"max_hp_loss":0,"event_name":"Transmorgrifier","floor":8,"gold_loss":0,"cards_obtained":["Loop"]},{"damage_healed":0,"gold_gain":0,"cards_transformed":["Strike_B"],"player_choice":"Change","damage_taken":0,"max_hp_gain":0,"max_hp_loss":0,"event_name":"Living Wall","floor":13,"gold_loss":0,"cards_obtained":["Reprogram"]},{"damage_healed":0,"gold_gain":175,"player_choice":"AGREE","damage_taken":0,"max_hp_gain":0,"max_hp_loss":0,"event_name":"Liars Game","floor":14,"gold_loss":0,"cards_obtained":["Doubt"]},{"damage_healed":0,"gold_gain":0,"player_choice":"Read","damage_taken":0,"max_hp_gain":0,"max_hp_loss":0,"event_name":"The Library","floor":19,"gold_loss":0,"cards_obtained":["FTL"]}],"is_beta":false,"boss_relics":[{"not_picked":["Velvet Choker","Lizard Tail"],"picked":"Inserter"}],"items_purged_floors":[10,20],"is_endless":false,"potions_floor_spawned":[4,7,12,18,21],"killed_by":"Sentry and Sphere","ascension_level":4}