{"gold_per_floor":[117,117,42,56,66,66,66,96,120,120,120,20,35,35,35,140,140,158,33,28,28,28,28],"floor_reached":23,"playtime":1251,"items_purged":["Strike_B","Defend_B","Decay"],"score":243,"play_id":"d866c580-b253-44d4-8954-6ac7c214d862","local_time":"20181027222305","is_ascension_mode":true,"campfire_choices":[{"data":"Zap","floor":6,"key":"SMITH"},{"data":"Dualcast","floor":11,"key":"SMITH"},{"data":"Chill","floor":15,"key":"SMITH"}],"neow_cost":"NONE","seed_source_timestamp":141933257735993,"circlet_count":0,"master_deck":["Strike_B","Defend_B","Defend_B","Defend_B","Zap+1","Dualcast+1","Glacier","Cold Snap","Hologram","Chill+1","Self Repair","Seek","Blizzard"],"relics":["Cracked Core","Vajra","Bag of Preparation","Shuriken","Busted Crown"],"potions_floor_usage":[16,23],"damage_taken":[{"damage":4,"enemies":"Small Slimes","floor":1,"turns":3},{"damage":0,"enemies":"2 Louse","floor":4,"turns":3},{"damage":1,"enemies":"Jaw Worm","floor":5,"turns":3},{"damage":17,"enemies":"Lagavulin","floor":8,"turns":8},{"damage":8,"enemies":"Gremlin Gang","floor":13,"turns":5},{"damage":24,"enemies":"The Guardian","floor":16,"turns":17},{"damage":8,"enemies":"Chosen","floor":18,"turns":8},{"damage":5,"enemies":"2 Thieves","floor":20,"turns":4},{"damage":64,"enemies":"Book of Stabbing","floor":23,"turns":7}],"seed_played":"-6586681154806427902","potions_obtained":[{"floor":1,"key":"FearPotion"},{"floor":4,"key":"Swift Potion"},{"floor":8,"key":"Regen Potion"},{"floor":16,"key":"Fire Potion"}],"is_trial":false,"path_per_floor":["M","?","$","M","M","R","$","E","T","T","R","$","M","?","R","B",null,"M","$","M","?","?"],"character_chosen":"DEFECT","items_purchased":[],"campfire_rested":0,"item_purchase_floors":[],"current_hp_per_floor":[64,57,57,57,56,56,56,39,39,39,39,39,31,31,31,14,60,59,59,61,47,47,0],"gold":28,"neow_bonus":"REMOVE_CARD","is_prod":false,"is_daily":false,"chose_seed":false,"campfire_upgraded":3,"win_rate":0,"timestamp":1540693385,"path_taken":["M","?","$","?","M","R","$","E","T","?","R","?","M","?","R","BOSS","M","$","M","?","?","E"],"build_version":"2018-10-25v2","purchased_purges":3,"victory":false,"max_hp_per_floor":[75,75,75,75,75,75,75,75,75,75,75,75,75,75,75,75,75,75,75,75,80,80,80],"card_choices":[{"not_picked":["Conserve Battery","Darkness"],"picked":"Glacier","floor":1},{"not_picked":["Steam","Recycle"],"picked":"Cold Snap","floor":4},{"not_picked":["Rebound","Cold Snap"],"picked":"Hologram","floor":5},{"not_picked":["Meteor Strike","Compile Driver"],"picked":"Chill","floor":8},{"not_picked":["Sweeping Beam","Undo"],"picked":"Self Repair","floor":13},{"not_picked":["All For One","Rainbow"],"picked":"Seek","floor":16},{"not_picked":["Doom and Gloom"],"picked":"SKIP","floor":18},{"not_picked":["Stack"],"picked":"SKIP","floor":20}],"player_experience":1489040,"relics_obtained":[{"floor":8,"key":"Vajra"},{"floor":9,"key":"Bag of Preparation"},{"floor":10,"key":"Shuriken"}],"event_choices":[{"cards_removed":["Strike_B"],"damage_healed":0,"gold_gain":0,"player_choice":"Card Removal","damage_taken":7,"max_hp_gain":0,"max_hp_loss":0,"event_name":"Golden Wing","floor":2,"gold_loss":0},{"damage_healed":0,"gold_gain":0,"player_choice":"Cursed","damage_taken":0,"max_hp_gain":0,"max_hp_loss":0,"event_name":"Wheel of Change","floor":14,"gold_loss":0,"cards_obtained":["Decay"]},{"damage_healed":0,"gold_gain":0,"player_choice":"Shed Blood","damage_taken":19,"max_hp_gain":5,"max_hp_loss":0,"event_name":"Forgotten Altar","floor":21,"gold_loss":0},{"damage_healed":0,"gold_gain":0,"player_choice":"Read","damage_taken":0,"max_hp_gain":0,"max_hp_loss":0,"event_name":"The Library","floor":22,"gold_loss":0,"cards_obtained":["Blizzard"]}],"is_beta":false,"boss_relics":[{"not_picked":["Pandora\u0027s Box","Coffee Dripper"],"picked":"Busted Crown"}],"items_purged_floors":[3,12,19],"is_endless":false,"potions_floor_spawned":[1,4,8,16],"killed_by":"Book of Stabbing","ascension_level":6}