{"gold_per_floor":[11,85,98,116,65,90,90,122,175,175,175],"floor_reached":11,"playtime":927,"items_purged":[],"score":85,"play_id":"72c3293c-350a-438d-951d-4b15176d7ce3","local_time":"20181226235848","is_ascension_mode":true,"campfire_choices":[],"neow_cost":"NO_GOLD","seed_source_timestamp":51693638896391,"circlet_count":0,"master_deck":["Defend_G","Defend_G","Defend_G","Defend_G","Defend_G","Strike_G","Strike_G","Strike_G","Survivor","Neutralize","Tools of the Trade","Dash","Tactician","All Out Attack","Backstab","Dodge and Roll","Cloak And Dagger","Tactician"],"relics":["Ring of the Snake","Bottled Tornado","Regal Pillow","Bag of Marbles","Molten Egg 2"],"potions_floor_usage":[6],"damage_taken":[{"damage":0,"enemies":"Small Slimes","floor":1,"turns":3},{"damage":0,"enemies":"Jaw Worm","floor":3,"turns":5},{"damage":0,"enemies":"2 Louse","floor":4,"turns":2},{"damage":54,"enemies":"Lagavulin","floor":6,"turns":13},{"damage":15,"enemies":"Gremlin Nob","floor":8,"turns":6},{"damage":1,"enemies":"Exordium Wildlife","floor":11,"turns":1}],"seed_played":"-6897412170903597588","potions_obtained":[{"floor":1,"key":"GhostInAJar"}],"is_trial":false,"path_per_floor":["M","?","M","M","$","E","$","E","T","T","M"],"character_chosen":"THE_SILENT","items_purchased":["Dodge and Roll"],"campfire_rested":0,"item_purchase_floors":[5],"current_hp_per_floor":[70,70,70,70,70,16,16,1,1,1,0],"gold":175,"neow_bonus":"TRANSFORM_TWO_CARDS","is_prod":false,"is_daily":false,"chose_seed":false,"campfire_upgraded":0,"win_rate":0,"timestamp":1545890328,"path_taken":["M","?","M","M","$","E","$","E","T","?","M"],"build_version":"2018-12-20","purchased_purges":0,"victory":false,"max_hp_per_floor":[70,70,70,70,70,70,70,70,70,70,70],"card_choices":[{"not_picked":["Bane","Slice"],"picked":"Tactician","floor":1},{"not_picked":["Bane","Dagger Throw"],"picked":"All Out Attack","floor":3},{"not_picked":["Blade Dance","Bane"],"picked":"Backstab","floor":4},{"not_picked":["Prepared","Calculated Gamble"],"picked":"Cloak And Dagger","floor":6},{"not_picked":["PiercingWail","Sucker Punch"],"picked":"Tactician","floor":8}],"player_experience":335754,"relics_obtained":[{"floor":6,"key":"Bottled Tornado"},{"floor":8,"key":"Regal Pillow"},{"floor":9,"key":"Bag of Marbles"},{"floor":10,"key":"Molten Egg 2"}],"event_choices":[{"damage_healed":0,"gold_gain":74,"player_choice":"Gained Gold","damage_taken":0,"max_hp_gain":0,"max_hp_loss":0,"event_name":"Golden Wing","floor":2,"gold_loss":0}],"is_beta":false,"boss_relics":[],"items_purged_floors":[],"is_endless":false,"potions_floor_spawned":[1],"killed_by":"Exordium Wildlife","ascension_level":1}