{"gold_per_floor":[118,118,128,53,66,92,92,111,137,37,37,37,55,70,70,175,175,188,200,200,75,86,86,112,112,112,129,44,44,44,59,59,162,162,178,197,216,140,140,140,166,166,166,166,177,277,47,77,77,77],"floor_reached":50,"playtime":2490,"items_purged":["Strike_B","Strike_B","Strike_B","Cold Snap"],"score":734,"play_id":"6573cc37-371d-45e7-b2a1-a777a1b64cb0","local_time":"20190521112158","is_ascension_mode":true,"campfire_choices":[{"data":"Zap","floor":7,"key":"SMITH"},{"data":"Defragment","floor":11,"key":"SMITH"},{"data":"Loop","floor":15,"key":"SMITH"},{"data":"Darkness","floor":23,"key":"SMITH"},{"data":"Coolheaded","floor":29,"key":"SMITH"},{"data":"Dualcast","floor":32,"key":"SMITH"},{"data":"Zap","floor":40,"key":"SMITH"},{"data":"Multi-Cast","floor":42,"key":"SMITH"},{"data":"Hologram","floor":44,"key":"SMITH"},{"floor":49,"key":"DIG"}],"neow_cost":"NONE","seed_source_timestamp":58788543738200,"circlet_count":0,"master_deck":["Defend_B","Defend_B","Defend_B","Defend_B","Zap+1","Dualcast+1","Doom and Gloom","Doom and Gloom","Coolheaded+1","Defragment+1","Cold Snap","Loop+1","Multi-Cast+1","Zap+1","Flash of Steel","Darkness+1","Hologram+1","Ghostly","Ghostly","Ghostly","Ghostly","Ghostly","Compile Driver+1","Darkness+1","Fission+1","Glacier","Hologram","Loop"],"relics":["Cracked Core","NeowsBlessing","Orichalcum","Oddly Smooth Stone","Sozu","Bag of Preparation","Ancient Tea Set","Mercury Hourglass","Busted Crown","Boot","Anchor","Shovel","Cables","Nunchaku"],"potions_floor_usage":[6,50],"damage_taken":[{"damage":0,"enemies":"Jaw Worm","floor":1,"turns":1},{"damage":0,"enemies":"Cultist","floor":3,"turns":1},{"damage":0,"enemies":"2 Louse","floor":5,"turns":1},{"damage":6,"enemies":"Gremlin Nob","floor":6,"turns":4},{"damage":5,"enemies":"Looter","floor":8,"turns":4},{"damage":15,"enemies":"Exordium Thugs","floor":13,"turns":3},{"damage":8,"enemies":"Large Slime","floor":14,"turns":4},{"damage":9,"enemies":"Hexaghost","floor":16,"turns":9},{"damage":15,"enemies":"Shell Parasite","floor":18,"turns":6},{"damage":4,"enemies":"Chosen","floor":19,"turns":3},{"damage":12,"enemies":"Snake Plant","floor":22,"turns":4},{"damage":12,"enemies":"Gremlin Leader","floor":24,"turns":5},{"damage":0,"enemies":"Shelled Parasite and Fungi","floor":27,"turns":5},{"damage":0,"enemies":"Chosen and Byrds","floor":31,"turns":3},{"damage":20,"enemies":"Automaton","floor":33,"turns":8},{"damage":0,"enemies":"3 Shapes","floor":35,"turns":3},{"damage":0,"enemies":"Orb Walker","floor":36,"turns":4},{"damage":0,"enemies":"Maw","floor":37,"turns":5},{"damage":1,"enemies":"Giant Head","floor":41,"turns":7},{"damage":1,"enemies":"4 Shapes","floor":45,"turns":2},{"damage":0,"enemies":"Mind Bloom Boss Battle","floor":46,"turns":6},{"damage":0,"enemies":"Reptomancer","floor":48,"turns":6},{"damage":28,"enemies":"Donu and Deca","floor":50,"turns":6}],"seed_played":"-4717186328105305998","potions_obtained":[{"floor":1,"key":"Block Potion"},{"floor":6,"key":"Ancient Potion"},{"floor":14,"key":"FairyPotion"}],"is_trial":false,"path_per_floor":["M","?","M","$","M","E","R","M","T","$","R","$","M","M","R","B",null,"M","M","?","$","M","R","E","?","T","M","?","R","$","M","R","B",null,"M","M","M","$","?","R","E","R","T","R","M","?","$","E","R","B"],"character_chosen":"DEFECT","items_purchased":["Glacier","Loop"],"campfire_rested":0,"item_purchase_floors":[38,47],"current_hp_per_floor":[68,68,68,68,68,62,62,57,57,57,57,57,42,34,34,25,63,48,44,44,44,32,32,20,20,20,20,20,20,20,20,20,3,29,29,29,29,29,29,29,28,28,28,28,27,27,27,27,27,0],"gold":77,"neow_bonus":"THREE_ENEMY_KILL","is_prod":false,"is_daily":false,"chose_seed":false,"campfire_upgraded":9,"win_rate":0,"timestamp":1558455718,"path_taken":["M","?","M","$","M","E","R","?","T","?","R","$","M","?","R","BOSS","M","M","?","?","?","R","E","?","T","M","?","R","$","?","R","BOSS","M","M","M","$","?","R","E","R","T","R","?","?","$","E","R","BOSS"],"build_version":"2019-01-23","purchased_purges":4,"victory":false,"max_hp_per_floor":[75,75,75,75,75,75,75,75,75,75,75,75,75,75,75,75,75,75,75,75,75,75,75,75,37,37,37,37,37,37,37,37,37,37,37,37,37,37,37,37,37,37,37,37,37,37,37,37,37,37],"card_choices":[{"not_picked":["Compile Driver","Turbo"],"picked":"Doom and Gloom","floor":1},{"not_picked":["Conserve Battery","Ball Lightning"],"picked":"Doom and Gloom","floor":3},{"not_picked":["Sweeping Beam","Barrage"],"picked":"Coolheaded","floor":5},{"not_picked":["Ball Lightning","Doom and Gloom"],"picked":"Defragment","floor":6},{"not_picked":["Barrage","Sweeping Beam","Gash"],"picked":"SKIP","floor":8},{"not_picked":["Buffer","Hologram"],"picked":"Cold Snap","floor":13},{"not_picked":["Lockon","Doom and Gloom"],"picked":"Loop","floor":14},{"not_picked":["Biased Cognition","Thunder Strike"],"picked":"Multi-Cast","floor":16},{"not_picked":["Stack+1","Heatsinks"],"picked":"Cold Snap","floor":18},{"not_picked":["Chaos","Barrage","Turbo+1"],"picked":"SKIP","floor":19},{"not_picked":["Sweeping Beam","Steam Power"],"picked":"Darkness","floor":22},{"not_picked":["Recycle","Self Repair"],"picked":"Hologram","floor":24},{"not_picked":["Beam Cell","Sweeping Beam"],"picked":"Compile Driver+1","floor":27},{"not_picked":["Double Energy","Electrodynamics"],"picked":"Darkness+1","floor":31},{"not_picked":["Meteor Strike","Core Surge"],"picked":"Fission","floor":33},{"not_picked":["Rebound"],"picked":"SKIP","floor":35},{"not_picked":["Sweeping Beam+1"],"picked":"SKIP","floor":36},{"not_picked":["Steam"],"picked":"SKIP","floor":37},{"not_picked":["Double Energy"],"picked":"SKIP","floor":41},{"not_picked":[],"picked":"Hologram","floor":45},{"not_picked":["Lockon+1"],"picked":"SKIP","floor":48}],"player_experience":711431,"relics_obtained":[{"floor":6,"key":"Orichalcum"},{"floor":9,"key":"Oddly Smooth Stone"},{"floor":24,"key":"Bag of Preparation"},{"floor":26,"key":"Ancient Tea Set"},{"floor":41,"key":"Boot"},{"floor":43,"key":"Anchor"},{"floor":46,"key":"Shovel"},{"floor":48,"key":"Cables"},{"floor":49,"key":"Nunchaku"}],"event_choices":[{"cards_removed":["Strike_B"],"damage_healed":0,"gold_gain":0,"player_choice":"Offered Basic","damage_taken":0,"max_hp_gain":0,"max_hp_loss":0,"event_name":"Bonfire Elementals","floor":2,"gold_loss":0},{"damage_healed":0,"gold_gain":0,"player_choice":"2 cards matched","damage_taken":0,"max_hp_gain":0,"max_hp_loss":0,"event_name":"Match and Keep!","floor":20,"gold_loss":0,"cards_obtained":["Zap","Flash of Steel"]},{"damage_healed":0,"gold_gain":0,"player_choice":"Became a Ghost","damage_taken":0,"max_hp_gain":0,"max_hp_loss":38,"event_name":"Ghosts","floor":25,"gold_loss":0,"cards_obtained":["Ghostly","Ghostly","Ghostly","Ghostly","Ghostly"]},{"damage_healed":0,"gold_gain":0,"player_choice":"Obtained Relic","damage_taken":0,"relics_obtained":["Mercury Hourglass"],"max_hp_gain":0,"max_hp_loss":0,"event_name":"Addict","floor":28,"gold_loss":85},{"damage_healed":0,"gold_gain":0,"player_choice":"Upgraded","damage_taken":0,"max_hp_gain":0,"max_hp_loss":0,"event_name":"Upgrade Shrine","floor":39,"gold_loss":0,"cards_upgraded":["Fission"]},{"damage_healed":0,"gold_gain":0,"player_choice":"Fight","damage_taken":0,"max_hp_gain":0,"max_hp_loss":0,"event_name":"MindBloom","floor":46,"gold_loss":0}],"is_beta":false,"boss_relics":[{"not_picked":["Pandora\u0027s Box","Nuclear Battery"],"picked":"Sozu"},{"not_picked":["Calling Bell","White Beast Statue"],"picked":"Busted Crown"}],"items_purged_floors":[4,10,21,47],"is_endless":false,"potions_floor_spawned":[1,6,14,19,22,35,37,41,46],"killed_by":"Donu and Deca","ascension_level":6}