{"gold_per_floor":[16,32,48,48,61,105,105,16,16,16,31,65,65,86,86,209,209,228,242,242,242,164,164,164],"floor_reached":24,"playtime":3623,"items_purged":[],"score":206,"play_id":"43108457-674d-4b2d-8255-216ba731363b","local_time":"20181120153228","is_ascension_mode":false,"campfire_choices":[{"data":"True Grit","floor":7,"key":"SMITH"},{"floor":13,"key":"REST"},{"data":"True Grit","floor":15,"key":"SMITH"},{"floor":23,"key":"REST"}],"neow_cost":"NO_GOLD","seed_source_timestamp":1664229566868470,"circlet_count":0,"master_deck":["Strike_R+1","Strike_R+1","Strike_R+1","Strike_R+1","Defend_R+1","Defend_R+1","Defend_R+1","Bash","Thunderclap","Anger","True Grit+1","Rupture","Pommel Strike","Inflame","Twin Strike","True Grit+1","Offering","Ghostly Armor","Brutality","Shrug It Off+1","Armaments+1","Rage"],"relics":["Burning Blood","Golden Idol","Shuriken","Pantograph","Omamori","Philosopher\u0027s Stone","Nilry\u0027s Codex"],"potions_floor_usage":[6,12,16],"damage_taken":[{"damage":9,"enemies":"2 Louse","floor":1,"turns":3},{"damage":1,"enemies":"Cultist","floor":2,"turns":4},{"damage":11,"enemies":"Jaw Worm","floor":3,"turns":3},{"damage":0,"enemies":"Large Slime","floor":5,"turns":5},{"damage":44,"enemies":"Lagavulin","floor":6,"turns":6},{"damage":12,"enemies":"Blue Slaver","floor":11,"turns":4},{"damage":14,"enemies":"Gremlin Nob","floor":12,"turns":3},{"damage":13,"enemies":"2 Fungi Beasts","floor":14,"turns":3},{"damage":28,"enemies":"Hexaghost","floor":16,"turns":10},{"damage":39,"enemies":"2 Thieves","floor":18,"turns":4},{"damage":16,"enemies":"Spheric Guardian","floor":19,"turns":4},{"damage":56,"enemies":"Slavers","floor":24,"turns":4}],"seed_played":"-7866087796159326436","potions_obtained":[{"floor":2,"key":"Poison Potion"},{"floor":5,"key":"SkillPotion"},{"floor":12,"key":"PowerPotion"},{"floor":16,"key":"LiquidBronze"},{"floor":19,"key":"Energy Potion"}],"is_trial":false,"path_per_floor":["M","M","M","?","M","E","R","$","T","?","M","E","R","M","R","B",null,"M","M","?","?","$","R","E"],"character_chosen":"IRONCLAD","items_purchased":["Inflame","Twin Strike","Rage"],"campfire_rested":2,"item_purchase_floors":[8,8,22],"current_hp_per_floor":[77,80,75,55,61,23,23,23,23,23,17,9,33,26,26,29,80,47,37,21,21,21,45,0],"gold":164,"neow_bonus":"REMOVE_TWO","is_prod":false,"is_daily":false,"chose_seed":false,"campfire_upgraded":2,"win_rate":0,"timestamp":1542756748,"path_taken":["M","M","M","?","M","E","R","$","T","?","?","E","R","M","R","BOSS","M","M","?","?","$","R","E"],"build_version":"2018-11-15","purchased_purges":0,"victory":false,"max_hp_per_floor":[80,80,80,80,80,80,80,80,80,80,80,80,80,80,80,80,80,80,80,80,80,80,80,80],"card_choices":[{"not_picked":["Wild Strike","Havoc"],"picked":"Thunderclap","floor":1},{"not_picked":["Sword Boomerang","Headbutt"],"picked":"Anger","floor":2},{"not_picked":["Clash","Sword Boomerang"],"picked":"True Grit","floor":3},{"not_picked":["Entrench","Sword Boomerang"],"picked":"Rupture","floor":5},{"not_picked":["Sever Soul","Thunderclap"],"picked":"Pommel Strike","floor":6},{"not_picked":["Wild Strike","Flex"],"picked":"True Grit","floor":11},{"not_picked":["True Grit","Pummel"],"picked":"Offering","floor":12},{"not_picked":["Perfected Strike","Clothesline"],"picked":"Ghostly Armor","floor":14},{"not_picked":["Barricade","Double Tap"],"picked":"Brutality","floor":16},{"not_picked":["Perfected Strike","Shockwave"],"picked":"Shrug It Off+1","floor":18},{"not_picked":["Clothesline+1","Anger"],"picked":"Armaments+1","floor":19}],"player_experience":573114,"relics_obtained":[{"floor":6,"key":"Shuriken"},{"floor":9,"key":"Pantograph"},{"floor":12,"key":"Omamori"},{"floor":20,"key":"Nilry\u0027s Codex"}],"event_choices":[{"damage_healed":0,"gold_gain":0,"player_choice":"Take Damage","damage_taken":20,"relics_obtained":["Golden Idol"],"max_hp_gain":0,"max_hp_loss":0,"event_name":"Golden Idol","floor":4,"gold_loss":0},{"damage_healed":0,"gold_gain":0,"player_choice":"0 cards matched","damage_taken":0,"max_hp_gain":0,"max_hp_loss":0,"event_name":"Match and Keep!","floor":10,"gold_loss":0,"cards_obtained":[]},{"damage_healed":0,"gold_gain":0,"player_choice":"Obtained Book","damage_taken":16,"max_hp_gain":0,"max_hp_loss":0,"event_name":"Cursed Tome","floor":20,"gold_loss":0},{"damage_healed":0,"gold_gain":0,"player_choice":"Simplicity","damage_taken":0,"max_hp_gain":0,"max_hp_loss":0,"event_name":"Back to Basics","floor":21,"gold_loss":0,"cards_upgraded":["Strike_R","Strike_R","Strike_R","Strike_R","Defend_R","Defend_R","Defend_R"]}],"is_beta":false,"boss_relics":[{"not_picked":["Astrolabe","Cursed Key"],"picked":"Philosopher\u0027s Stone"}],"items_purged_floors":[],"is_endless":false,"potions_floor_spawned":[2,5,12,16,19],"killed_by":"Slavers","ascension_level":0}