{"gold_per_floor":[364,222,239,239,249,249,274,274,297,327,339,339,206,230,230,307,307,320,320,155,169,169,169,101,135,135,152,152,162,173,193,193,271,271,291,291,301,311,323,323,323,323,350,369,369,388,388,388,388,388],"floor_reached":50,"playtime":52700,"items_purged":["Normality","Strike_B","Strike_B"],"score":802,"play_id":"9c0f7979-13f8-4b7b-b7af-4af5f16fba9c","local_time":"20190412233744","is_ascension_mode":true,"campfire_choices":[{"data":"Defragment","floor":6.0,"key":"SMITH"},{"floor":8.0,"key":"REST"},{"floor":12.0,"key":"REST"},{"floor":15.0,"key":"REST"},{"floor":23.0,"key":"REST"},{"floor":28.0,"key":"REST"},{"floor":32.0,"key":"REST"},{"floor":40.0,"key":"REST"},{"data":"Thunder Strike","floor":42.0,"key":"SMITH"},{"floor":45.0,"key":"REST"},{"floor":49.0,"key":"REST"}],"neow_cost":"CURSE","seed_source_timestamp":0,"circlet_count":0,"master_deck":["AscendersBane","Strike_B+1","Defend_B","Defend_B","Defend_B","Zap","Dualcast","Static Discharge","Ball Lightning+1","Defragment+1","Hologram","Auto Shields","BootSequence","Static Discharge+1","Creative AI+1","Electrodynamics+1","Recycle","Thunder Strike+1","Storm+1","Hologram","Defragment+1","Defragment+1","Glacier","Storm+1","Ball Lightning","White Noise","Core Surge","Biased Cognition+1","Chill","Static Discharge+1","Purity","Swift Strike","Hologram+1","Double Energy"],"special_seed":0,"relics":["FrozenCore","Anchor","Whetstone","Frozen Egg 2","Odd Mushroom","Dream Catcher","Bottled Lightning","Busted Crown","Pen Nib","Ancient Tea Set"],"potions_floor_usage":[],"damage_taken":[{"damage":5.0,"enemies":"Small Slimes","floor":1.0,"turns":3.0},{"damage":3.0,"enemies":"2 Louse","floor":3.0,"turns":3.0},{"damage":1.0,"enemies":"Cultist","floor":5.0,"turns":3.0},{"damage":35.0,"enemies":"3 Sentries","floor":7.0,"turns":5.0},{"damage":38.0,"enemies":"Gremlin Nob","floor":10.0,"turns":4.0},{"damage":3.0,"enemies":"Blue Slaver","floor":11.0,"turns":2.0},{"damage":13.0,"enemies":"The Mushroom Lair","floor":14.0,"turns":3.0},{"damage":31.0,"enemies":"The Guardian","floor":16.0,"turns":9.0},{"damage":11.0,"enemies":"Shell Parasite","floor":18.0,"turns":5.0},{"damage":8.0,"enemies":"2 Thieves","floor":21.0,"turns":3.0},{"damage":25.0,"enemies":"Gremlin Leader","floor":25.0,"turns":4.0},{"damage":9.0,"enemies":"Centurion and Healer","floor":27.0,"turns":3.0},{"damage":0.0,"enemies":"Chosen and Byrds","floor":29.0,"turns":3.0},{"damage":0.0,"enemies":"Shelled Parasite and Fungi","floor":30.0,"turns":4.0},{"damage":9.0,"enemies":"Centurion and Healer","floor":31.0,"turns":4.0},{"damage":28.0,"enemies":"Champ","floor":33.0,"turns":7.0},{"damage":18.0,"enemies":"3 Darklings","floor":35.0,"turns":3.0},{"damage":0.0,"enemies":"Orb Walker","floor":37.0,"turns":3.0},{"damage":2.0,"enemies":"3 Darklings","floor":38.0,"turns":4.0},{"damage":1.0,"enemies":"4 Shapes","floor":39.0,"turns":6.0},{"damage":51.0,"enemies":"Maw","floor":44.0,"turns":5.0},{"damage":20.0,"enemies":"Sphere and 2 Shapes","floor":46.0,"turns":4.0},{"damage":39,"enemies":"Donu and Deca","floor":50,"turns":5}],"seed_played":"2362776391618261695","potions_obtained":[{"floor":1.0,"key":"FairyPotion"},{"floor":3.0,"key":"Explosive Potion"},{"floor":11.0,"key":"FearPotion"},{"floor":25.0,"key":"Block Potion"},{"floor":29.0,"key":"Fruit Juice"},{"floor":44.0,"key":"Fire Potion"},{"floor":46.0,"key":"Fire Potion"}],"is_trial":false,"path_per_floor":["M","$","M","?","M","R","E","R","T","E","M","R","$","?","R","B",null,"M","?","$","M","?","R","$","E","T","M","R","M","M","M","R","B",null,"M","?","M","M","M","R","?","R","T","M","R","M","?","?","R","B"],"character_chosen":"DEFECT","items_purchased":["Static Discharge","Static Discharge+1","Storm+1","Defragment+1"],"campfire_rested":9,"item_purchase_floors":[2,13,20,24],"current_hp_per_floor":[59,59,56,56,55,55,20,41,41,3,7,28,28,15,36,5,55,44,44,44,36,36,57,57,32,32,23,44,49,49,40,62,34,66,48,48,48,46,45,67,62,62,62,11,33,13,13,13,35,0],"gold":388,"neow_bonus":"TWO_FIFTY_GOLD","is_prod":false,"is_daily":false,"chose_seed":false,"campfire_upgraded":2,"win_rate":0,"timestamp":1555126664,"path_taken":["M","$","M","?","M","R","E","R","T","E","M","R","$","?","R","BOSS","M","?","$","M","?","R","$","E","T","M","R","M","?","M","R","BOSS","M","?","?","M","M","R","?","R","T","M","R","M","?","?","R","BOSS"],"build_version":"2019-01-23","purchased_purges":3,"victory":false,"max_hp_per_floor":[71,71,71,71,71,71,71,71,71,71,71,71,71,71,71,71,71,71,71,71,71,71,71,71,71,71,71,71,76,76,76,76,76,76,76,76,76,76,76,76,76,76,76,76,76,76,76,76,76,76],"card_choices":[{"not_picked":["Streamline","Consume","Rebound"],"picked":"SKIP","floor":1.0},{"not_picked":["Rebound","Redo"],"picked":"Ball Lightning","floor":3.0},{"not_picked":["Hologram","Barrage"],"picked":"Defragment","floor":5.0},{"not_picked":["Go for the Eyes","Rip and Tear"],"picked":"Hologram","floor":7.0},{"not_picked":["Heatsinks","Go for the Eyes"],"picked":"Auto Shields","floor":10.0},{"not_picked":["Streamline","Go for the Eyes"],"picked":"BootSequence","floor":11.0},{"not_picked":["Steam","Melter"],"picked":"Creative AI+1","floor":14.0},{"not_picked":["Creative AI+1","Core Surge"],"picked":"Electrodynamics+1","floor":16.0},{"not_picked":["Stack","Gash","Sweeping Beam+1"],"picked":"SKIP","floor":18.0},{"not_picked":["Compile Driver","Sweeping Beam"],"picked":"Hologram","floor":21.0},{"not_picked":["Steam","Beam Cell"],"picked":"Glacier","floor":25.0},{"not_picked":["Sweeping Beam","Conserve Battery"],"picked":"Storm+1","floor":27.0},{"not_picked":["Go for the Eyes","Rebound"],"picked":"Ball Lightning","floor":28.0},{"not_picked":["Ball Lightning","Turbo+1","Chill"],"picked":"SKIP","floor":29.0},{"not_picked":["Barrage","Go for the Eyes"],"picked":"White Noise","floor":30.0},{"not_picked":["Cold Snap","Coolheaded"],"picked":"Core Surge","floor":31.0},{"not_picked":["Buffer+1","Creative AI+1"],"picked":"Biased Cognition+1","floor":33.0},{"not_picked":[],"picked":"Chill","floor":35.0},{"not_picked":["Go for the Eyes+1"],"picked":"SKIP","floor":37.0},{"not_picked":["Cold Snap"],"picked":"SKIP","floor":38.0},{"not_picked":[],"picked":"Static Discharge+1","floor":39.0},{"not_picked":[],"picked":"Purity","floor":41.0},{"not_picked":[],"picked":"Swift Strike","floor":41.0},{"not_picked":["Stack"],"picked":"SKIP","floor":44.0},{"not_picked":[],"picked":"Hologram+1","floor":45.0},{"not_picked":["Hologram"],"picked":"SKIP","floor":46.0},{"not_picked":[],"picked":"Double Energy","floor":49.0}],"player_experience":2691034,"relics_obtained":[{"floor":7.0,"key":"Anchor"},{"floor":9.0,"key":"Whetstone"},{"floor":10.0,"key":"Frozen Egg 2"},{"floor":14.0,"key":"Odd Mushroom"},{"floor":25.0,"key":"Dream Catcher"},{"floor":26.0,"key":"Bottled Lightning"},{"floor":36.0,"key":"Pen Nib"},{"floor":43.0,"key":"Ancient Tea Set"}],"event_choices":[{"damage_healed":0.0,"max_hp_gain":0.0,"max_hp_loss":0.0,"gold_gain":0.0,"event_name":"Golden Idol","player_choice":"Ignored","floor":4.0,"gold_loss":0.0,"damage_taken":0.0},{"damage_healed":0.0,"max_hp_gain":0.0,"max_hp_loss":0.0,"gold_gain":0.0,"event_name":"Mushrooms","player_choice":"Fought Mushrooms","floor":14.0,"gold_loss":0.0,"damage_taken":0.0},{"damage_healed":0.0,"max_hp_gain":0.0,"max_hp_loss":0.0,"gold_gain":0.0,"cards_transformed":["Strike_B","Defend_B"],"event_name":"Drug Dealer","player_choice":"Became Test Subject","floor":19.0,"gold_loss":0.0,"damage_taken":0.0,"cards_obtained":["Recycle","Thunder Strike"]},{"damage_healed":0.0,"max_hp_gain":0.0,"max_hp_loss":0.0,"gold_gain":0.0,"event_name":"Duplicator","player_choice":"Copied","floor":22.0,"gold_loss":0.0,"damage_taken":0.0,"cards_obtained":["Defragment"]},{"damage_healed":0.0,"max_hp_gain":0.0,"max_hp_loss":0.0,"gold_gain":0.0,"event_name":"Wheel of Change","player_choice":"Relic","floor":36.0,"gold_loss":0.0,"damage_taken":0.0},{"damage_healed":0.0,"max_hp_gain":0.0,"max_hp_loss":0.0,"gold_gain":0.0,"event_name":"SensoryStone","player_choice":"Memory 2","floor":41.0,"gold_loss":0.0,"damage_taken":5.0},{"damage_healed":0.0,"max_hp_gain":0.0,"max_hp_loss":0.0,"gold_gain":0.0,"event_name":"Mysterious Sphere","player_choice":"Ignored","floor":47.0,"gold_loss":0.0,"damage_taken":0.0},{"damage_healed":0.0,"max_hp_gain":0.0,"max_hp_loss":0.0,"gold_gain":0.0,"event_name":"Match and Keep!","player_choice":"0 cards matched","floor":48.0,"gold_loss":0.0,"damage_taken":0.0,"cards_obtained":[]}],"is_beta":false,"boss_relics":[{"not_picked":["Lizard Tail","Runic Dome"],"picked":"FrozenCore"},{"not_picked":["Empty Cage","Runic Pyramid"],"picked":"Busted Crown"}],"items_purged_floors":[2,13,20],"is_endless":false,"potions_floor_spawned":[1,3,11,25,29,44,46],"killed_by":"Donu and Deca","ascension_level":14}