{"gold_per_floor":[110,41,58,58,58,58,92,92,115,134,134,147,147,166,166,287,287,312,54,74,74,88,88,20,20,20,20,20,20,20,320,320,419,419,439,240,240,260,276,276,308,308,357,101,119,132,143,93,93,93],"floor_reached":50,"playtime":2393,"items_purged":["Strike_B","Strike_B","Defend_B","Defend_B"],"score":562,"play_id":"5b6380d0-f597-4a0b-873b-d45699b5e57e","local_time":"20181014192933","is_ascension_mode":true,"campfire_choices":[{"floor":6,"key":"REST"},{"data":"Chill","floor":8,"key":"SMITH"},{"data":"Static Discharge","floor":11,"key":"SMITH"},{"floor":13,"key":"REST"},{"data":"Tempest","floor":15,"key":"SMITH"},{"data":"Multi-Cast","floor":23,"key":"SMITH"},{"data":"Capacitor","floor":25,"key":"SMITH"},{"floor":27,"key":"REST"},{"data":"Defragment","floor":32,"key":"SMITH"},{"floor":40,"key":"REST"},{"floor":49,"key":"REST"}],"neow_cost":"","seed_source_timestamp":304338609247250,"circlet_count":0,"master_deck":["Strike_B","Defend_B","Defend_B","Zap","Dualcast+1","Tempest+1","Static Discharge+1","Chill+1","BootSequence","Conserve Battery","Conserve Battery","Conserve Battery+1","Multi-Cast+1","Redo","Hello World","Redo","Capacitor+1","Defragment+1","Echo Form","Steam+1","Darkness+1","Skim+1","Go for the Eyes+1"],"relics":["Cracked Core","Bloody Idol","Boot","Smiling Mask","Snecko Eye","Chemical X","Turnip","Old Coin","Fusion Hammer","DataDisk","Centennial Puzzle","War Paint","Runic Capacitor"],"potions_floor_usage":[7,12,33,39,41,50],"damage_taken":[{"damage":8,"enemies":"Small Slimes","floor":1,"turns":4},{"damage":3,"enemies":"2 Louse","floor":3,"turns":2},{"damage":32,"enemies":"3 Sentries","floor":7,"turns":8},{"damage":1,"enemies":"Cultist","floor":10,"turns":3},{"damage":1,"enemies":"Gremlin Gang","floor":12,"turns":3},{"damage":3,"enemies":"Lots of Slimes","floor":14,"turns":5},{"damage":43,"enemies":"Slime Boss","floor":16,"turns":10},{"damage":14,"enemies":"Shell Parasite","floor":18,"turns":3},{"damage":23,"enemies":"2 Thieves","floor":20,"turns":3},{"damage":0,"enemies":"Snake Plant","floor":22,"turns":2},{"damage":61,"enemies":"Champ","floor":33,"turns":9},{"damage":12,"enemies":"3 Darklings","floor":35,"turns":4},{"damage":0,"enemies":"3 Shapes","floor":38,"turns":4},{"damage":13,"enemies":"Reptomancer","floor":39,"turns":4},{"damage":23,"enemies":"Nemesis","floor":41,"turns":9},{"damage":1,"enemies":"4 Shapes","floor":45,"turns":4},{"damage":18,"enemies":"Transient","floor":46,"turns":5},{"damage":26,"enemies":"3 Darklings","floor":47,"turns":4},{"damage":58,"enemies":"Time Eater","floor":50,"turns":5}],"seed_played":"-2035434821882891875","potions_obtained":[{"floor":3,"key":"Regen Potion"},{"floor":10,"key":"Explosive Potion"},{"floor":14,"key":"LiquidBronze"},{"floor":20,"key":"Fire Potion"},{"floor":22,"key":"Weak Potion"},{"floor":39,"key":"SkillPotion"},{"floor":46,"key":"SkillPotion"},{"floor":47,"key":"Swift Potion"}],"is_trial":false,"path_per_floor":["M","$","M","?","$","R","E","R","T","M","R","M","R","M","R","B",null,"M","$","M","$","M","R","$","R","T","R","?","?","?","T","R","B",null,"M","$","?","M","M","R","E","?","T","$","M","M","M","$","R"],"character_chosen":"DEFECT","items_purchased":["Static Discharge","Chemical X","Capacitor","DataDisk","Runic Capacitor"],"campfire_rested":5,"item_purchase_floors":[2,19,24,36,44],"current_hp_per_floor":[67,67,64,46,46,68,51,51,51,50,50,49,71,68,68,25,75,61,61,38,38,38,38,38,38,38,60,60,60,60,65,65,9,75,68,68,68,73,65,75,57,57,62,62,66,53,32,32,54,0],"gold":93,"neow_bonus":"","is_prod":false,"is_daily":false,"chose_seed":false,"campfire_upgraded":6,"win_rate":0,"timestamp":1539559773,"path_taken":["M","$","M","?","$","R","E","R","T","M","R","M","R","M","R","BOSS","M","$","?","?","?","R","$","R","T","R","?","?","?","?","R","BOSS","M","$","?","?","M","R","E","?","T","$","M","?","M","$","R","BOSS"],"build_version":"2018-10-11","purchased_purges":4,"victory":false,"max_hp_per_floor":[75,75,75,75,75,75,75,75,75,75,75,75,75,75,75,75,75,75,75,75,75,75,75,75,75,75,75,75,75,75,75,75,75,75,75,75,75,75,75,75,75,75,75,75,75,75,75,75,75,75],"card_choices":[{"not_picked":["Beam Cell","Redo"],"picked":"Tempest","floor":1},{"not_picked":["Hello World","BootSequence"],"picked":"Chill","floor":3},{"not_picked":["Sweeping Beam","Tempest"],"picked":"BootSequence","floor":7},{"not_picked":["Stack","Streamline"],"picked":"Conserve Battery","floor":10},{"not_picked":["Rebound","BootSequence"],"picked":"Conserve Battery","floor":12},{"not_picked":["Heatsinks","Static Discharge"],"picked":"Conserve Battery","floor":14},{"not_picked":["Buffer","Machine Learning"],"picked":"Multi-Cast","floor":16},{"not_picked":["Gash","Leap+1"],"picked":"Redo","floor":18},{"not_picked":["Leap","Gash"],"picked":"Hello World","floor":20},{"not_picked":["Cold Snap","Turbo+1"],"picked":"Redo","floor":22},{"not_picked":["Rainbow","Core Surge"],"picked":"Echo Form","floor":33},{"not_picked":["Aggregate+1","Conserve Battery"],"picked":"Steam+1","floor":35},{"not_picked":["Sweeping Beam+1","Darkness+1","Hologram+1"],"picked":"SKIP","floor":38},{"not_picked":["Steam+1","Conserve Battery+1"],"picked":"Darkness+1","floor":39},{"not_picked":["Hologram+1","Streamline+1","Doom and Gloom+1"],"picked":"SKIP","floor":41},{"not_picked":["Compile Driver+1","Hologram"],"picked":"Skim+1","floor":45},{"not_picked":["Coolheaded+1","Beam Cell+1","Redo"],"picked":"SKIP","floor":46},{"not_picked":["Conserve Battery","Compile Driver"],"picked":"Go for the Eyes+1","floor":47}],"player_experience":1287984,"relics_obtained":[{"floor":7,"key":"Boot"},{"floor":9,"key":"Smiling Mask"},{"floor":26,"key":"Turnip"},{"floor":31,"key":"Old Coin"},{"floor":41,"key":"Centennial Puzzle"},{"floor":43,"key":"War Paint"}],"event_choices":[{"event_name":"Golden Idol","player_choice":"Take Damage","floor":4,"damage_taken":0},{"event_name":"Forgotten Altar","player_choice":"Gave Idol","floor":28,"damage_taken":0},{"event_name":"The Library","player_choice":"Read","floor":29,"damage_taken":0},{"event_name":"Match and Keep!","player_choice":"0 cards matched","floor":30,"damage_taken":0},{"event_name":"Tomb of Lord Red Mask","player_choice":"Ignored","floor":37,"damage_taken":0},{"event_name":"Falling","player_choice":"Removed Attack","floor":42,"damage_taken":0}],"is_beta":false,"boss_relics":[{"not_picked":["Philosopher\u0027s Stone","Runic Dome"],"picked":"Snecko Eye"},{"not_picked":["Tiny House","Lizard Tail"],"picked":"Fusion Hammer"}],"items_purged_floors":[19,36,44,48],"is_endless":false,"potions_floor_spawned":[3,10,14,20,22,39,46,47],"killed_by":"Time Eater","ascension_level":4}