{"path_per_floor":["M","?","M","$","M","R","E","?","T","M","M","R","$","M","R","B",null,"M","$","M","T","$","M","R","M","T","M"],"character_chosen":"IRONCLAD","items_purchased":[],"gold_per_floor":[109,109,128,53,72,72,102,102,102,119,136,136,36,52,52,157,157,175,50,64,91,91,111,111,130,207,226,226],"floor_reached":28,"campfire_rested":0,"playtime":1697,"item_purchase_floors":[],"current_hp_per_floor":[72,72,78,78,86,86,72,72,72,66,64,64,64,64,64,58,106,85,85,73,73,73,47,47,19,29,21,0],"items_purged":["Defend_R","Strike_R","Defend_R"],"gold":226,"score":272,"play_id":"9fa1dd94-a82a-4498-a1aa-af3147458ef3","local_time":"20180530133943","is_prod":false,"is_daily":false,"chose_seed":false,"is_ascension_mode":false,"campfire_upgraded":4,"win_rate":0,"timestamp":1527680383,"campfire_choices":[{"data":"Feed","floor":6,"key":"SMITH"},{"data":"Rampage","floor":12,"key":"SMITH"},{"data":"Demon Form","floor":15,"key":"SMITH"},{"data":"Feed","floor":24,"key":"SMITH"}],"path_taken":["M","?","M","$","M","R","E","?","T","M","M","R","?","?","R","BOSS","M","$","M","?","$","M","R","M","T","M","E"],"build_version":"2018-05-24","seed_source_timestamp":1179010553510544,"purchased_purges":3,"victory":false,"master_deck":["Strike_R","Strike_R","Strike_R","Strike_R","Defend_R","Bash","Feed+1","Uppercut","Rampage+1","Deep Breath","Demon Form+1","Exhume","Twin Strike","Pummel","Feed+1","Warcry+1"],"max_hp_per_floor":[80,80,83,83,86,86,90,90,90,94,98,98,98,102,102,106,106,114,114,114,114,114,118,118,122,132,136,136],"relics":["Black Blood","Self Forming Clay","Mummified Hand","Pen Nib","Pear"],"card_choices":[{"not_picked":["Thunderclap","Anger"],"picked":"Uppercut","floor":1},{"not_picked":["Clothesline","Ghostly Armor","Burning Pact"],"picked":"SKIP","floor":3},{"not_picked":["Entrench","Heavy Blade","Perfected Strike"],"picked":"SKIP","floor":5},{"not_picked":["Flex","Armaments"],"picked":"Rampage","floor":7},{"not_picked":["Sentinel","True Grit","Armaments"],"picked":"SKIP","floor":10},{"not_picked":["Uppercut","Iron Wave"],"picked":"Demon Form","floor":11},{"not_picked":["Fire Breathing","Perfected Strike","Flex"],"picked":"SKIP","floor":14},{"not_picked":["Barricade","Offering"],"picked":"Exhume","floor":16},{"not_picked":["Havoc+1","Thunderclap"],"picked":"Twin Strike","floor":18},{"not_picked":["Pommel Strike","Power Through"],"picked":"Pummel","floor":20},{"not_picked":["Blood for Blood","Rampage"],"picked":"Feed","floor":23},{"not_picked":["Armaments+1","Sever Soul+1","Reckless Charge"],"picked":"SKIP","floor":25},{"not_picked":["Heavy Blade","Havoc"],"picked":"Warcry+1","floor":27}],"player_experience":85809,"potions_floor_usage":[16,23,27,27],"damage_taken":[{"damage":14,"enemies":"2 Louse","floor":1,"turns":2},{"damage":3,"enemies":"Small Slimes","floor":3,"turns":3},{"damage":1,"enemies":"Cultist","floor":5,"turns":4},{"damage":24,"enemies":"Gremlin Nob","floor":7,"turns":4},{"damage":16,"enemies":"Red Slaver","floor":10,"turns":3},{"damage":12,"enemies":"Blue Slaver","floor":11,"turns":3},{"damage":10,"enemies":"Looter","floor":14,"turns":2},{"damage":30,"enemies":"Slime Boss","floor":16,"turns":7},{"damage":39,"enemies":"3 Byrds","floor":18,"turns":6},{"damage":22,"enemies":"Spheric Guardian","floor":20,"turns":4},{"damage":40,"enemies":"Centurion and Healer","floor":23,"turns":9},{"damage":42,"enemies":"Snake Plant","floor":25,"turns":4},{"damage":35,"enemies":"3 Cultists","floor":27,"turns":6},{"damage":34,"enemies":"Book of Stabbing","floor":28,"turns":3}],"relics_obtained":[{"floor":7,"key":"Self Forming Clay"},{"floor":9,"key":"Mummified Hand"},{"floor":21,"key":"Pen Nib"},{"floor":26,"key":"Pear"}],"event_choices":[{"event_name":"Living Wall","player_choice":"Forget","floor":2,"damage_taken":0},{"event_name":"Match and Keep!","player_choice":"1 cards matched","floor":8,"damage_taken":0}],"boss_relics":[{"not_picked":["Snecko Eye","Lizard Tail"],"picked":"Black Blood"}],"items_purged_floors":[4,13,19],"potions_floor_spawned":[1,7,11,16,18,20,25],"seed_played":"8865923726776827958","killed_by":"Book of Stabbing","ascension_level":0,"potions_obtained":[{"floor":1,"key":"Regen Potion"},{"floor":7,"key":"GamblersBrew"},{"floor":11,"key":"Dexterity Potion"},{"floor":16,"key":"EssenceOfSteel"},{"floor":18,"key":"BloodPotion"},{"floor":25,"key":"Fire Potion"}],"is_trial":false}