{"path_per_floor":["M","$","?","M","M","R","$","R","T","M","M","M","R","M","R","B",null,"M","M","M"],"character_chosen":"IRONCLAD","items_purchased":[],"gold_per_floor":[109,34,34,51,63,63,63,63,363,379,392,405,405,419,419,515,515,528,540,550,550],"floor_reached":21,"campfire_rested":1,"playtime":1010,"item_purchase_floors":[],"current_hp_per_floor":[74,74,74,79,78,78,78,78,78,68,54,40,40,38,62,30,68,40,45,38,0],"items_purged":["Strike_R"],"gold":550,"score":245,"play_id":"b6c48721-0799-48bc-bd06-d7e8ee3455f9","local_time":"20180610022855","is_prod":false,"is_daily":false,"chose_seed":false,"is_ascension_mode":true,"campfire_upgraded":3,"win_rate":0,"timestamp":1528590535,"campfire_choices":[{"data":"Inflame","floor":6,"key":"SMITH"},{"data":"Thunderclap","floor":8,"key":"SMITH"},{"data":"Feel No Pain","floor":13,"key":"SMITH"},{"floor":15,"key":"REST"}],"path_taken":["M","$","?","M","M","R","?","R","T","M","M","?","R","M","R","BOSS","M","M","?","?"],"build_version":"2018-06-07v3","seed_source_timestamp":2089830906470753,"purchased_purges":1,"victory":false,"master_deck":["Strike_R","Strike_R","Strike_R","Strike_R","Defend_R","Defend_R","Defend_R","Defend_R","Bash","Fiend Fire+1","Thunderclap+1","Injury","Feel No Pain+1","Inflame+1","Inflame","Limit Break","Battle Trance","True Grit"],"max_hp_per_floor":[80,80,80,80,80,80,80,80,80,80,80,80,80,80,80,80,80,80,80,80,80],"relics":["Burning Blood","Old Coin","Mark of Pain"],"card_choices":[{"not_picked":["Armaments","Pommel Strike"],"picked":"Thunderclap","floor":1},{"not_picked":["Dropkick","Clothesline"],"picked":"Feel No Pain","floor":4},{"not_picked":["Havoc","Perfected Strike"],"picked":"Inflame","floor":5},{"not_picked":["Clash","Double Tap"],"picked":"Inflame","floor":10},{"not_picked":["Cleave","Wild Strike","Havoc"],"picked":"SKIP","floor":11},{"not_picked":["Burning Pact","Iron Wave","Flex"],"picked":"SKIP","floor":12},{"not_picked":["Sword Boomerang","Heavy Blade","Iron Wave"],"picked":"SKIP","floor":14},{"not_picked":["Immolate","Impervious"],"picked":"Limit Break","floor":16},{"not_picked":["Fire Breathing","Iron Wave"],"picked":"Battle Trance","floor":18},{"not_picked":["Armaments","Rupture"],"picked":"True Grit","floor":19},{"not_picked":["Cleave","Havoc+1","Clothesline+1"],"picked":"SKIP","floor":20}],"player_experience":291696,"potions_floor_usage":[11,16,16],"damage_taken":[{"damage":4,"enemies":"Jaw Worm","floor":1,"turns":5},{"damage":1,"enemies":"Cultist","floor":4,"turns":4},{"damage":7,"enemies":"2 Louse","floor":5,"turns":3},{"damage":16,"enemies":"Exordium Thugs","floor":10,"turns":5},{"damage":20,"enemies":"Exordium Wildlife","floor":11,"turns":3},{"damage":20,"enemies":"Lots of Slimes","floor":12,"turns":4},{"damage":8,"enemies":"Large Slime","floor":14,"turns":5},{"damage":38,"enemies":"Slime Boss","floor":16,"turns":6},{"damage":34,"enemies":"Shell Parasite","floor":18,"turns":5},{"damage":1,"enemies":"2 Thieves","floor":19,"turns":4},{"damage":13,"enemies":"3 Cultists","floor":20,"turns":5},{"damage":57,"floor":21,"turns":3}],"relics_obtained":[{"floor":9,"key":"Old Coin"}],"event_choices":[{"event_name":"Accursed Blacksmith","player_choice":"Forge","floor":3,"damage_taken":0},{"event_name":"Masked Bandits","player_choice":"Fought over 550 gold","floor":21,"damage_taken":0}],"boss_relics":[{"not_picked":["Sozu","Snecko Eye"],"picked":"Mark of Pain"}],"items_purged_floors":[2],"potions_floor_spawned":[4,5,14],"seed_played":"-892290385124919244","ascension_level":8,"potions_obtained":[{"floor":4,"key":"Poison Potion"},{"floor":5,"key":"PowerPotion"},{"floor":14,"key":"SkillPotion"}],"is_trial":false}