{"gold_per_floor":[368,368,368,293,303,303,337,355,379,397,409,428,428],"floor_reached":13,"playtime":528,"items_purged":["Strike_B"],"score":148,"play_id":"124d2cba-02bc-4151-b933-1ab9a2d08389","local_time":"20190413221519","is_ascension_mode":true,"campfire_choices":[{"data":"Dualcast","floor":6,"key":"SMITH"}],"neow_cost":"CURSE","seed_source_timestamp":78957302210000,"circlet_count":0,"master_deck":["AscendersBane","Strike_B","Strike_B","Strike_B","Defend_B","Defend_B","Defend_B","Defend_B","Zap","Dualcast+1","Melter","Coolheaded","Defragment","Capacitor","Blizzard","Leap","BootSequence"],"relics":["Cracked Core","Bronze Scales","Pen Nib"],"potions_floor_usage":[7,13],"damage_taken":[{"damage":13,"enemies":"Small Slimes","floor":1,"turns":3},{"damage":1,"enemies":"Cultist","floor":5,"turns":3},{"damage":28,"enemies":"Lagavulin","floor":7,"turns":9},{"damage":5,"enemies":"2 Louse","floor":8,"turns":2},{"damage":5,"enemies":"Blue Slaver","floor":10,"turns":3},{"damage":5,"enemies":"Exordium Thugs","floor":11,"turns":5},{"damage":5,"enemies":"2 Fungi Beasts","floor":12,"turns":3},{"damage":21,"enemies":"Gremlin Nob","floor":13,"turns":3}],"seed_played":"2559765738055745635","potions_obtained":[{"floor":1,"key":"FearPotion"},{"floor":3,"key":"Swift Potion"},{"floor":3,"key":"Regen Potion"},{"floor":10,"key":"SpeedPotion"}],"is_trial":false,"path_per_floor":["M","?","?","$","M","R","E","M","T","M","M","M","E"],"character_chosen":"DEFECT","items_purchased":[],"campfire_rested":0,"item_purchase_floors":[],"current_hp_per_floor":[51,44,44,44,43,43,30,25,25,20,15,10,0],"gold":428,"neow_bonus":"TWO_FIFTY_GOLD","is_prod":false,"is_daily":false,"chose_seed":false,"campfire_upgraded":1,"win_rate":0,"timestamp":1555208119,"path_taken":["M","?","?","$","M","R","E","?","T","M","M","M","E"],"build_version":"2019-01-23","purchased_purges":1,"victory":false,"max_hp_per_floor":[71,71,71,71,71,71,71,71,71,71,71,71,71],"card_choices":[{"not_picked":["Recycle","Stack"],"picked":"Melter","floor":1},{"not_picked":["Stack","Rebound"],"picked":"Coolheaded","floor":5},{"not_picked":["Rebound","Static Discharge"],"picked":"Defragment","floor":7},{"not_picked":["Stack","Sweeping Beam"],"picked":"Capacitor","floor":8},{"not_picked":["Conserve Battery","Stack"],"picked":"Blizzard","floor":10},{"not_picked":["Cold Snap","Beam Cell"],"picked":"Leap","floor":11},{"not_picked":["Stack","Beam Cell"],"picked":"BootSequence","floor":12}],"player_experience":2744735,"relics_obtained":[{"floor":7,"key":"Bronze Scales"},{"floor":9,"key":"Pen Nib"}],"event_choices":[{"cards_removed":["Injury"],"damage_healed":0,"gold_gain":0,"player_choice":"Card Removal","damage_taken":7,"max_hp_gain":0,"max_hp_loss":0,"event_name":"Golden Wing","floor":2,"gold_loss":0},{"damage_healed":0,"gold_gain":0,"player_choice":"Got Potions","damage_taken":0,"max_hp_gain":0,"max_hp_loss":0,"event_name":"Lab","floor":3,"gold_loss":0}],"is_beta":false,"boss_relics":[],"items_purged_floors":[4],"is_endless":false,"potions_floor_spawned":[1,5,10],"killed_by":"Gremlin Nob","ascension_level":14}