{"gold_per_floor":[115,134,134,134,13,79,79,118,144,144,158,158,191,210,210,331,331,344,344,344,344,399,399,399],"floor_reached":24,"playtime":2831,"items_purged":["Defend_B"],"score":336,"play_id":"ab94ccc3-53c9-4a1e-bbe1-5699c9ae84f2","local_time":"20190512141829","is_ascension_mode":true,"campfire_choices":[{"data":"Zap","floor":7.0,"key":"SMITH"},{"data":"Conserve Battery","floor":10.0,"key":"SMITH"},{"data":"Dualcast","floor":12.0,"key":"SMITH"},{"floor":15.0,"key":"REST"},{"floor":23.0,"key":"RECALL"}],"neow_cost":"NONE","seed_source_timestamp":1700946598305273,"circlet_count":0,"master_deck":["AscendersBane","Strike_B","Strike_B","Defend_B","Defend_B","Defend_B","Zap+1","Dualcast+1","Reboot","Melter","Beam Cell","Conserve Battery+1","Rebound","Go for the Eyes","Skim","Gash","Streamline","All For One","Gash","Reinforced Body","Sweeping Beam","Recycle"],"special_seed":0,"relics":["Cracked Core","Golden Idol","Tiny Chest","The Courier","Centennial Puzzle","Regal Pillow","Orrery","Enchiridion"],"potions_floor_usage":[24,24],"damage_taken":[{"damage":7.0,"enemies":"Small Slimes","floor":1.0,"turns":2.0},{"damage":0.0,"enemies":"2 Louse","floor":2.0,"turns":2.0},{"damage":14.0,"enemies":"Lagavulin","floor":6.0,"turns":6.0},{"damage":11.0,"enemies":"Gremlin Nob","floor":8.0,"turns":3.0},{"damage":0.0,"enemies":"Cultist","floor":11.0,"turns":3.0},{"damage":5.0,"enemies":"Lagavulin","floor":13.0,"turns":3.0},{"damage":8.0,"enemies":"Blue Slaver","floor":14.0,"turns":2.0},{"damage":40.0,"enemies":"The Guardian","floor":16.0,"turns":8.0},{"damage":2.0,"enemies":"Shell Parasite","floor":18.0,"turns":3.0},{"damage":6.0,"enemies":"Colosseum Slavers","floor":20.0,"turns":4.0},{"damage":43,"enemies":"Slavers","floor":24,"turns":1}],"seed_played":"-6629124277731182818","potions_obtained":[{"floor":1.0,"key":"EssenceOfSteel"},{"floor":11.0,"key":"Poison Potion"},{"floor":14.0,"key":"FearPotion"},{"floor":18.0,"key":"GamblersBrew"}],"is_trial":false,"path_per_floor":["M","M","?","?","$","E","R","E","T","R","M","R","E","M","R","B",null,"M","?","?","?","T","R","E"],"character_chosen":"DEFECT","items_purchased":["Conserve Battery"],"campfire_rested":1,"item_purchase_floors":[5],"current_hp_per_floor":[61,61,43,43,43,29,29,18,18,18,18,18,13,5,42,2,57,55,39,33,33,33,33,0],"gold":399,"neow_bonus":"ONE_RANDOM_RARE_CARD","is_prod":false,"is_daily":false,"chose_seed":false,"campfire_upgraded":3,"win_rate":0,"timestamp":1557695909,"path_taken":["M","M","?","?","$","E","R","E","T","R","?","R","E","M","R","BOSS","M","?","?","?","?","R","E"],"build_version":"2019-01-23","purchased_purges":1,"victory":false,"max_hp_per_floor":[75,75,75,75,75,75,75,75,75,75,75,75,75,75,75,75,75,75,75,75,75,75,75,75],"card_choices":[{"not_picked":["Hello World","Recycle"],"picked":"Melter","floor":1.0},{"not_picked":["Hologram","Sweeping Beam"],"picked":"Beam Cell","floor":2.0},{"not_picked":["Blizzard","Undo"],"picked":"Rebound","floor":6.0},{"not_picked":["Auto Shields","Meteor Strike"],"picked":"Go for the Eyes","floor":8.0},{"not_picked":["Go for the Eyes","Turbo"],"picked":"Skim","floor":11.0},{"not_picked":["Streamline","Barrage"],"picked":"Gash","floor":13.0},{"not_picked":["Conserve Battery","Cold Snap"],"picked":"Streamline","floor":14.0},{"not_picked":["Reboot","Core Surge"],"picked":"All For One","floor":16.0},{"not_picked":["Force Field","Lockon"],"picked":"Gash","floor":17.0},{"not_picked":["Sweeping Beam","Go for the Eyes"],"picked":"Reinforced Body","floor":17.0},{"not_picked":["Compile Driver","Streamline"],"picked":"Sweeping Beam","floor":17.0},{"not_picked":["Rebound+1","Beam Cell"],"picked":"Recycle","floor":18.0}],"player_experience":633948,"relics_obtained":[{"floor":6.0,"key":"Tiny Chest"},{"floor":8.0,"key":"The Courier"},{"floor":9.0,"key":"Centennial Puzzle"},{"floor":13.0,"key":"Regal Pillow"},{"floor":19.0,"key":"Enchiridion"}],"event_choices":[{"damage_healed":0.0,"max_hp_gain":0.0,"max_hp_loss":0.0,"gold_gain":0.0,"event_name":"Golden Idol","player_choice":"Take Damage","floor":3.0,"gold_loss":0.0,"damage_taken":18.0,"relics_obtained":["Golden Idol"]},{"cards_removed":["Strike_B"],"damage_healed":0.0,"max_hp_gain":0.0,"max_hp_loss":0.0,"gold_gain":0.0,"event_name":"Purifier","player_choice":"Purged","floor":4.0,"gold_loss":0.0,"damage_taken":0.0},{"damage_healed":0.0,"max_hp_gain":0.0,"max_hp_loss":0.0,"gold_gain":0.0,"event_name":"Cursed Tome","player_choice":"Obtained Book","floor":19.0,"gold_loss":0.0,"damage_taken":16.0},{"damage_healed":0.0,"max_hp_gain":0.0,"max_hp_loss":0.0,"gold_gain":0.0,"event_name":"Colosseum","player_choice":"Fight","floor":20.0,"gold_loss":0.0,"damage_taken":0.0},{"damage_healed":0.0,"max_hp_gain":0.0,"max_hp_loss":0.0,"gold_gain":0.0,"event_name":"Colosseum","player_choice":"Fled From Nobs","floor":20.0,"gold_loss":0.0,"damage_taken":0.0},{"cards_removed":["Strike_B"],"damage_healed":0.0,"max_hp_gain":0.0,"max_hp_loss":0.0,"gold_gain":0.0,"event_name":"Back to Basics","player_choice":"Elegance","floor":21.0,"gold_loss":0.0,"damage_taken":0.0}],"is_beta":false,"boss_relics":[{"not_picked":["Astrolabe","Ectoplasm"],"picked":"Orrery"}],"items_purged_floors":[5],"is_endless":false,"potions_floor_spawned":[1,11,14,18],"killed_by":"Slavers","ascension_level":12}