{"gold_per_floor":[11,24,38,38,38,38,38,38,62,62,76,88,163,62,62,158,158,177,190,190,190,65,96,116,45,114,114,134,152,187,187,187,286,286,301,301,320,189,206,206,232,244,256,268,280,65,65,77,77,77],"floor_reached":50,"playtime":2932,"items_purged":["Strike_G","Strike_G","Shame","Shame"],"score":722,"play_id":"03c1aeec-5b5d-4996-910a-c1b797743189","local_time":"20190304090733","is_ascension_mode":true,"campfire_choices":[{"data":"Neutralize","floor":6.0,"key":"SMITH"},{"data":"Footwork","floor":8.0,"key":"SMITH"},{"data":"PiercingWail","floor":10.0,"key":"SMITH"},{"floor":15.0,"key":"REST"},{"data":"Bouncing Flask","floor":27.0,"key":"SMITH"},{"floor":32.0,"key":"REST"},{"data":"Burst","floor":40.0,"key":"SMITH"},{"floor":42.0,"key":"REST"},{"floor":45.0,"key":"REST"},{"data":"Doubt","floor":47.0,"key":"PURGE"},{"data":"Tools of the Trade","floor":49.0,"key":"SMITH"}],"neow_cost":"NO_GOLD","seed_source_timestamp":0,"circlet_count":0,"master_deck":["Defend_G","Defend_G","Defend_G","Defend_G","Defend_G","Strike_G","Strike_G","Strike_G","Survivor","Neutralize+1","Flying Knee","PiercingWail+1","Footwork+1","Bouncing Flask","Venomology","Deadly Poison","Burst+1","Bouncing Flask+1","Tools of the Trade+1","Blur","Noxious Fumes","Dash","Acrobatics","Bullet Time+1","Footwork","Noxious Fumes+1","Bouncing Flask+1","Parasite","Acrobatics+1","Finisher+1","Chrysalis+1","Metamorphosis+1","Apotheosis+1","Calculated Gamble+1"],"special_seed":0,"relics":["Ring of the Snake","Peace Pipe","Juzu Bracelet","Smiling Mask","Anchor","Cursed Key","PreservedInsect","Ninja Scroll","Bottled Tornado","Centennial Puzzle","Toxic Egg 2","Eternal Feather","MawBank","Paper Crane"],"potions_floor_usage":[50],"damage_taken":[{"damage":2.0,"enemies":"Cultist","floor":1.0,"turns":4.0},{"damage":3.0,"enemies":"Jaw Worm","floor":2.0,"turns":3.0},{"damage":1.0,"enemies":"Small Slimes","floor":3.0,"turns":4.0},{"damage":7.0,"enemies":"Gremlin Gang","floor":11.0,"turns":8.0},{"damage":4.0,"enemies":"Large Slime","floor":12.0,"turns":8.0},{"damage":15.0,"enemies":"Hexaghost","floor":16.0,"turns":12.0},{"damage":0.0,"enemies":"Spheric Guardian","floor":18.0,"turns":2.0},{"damage":0.0,"enemies":"3 Byrds","floor":19.0,"turns":4.0},{"damage":11.0,"enemies":"Slavers","floor":23.0,"turns":6.0},{"damage":0.0,"enemies":"Shelled Parasite and Fungi","floor":24.0,"turns":6.0},{"damage":0.0,"enemies":"Chosen and Byrds","floor":28.0,"turns":5.0},{"damage":6.0,"enemies":"Snecko","floor":29.0,"turns":5.0},{"damage":25.0,"enemies":"Book of Stabbing","floor":30.0,"turns":5.0},{"damage":23.0,"enemies":"Champ","floor":33.0,"turns":13.0},{"damage":0.0,"enemies":"3 Shapes","floor":35.0,"turns":6.0},{"damage":31.0,"enemies":"3 Darklings","floor":37.0,"turns":15.0},{"damage":1.0,"enemies":"Writhing Mass","floor":39.0,"turns":6.0},{"damage":42.0,"enemies":"Nemesis","floor":41.0,"turns":9.0},{"damage":10.0,"enemies":"Jaw Worm Horde","floor":48.0,"turns":7.0},{"damage":84,"enemies":"Time Eater","floor":50,"turns":14}],"seed_played":"-6703142348247060858","potions_obtained":[{"floor":2.0,"key":"Fire Potion"},{"floor":11.0,"key":"LiquidBronze"},{"floor":16.0,"key":"Explosive Potion"},{"floor":21.0,"key":"Fruit Juice"},{"floor":21.0,"key":"Fire Potion"},{"floor":21.0,"key":"GhostInAJar"},{"floor":30.0,"key":"Weak Potion"},{"floor":33.0,"key":"SpeedPotion"},{"floor":41.0,"key":"SpeedPotion"}],"is_trial":false,"path_per_floor":["M","M","M","?","T","R","$","R","T","R","M","M","?","$","R","B",null,"M","M","?","?","$","E","M","$","T","R","M","M","E","T","R","B",null,"M","?","M","$","M","R","E","R","T","?","R","$","R","M","R","B"],"character_chosen":"THE_SILENT","items_purchased":["Deadly Poison","Tools of the Trade","Noxious Fumes","Bouncing Flask+1","Apotheosis+1"],"campfire_rested":4,"item_purchase_floors":[14,22,25,38,46],"current_hp_per_floor":[61,58,57,45,45,45,45,45,45,45,38,34,27,27,48,33,61,61,61,61,66,66,55,55,55,55,55,55,49,24,24,46,23,62,62,62,31,31,30,48,6,46,46,41,75,75,75,65,75,0],"gold":77,"neow_bonus":"ONE_RARE_RELIC","is_prod":false,"is_daily":false,"chose_seed":false,"campfire_upgraded":6,"win_rate":0,"timestamp":1551708453,"path_taken":["M","?","M","?","?","R","$","R","T","R","M","M","?","$","R","BOSS","M","M","?","?","$","E","M","?","T","R","M","M","E","?","R","BOSS","M","?","M","$","M","R","E","R","T","?","R","$","R","M","R","BOSS"],"build_version":"2019-01-23","purchased_purges":4,"victory":false,"max_hp_per_floor":[70,70,70,70,70,70,70,70,70,70,70,70,70,70,70,70,70,70,70,70,75,75,75,75,75,75,75,75,75,75,75,75,75,75,75,75,75,75,75,75,75,75,75,75,75,75,75,75,75,75],"card_choices":[{"not_picked":["Deflect","Blade Dance"],"picked":"Flying Knee","floor":1.0},{"not_picked":["Slice","Deadly Poison"],"picked":"PiercingWail","floor":2.0},{"not_picked":["Underhanded Strike","Dodge and Roll"],"picked":"Footwork","floor":3.0},{"not_picked":["Setup","Acrobatics"],"picked":"Bouncing Flask","floor":11.0},{"not_picked":["Blade Dance","Dodge and Roll"],"picked":"Venomology","floor":12.0},{"not_picked":["Adrenaline","Night Terror"],"picked":"Burst","floor":16.0},{"not_picked":["Well Laid Plans+1","Dagger Spray+1"],"picked":"Bouncing Flask","floor":18.0},{"not_picked":["PiercingWail","Quick Slash+1","Eviscerate"],"picked":"SKIP","floor":19.0},{"not_picked":["Slice","Underhanded Strike","Dagger Throw"],"picked":"SKIP","floor":23.0},{"not_picked":["Reflex","Cloak And Dagger+1"],"picked":"Blur","floor":24.0},{"not_picked":["Blade Dance","Slice"],"picked":"Dash","floor":28.0},{"not_picked":["Predator","Concentrate+1","Poisoned Stab+1"],"picked":"SKIP","floor":29.0},{"not_picked":["Outmaneuver","All Out Attack"],"picked":"Acrobatics","floor":30.0},{"not_picked":["Phantasmal Killer+1","Venomology+1"],"picked":"Bullet Time+1","floor":33.0},{"not_picked":["Prepared+1","Dagger Throw+1"],"picked":"Footwork","floor":35.0},{"not_picked":["Crippling Poison+1","Calculated Gamble+1"],"picked":"Noxious Fumes+1","floor":37.0},{"not_picked":["Bane","Skewer"],"picked":"Acrobatics+1","floor":39.0},{"not_picked":["Infinite Blades+1","Calculated Gamble+1"],"picked":"Finisher+1","floor":41.0},{"not_picked":["Deep Breath+1","Forethought+1"],"picked":"Chrysalis+1","floor":44.0},{"not_picked":["Enlightenment+1","Dramatic Entrance"],"picked":"Metamorphosis+1","floor":44.0},{"not_picked":["Slice","Dagger Throw"],"picked":"Calculated Gamble+1","floor":48.0}],"player_experience":2336132,"relics_obtained":[{"floor":5.0,"key":"Smiling Mask"},{"floor":9.0,"key":"Anchor"},{"floor":23.0,"key":"Ninja Scroll"},{"floor":26.0,"key":"Bottled Tornado"},{"floor":30.0,"key":"Centennial Puzzle"},{"floor":31.0,"key":"Toxic Egg 2"},{"floor":41.0,"key":"MawBank"},{"floor":43.0,"key":"Paper Crane"}],"event_choices":[{"damage_healed":0.0,"max_hp_gain":0.0,"max_hp_loss":0.0,"gold_gain":0.0,"event_name":"Scrap Ooze","player_choice":"Success","floor":4.0,"gold_loss":0.0,"damage_taken":12.0,"relics_obtained":["Juzu Bracelet"]},{"damage_healed":0.0,"max_hp_gain":0.0,"max_hp_loss":0.0,"gold_gain":75.0,"event_name":"FaceTrader","player_choice":"Touch","floor":13.0,"gold_loss":0.0,"damage_taken":7.0},{"damage_healed":0.0,"max_hp_gain":0.0,"max_hp_loss":0.0,"gold_gain":0.0,"event_name":"The Mausoleum","player_choice":"Opened","floor":20.0,"gold_loss":0.0,"damage_taken":0.0,"relics_obtained":["PreservedInsect"]},{"damage_healed":0.0,"max_hp_gain":0.0,"max_hp_loss":0.0,"gold_gain":0.0,"event_name":"Lab","player_choice":"Got Potions","floor":21.0,"gold_loss":0.0,"damage_taken":0.0},{"damage_healed":0.0,"max_hp_gain":0.0,"max_hp_loss":0.0,"gold_gain":0.0,"event_name":"Tomb of Lord Red Mask","player_choice":"Ignored","floor":36.0,"gold_loss":0.0,"damage_taken":0.0},{"damage_healed":0.0,"max_hp_gain":0.0,"max_hp_loss":0.0,"gold_gain":0.0,"event_name":"SensoryStone","player_choice":"Memory 2","floor":44.0,"gold_loss":0.0,"damage_taken":5.0}],"is_beta":false,"boss_relics":[{"not_picked":["Lizard Tail","Busted Crown"],"picked":"Cursed Key"},{"not_picked":["Velvet Choker","HoveringKite"],"picked":"Eternal Feather"}],"items_purged_floors":[14,22,38,46],"is_endless":false,"potions_floor_spawned":[2,11,16,18,30,33,39,41],"killed_by":"Time Eater","ascension_level":9}