{"gold_per_floor":[113,132,162,162,162,187,187,0,0,0,33,52,72,98,98,170,170,180,230,230,242,242,242,270,270,270,295,313,328,363,375,375,451,451,468,254,270,270,270,270,28,28,51,82,82,92,110,137,137,137],"floor_reached":50,"playtime":2830,"items_purged":["Strike_B"],"score":1162,"play_id":"328c0577-81a9-4927-9bad-e4a2ee73e8f9","local_time":"20190519175633","is_ascension_mode":true,"campfire_choices":[{"floor":7.0,"key":"REST"},{"floor":10.0,"key":"REST"},{"data":"Hologram","floor":15.0,"key":"SMITH"},{"floor":23.0,"key":"RECALL"},{"floor":32.0,"key":"REST"},{"floor":40.0,"key":"REST"},{"floor":45.0,"key":"REST"},{"floor":49.0,"key":"REST"}],"neow_cost":"NONE","seed_source_timestamp":106871293803612,"circlet_count":0,"master_deck":["AscendersBane","Strike_B+1","Defend_B+1","Defend_B","Defend_B","Defend_B","Zap","Dualcast","Self Repair","Ball Lightning","Ball Lightning","Doom and Gloom","Genetic Algorithm","Hologram+1","Seek","Chill","Genetic Algorithm","Ball Lightning+1","Steam","Steam","Buffer","Coolheaded","Buffer","Sunder+1","Force Field+1","Gash+1","Redo","Panacea","Coolheaded"],"special_seed":0,"relics":["Cracked Core","Blood Vial","Tiny Chest","Pen Nib","Bottled Flame","Kunai","Dodecahedron","Fusion Hammer","DataDisk","Bag of Marbles","Vajra","Lantern","Astrolabe","Potion Belt","Anchor","Question Card","Boot","Singing Bowl","Cables"],"potions_floor_usage":[50,50,50],"damage_taken":[{"damage":3.0,"enemies":"2 Louse","floor":1.0,"turns":3.0},{"damage":4.0,"enemies":"Small Slimes","floor":2.0,"turns":3.0},{"damage":45.0,"enemies":"Lagavulin","floor":6.0,"turns":7.0},{"damage":22.0,"enemies":"3 Sentries","floor":11.0,"turns":5.0},{"damage":0.0,"enemies":"Jaw Worm","floor":12.0,"turns":3.0},{"damage":1.0,"enemies":"Looter","floor":13.0,"turns":2.0},{"damage":17.0,"enemies":"Lagavulin","floor":14.0,"turns":6.0},{"damage":36.0,"enemies":"Hexaghost","floor":16.0,"turns":9.0},{"damage":10.0,"enemies":"Chosen","floor":18.0,"turns":4.0},{"damage":3.0,"enemies":"Spheric Guardian","floor":21.0,"turns":3.0},{"damage":36.0,"enemies":"Book of Stabbing","floor":24.0,"turns":5.0},{"damage":10.0,"enemies":"Snake Plant","floor":28.0,"turns":3.0},{"damage":2.0,"enemies":"Snecko","floor":29.0,"turns":4.0},{"damage":8.0,"enemies":"Slavers","floor":30.0,"turns":5.0},{"damage":6.0,"enemies":"3 Cultists","floor":31.0,"turns":4.0},{"damage":40.0,"enemies":"Champ","floor":33.0,"turns":21.0},{"damage":0.0,"enemies":"3 Shapes","floor":35.0,"turns":6.0},{"damage":0.0,"enemies":"Orb Walker","floor":37.0,"turns":5.0},{"damage":31.0,"enemies":"Reptomancer","floor":44.0,"turns":10.0},{"damage":13.0,"enemies":"Sphere and 2 Shapes","floor":46.0,"turns":8.0},{"damage":0.0,"enemies":"4 Shapes","floor":47.0,"turns":6.0},{"damage":15.0,"enemies":"Nemesis","floor":48.0,"turns":10.0},{"damage":79,"enemies":"Donu and Deca","floor":50,"turns":11}],"seed_played":"-7446300078929027157","potions_obtained":[{"floor":1.0,"key":"GamblersBrew"},{"floor":11.0,"key":"GamblersBrew"},{"floor":12.0,"key":"Energy Potion"},{"floor":14.0,"key":"Regen Potion"},{"floor":18.0,"key":"Regen Potion"},{"floor":28.0,"key":"Ancient Potion"},{"floor":31.0,"key":"Regen Potion"},{"floor":33.0,"key":"PowerPotion"},{"floor":35.0,"key":"SteroidPotion"},{"floor":44.0,"key":"Fire Potion"},{"floor":47.0,"key":"Fire Potion"},{"floor":48.0,"key":"Energy Potion"}],"is_trial":false,"path_per_floor":["M","M","?","?","?","E","R","$","T","R","E","M","M","E","R","B",null,"M","?","?","M","T","R","E","?","T","T","M","M","E","M","R","B",null,"M","$","M","T","T","R","$","?","T","E","R","M","M","E","R","B"],"character_chosen":"DEFECT","items_purchased":["Dexterity Potion","Strength Potion","Potion Belt","Block Potion","Panacea","FocusPotion","SpeedPotion"],"campfire_rested":6,"item_purchase_floors":[8,8,36,36,41,41,41],"current_hp_per_floor":[63,68,42,65,44,8,29,29,29,50,30,39,47,39,39,27,60,52,52,52,67,67,67,33,33,33,33,32,39,33,29,50,34,62,71,71,71,71,71,71,71,67,67,43,63,54,65,68,73,0],"gold":137,"neow_bonus":"RANDOM_COMMON_RELIC","is_prod":false,"is_daily":false,"chose_seed":false,"campfire_upgraded":1,"win_rate":0,"timestamp":1558313793,"path_taken":["M","M","?","?","?","E","R","$","T","R","E","M","M","E","R","BOSS","M","?","?","?","?","R","E","?","T","?","M","?","E","M","R","BOSS","M","$","M","?","?","R","$","?","T","E","R","?","M","E","R","BOSS"],"build_version":"2019-05-07","purchased_purges":1,"victory":false,"max_hp_per_floor":[71,71,71,71,71,71,71,71,71,71,71,71,71,71,71,71,71,71,71,71,71,71,71,71,71,71,71,71,71,71,71,71,71,71,71,71,71,71,71,71,71,67,67,67,67,69,71,73,73,73],"card_choices":[{"not_picked":["Hello World","Leap"],"picked":"Self Repair","floor":1.0},{"not_picked":["Conserve Battery","Heatsinks"],"picked":"Ball Lightning","floor":2.0},{"not_picked":["Compile Driver","Conserve Battery"],"picked":"Sweeping Beam","floor":6.0},{"not_picked":["Sweeping Beam","Go for the Eyes"],"picked":"Ball Lightning","floor":11.0},{"not_picked":["Ball Lightning","Redo"],"picked":"Doom and Gloom","floor":12.0},{"not_picked":["Darkness","Thunder Strike"],"picked":"Genetic Algorithm","floor":13.0},{"not_picked":["Reprogram","Turbo"],"picked":"Hologram","floor":14.0},{"not_picked":["Multi-Cast","Buffer"],"picked":"Seek","floor":16.0},{"not_picked":["Gash","Rip and Tear"],"picked":"Chill","floor":18.0},{"not_picked":["Hologram+1","Aggregate"],"picked":"Ball Lightning+1","floor":21.0},{"not_picked":["Stack","Leap"],"picked":"Steam","floor":24.0},{"not_picked":["Sweeping Beam","Fusion"],"picked":"Steam","floor":28.0},{"not_picked":["Skim","Scrape"],"picked":"Buffer","floor":29.0},{"not_picked":["Barrage","Hologram","Go for the Eyes"],"picked":"SKIP","floor":30.0},{"not_picked":["Gash","Ball Lightning"],"picked":"Coolheaded","floor":31.0},{"not_picked":["All For One","Reboot"],"picked":"Buffer","floor":33.0},{"not_picked":["Barrage","Beam Cell","Turbo+1"],"picked":"SKIP","floor":35.0},{"not_picked":["Barrage","Auto Shields"],"picked":"Redo","floor":37.0},{"not_picked":["Sweeping Beam","Double Energy","Tempest+1"],"picked":"Coolheaded","floor":44.0},{"not_picked":["Compile Driver","Coolheaded","Darkness","Hologram"],"picked":"Singing Bowl","floor":46.0},{"not_picked":["Stack","Leap+1","Genetic Algorithm","Rebound"],"picked":"Singing Bowl","floor":47.0},{"not_picked":["Recycle","Blizzard+1","Hologram","Hyperbeam"],"picked":"Singing Bowl","floor":48.0}],"player_experience":1554309,"relics_obtained":[{"floor":6.0,"key":"Pen Nib"},{"floor":9.0,"key":"Bottled Flame"},{"floor":11.0,"key":"Kunai"},{"floor":14.0,"key":"Dodecahedron"},{"floor":24.0,"key":"DataDisk"},{"floor":26.0,"key":"Bag of Marbles"},{"floor":27.0,"key":"Vajra"},{"floor":30.0,"key":"Lantern"},{"floor":38.0,"key":"Anchor"},{"floor":39.0,"key":"Question Card"},{"floor":43.0,"key":"Boot"},{"floor":44.0,"key":"Singing Bowl"},{"floor":48.0,"key":"Cables"}],"event_choices":[{"damage_healed":0.0,"max_hp_gain":0.0,"max_hp_loss":0.0,"gold_gain":0.0,"event_name":"Scrap Ooze","player_choice":"Success","floor":3.0,"gold_loss":0.0,"damage_taken":26.0,"relics_obtained":["Tiny Chest"]},{"damage_healed":23.0,"max_hp_gain":0.0,"max_hp_loss":0.0,"gold_gain":0.0,"event_name":"Big Fish","player_choice":"Banana","floor":4.0,"gold_loss":0.0,"damage_taken":0.0},{"damage_healed":0.0,"max_hp_gain":0.0,"max_hp_loss":0.0,"gold_gain":0.0,"event_name":"Shining Light","player_choice":"Entered Light","floor":5.0,"gold_loss":0.0,"damage_taken":21.0,"cards_upgraded":["Defend_B","Strike_B"]},{"damage_healed":0.0,"max_hp_gain":0.0,"max_hp_loss":0.0,"gold_gain":50.0,"event_name":"Nest","player_choice":"Stole From Cult","floor":19.0,"gold_loss":0.0,"damage_taken":0.0},{"damage_healed":0.0,"max_hp_gain":0.0,"max_hp_loss":0.0,"gold_gain":0.0,"event_name":"Duplicator","player_choice":"Copied","floor":20.0,"gold_loss":0.0,"damage_taken":0.0,"cards_obtained":["Genetic Algorithm"]},{"damage_healed":0.0,"max_hp_gain":0.0,"max_hp_loss":0.0,"gold_gain":0.0,"event_name":"The Mausoleum","player_choice":"Ignored","floor":25.0,"gold_loss":0.0,"damage_taken":0.0},{"damage_healed":0.0,"max_hp_gain":0.0,"max_hp_loss":4.0,"gold_gain":0.0,"event_name":"Winding Halls","player_choice":"Max HP","floor":42.0,"gold_loss":0.0,"damage_taken":0.0}],"is_beta":true,"boss_relics":[{"not_picked":["Lizard Tail","Tiny House"],"picked":"Fusion Hammer"},{"not_picked":["Calling Bell","FrozenCore"],"picked":"Astrolabe"}],"items_purged_floors":[8],"is_endless":false,"potions_floor_spawned":[1,11,12,14,18,28,31,33,35,44,47,48],"killed_by":"Donu and Deca","ascension_level":20}