{"gold_per_floor":[112,123,123,141,66,66,84,84,84,102,49,63,92,92,92,166,166,176,189,114,114,14,40,40,55,79,79,106,106,106,120,120,193,193,203,220,220,239,256,256,266,284,332,332],"floor_reached":44,"playtime":2215,"items_purged":["Strike_R","Strike_R"],"score":904,"play_id":"bb3bc61a-81f0-4c97-af1b-b6466328665f","local_time":"20190512192949","is_ascension_mode":true,"campfire_choices":[{"data":"Iron Wave","floor":6,"key":"SMITH"},{"data":"Inflame","floor":8,"key":"SMITH"},{"data":"Iron Wave","floor":15,"key":"SMITH"},{"data":"Juggernaut","floor":24,"key":"SMITH"},{"data":"Bash","floor":29,"key":"SMITH"},{"floor":32,"key":"REST"},{"floor":40,"key":"REST"}],"neow_cost":"PERCENT_DAMAGE","seed_source_timestamp":1471449348753539,"circlet_count":0,"master_deck":["AscendersBane","Defend_R","Bash+1","Inflame+1","Iron Wave+1","Twin Strike","Iron Wave+1","Twin Strike","Juggernaut+1","Clash","Inflame","Ghostly Armor+1","Clash","Disarm+1","Warcry+1","Exhume+1","Battle Trance+1","Juggernaut","Warcry+1","Shrug It Off+1","Body Slam"],"relics":["Black Blood","Meat on the Bone","Champion Belt","Toxic Egg 2","Cursed Key","Lantern","Omamori","Regal Pillow","PreservedInsect"],"potions_floor_usage":[12,16,16,23,28,33,36,39,44,44],"damage_taken":[{"damage":9,"enemies":"Jaw Worm","floor":1,"turns":4},{"damage":11,"enemies":"Small Slimes","floor":2,"turns":3},{"damage":2,"enemies":"2 Louse","floor":4,"turns":3},{"damage":5,"enemies":"Looter","floor":7,"turns":4},{"damage":0,"enemies":"2 Fungi Beasts","floor":10,"turns":2},{"damage":4,"enemies":"Red Slaver","floor":12,"turns":2},{"damage":18,"enemies":"Lagavulin","floor":13,"turns":6},{"damage":16,"enemies":"Slime Boss","floor":16,"turns":6},{"damage":18,"enemies":"3 Byrds","floor":18,"turns":5},{"damage":0,"enemies":"Chosen","floor":19,"turns":3},{"damage":47,"enemies":"Slavers","floor":23,"turns":7},{"damage":13,"enemies":"Centurion and Healer","floor":25,"turns":4},{"damage":17,"enemies":"Book of Stabbing","floor":28,"turns":4},{"damage":4,"enemies":"Chosen and Byrds","floor":31,"turns":6},{"damage":52,"enemies":"Collector","floor":33,"turns":9},{"damage":1,"enemies":"3 Shapes","floor":35,"turns":5},{"damage":0,"enemies":"Orb Walker","floor":36,"turns":3},{"damage":50,"enemies":"Spire Growth","floor":38,"turns":6},{"damage":37,"enemies":"Sphere and 2 Shapes","floor":39,"turns":6},{"damage":10,"enemies":"4 Shapes","floor":41,"turns":6},{"damage":18,"enemies":"Maw","floor":42,"turns":7},{"damage":77,"enemies":"2 Orb Walkers","floor":44,"turns":4}],"seed_played":"7501202621194492131","potions_obtained":[{"floor":1,"key":"Swift Potion"},{"floor":2,"key":"SkillPotion"},{"floor":4,"key":"Explosive Potion"},{"floor":13,"key":"SteroidPotion"},{"floor":19,"key":"Block Potion"},{"floor":23,"key":"SpeedPotion"},{"floor":25,"key":"Energy Potion"},{"floor":33,"key":"Block Potion"},{"floor":35,"key":"EssenceOfSteel"},{"floor":39,"key":"SteroidPotion"},{"floor":41,"key":"PowerPotion"},{"floor":42,"key":"Regen Potion"}],"is_trial":false,"path_per_floor":["M","M","?","M","?","R","M","R","T","M","$","M","E","T","R","B",null,"M","M","$","?","$","E","R","M","T","?","E","R","?","M","R","B",null,"M","M","?","M","M","R","M","M","T","?"],"character_chosen":"IRONCLAD","items_purchased":["Iron Wave"],"campfire_rested":2,"item_purchase_floors":[11],"current_hp_per_floor":[47,42,35,39,39,39,40,40,40,46,46,48,48,48,48,50,69,57,63,63,63,63,34,34,39,39,39,40,40,40,54,75,41,67,75,75,75,47,32,69,69,61,61,0],"gold":332,"neow_bonus":"REMOVE_TWO","is_prod":false,"is_daily":false,"chose_seed":false,"campfire_upgraded":5,"win_rate":0,"timestamp":1557698389,"path_taken":["M","M","?","M","?","R","M","R","T","M","$","M","E","?","R","BOSS","M","M","$","?","$","E","R","M","T","?","E","R","?","M","R","BOSS","M","M","?","M","M","R","M","M","T","?"],"build_version":"2019-01-23","purchased_purges":2,"victory":false,"max_hp_per_floor":[75,75,75,75,75,75,75,75,75,75,75,75,75,75,75,75,75,75,75,75,75,75,75,75,75,75,75,75,75,75,75,75,75,75,75,75,75,75,75,75,75,75,75,75],"card_choices":[{"not_picked":["Disarm","Body Slam"],"picked":"Inflame","floor":1},{"not_picked":["Clash","Shockwave"],"picked":"Iron Wave","floor":2},{"not_picked":["Body Slam","Flex","Clothesline"],"picked":"SKIP","floor":4},{"not_picked":["Immolate","Body Slam"],"picked":"Twin Strike","floor":7},{"not_picked":["Pommel Strike","Combust","Armaments"],"picked":"SKIP","floor":10},{"not_picked":["Armaments","Shockwave","Fire Breathing"],"picked":"SKIP","floor":12},{"not_picked":["Burning Pact","Dark Embrace"],"picked":"Twin Strike","floor":13},{"not_picked":["Bludgeon","Barricade"],"picked":"Juggernaut","floor":16},{"not_picked":["Searing Blow","True Grit+1"],"picked":"Clash","floor":18},{"not_picked":["Sword Boomerang","Perfected Strike"],"picked":"Inflame","floor":19},{"not_picked":["Evolve","True Grit+1"],"picked":"Ghostly Armor+1","floor":23},{"not_picked":["Entrench+1","Wild Strike"],"picked":"Clash","floor":25},{"not_picked":["Clothesline+1","Immolate"],"picked":"Disarm+1","floor":28},{"not_picked":["Evolve","Twin Strike+1"],"picked":"Battle Trance+1","floor":31},{"not_picked":["Berserk","Immolate"],"picked":"Juggernaut","floor":33},{"not_picked":["Combust+1","Havoc+1","Second Wind+1"],"picked":"SKIP","floor":35},{"not_picked":["Pommel Strike","Searing Blow","Havoc+1"],"picked":"SKIP","floor":36},{"not_picked":["Clothesline","Anger+1"],"picked":"Warcry+1","floor":38},{"not_picked":["Searing Blow","Body Slam","Warcry+1"],"picked":"SKIP","floor":39},{"not_picked":["Whirlwind","Rupture"],"picked":"Shrug It Off+1","floor":41},{"not_picked":["Armaments+1","Clothesline+1"],"picked":"Body Slam","floor":42}],"player_experience":1197599,"relics_obtained":[{"floor":9,"key":"Meat on the Bone"},{"floor":13,"key":"Champion Belt"},{"floor":14,"key":"Toxic Egg 2"},{"floor":23,"key":"Lantern"},{"floor":26,"key":"Omamori"},{"floor":28,"key":"Regal Pillow"},{"floor":43,"key":"PreservedInsect"}],"event_choices":[{"cards_removed":["Defend_R"],"damage_healed":0,"gold_gain":0,"player_choice":"Card Removal","damage_taken":7,"max_hp_gain":0,"max_hp_loss":0,"event_name":"Golden Wing","floor":3,"gold_loss":0},{"cards_removed":["Strike_R"],"damage_healed":0,"gold_gain":0,"player_choice":"Card Removal","damage_taken":0,"max_hp_gain":0,"max_hp_loss":0,"event_name":"The Cleric","floor":5,"gold_loss":75},{"damage_healed":0,"gold_gain":0,"player_choice":"Ignored","damage_taken":0,"max_hp_gain":0,"max_hp_loss":0,"event_name":"The Mausoleum","floor":21,"gold_loss":0},{"cards_removed":["Injury"],"damage_healed":0,"gold_gain":0,"player_choice":"Elegance","damage_taken":0,"max_hp_gain":0,"max_hp_loss":0,"event_name":"Back to Basics","floor":27,"gold_loss":0},{"damage_healed":0,"gold_gain":0,"cards_transformed":["Strike_R","Defend_R"],"player_choice":"Became Test Subject","damage_taken":0,"max_hp_gain":0,"max_hp_loss":0,"event_name":"Drug Dealer","floor":30,"gold_loss":0,"cards_obtained":["Warcry","Exhume"]},{"damage_healed":0,"gold_gain":0,"player_choice":"Ignored","damage_taken":0,"max_hp_gain":0,"max_hp_loss":0,"event_name":"Tomb of Lord Red Mask","floor":37,"gold_loss":0},{"damage_healed":0,"gold_gain":0,"player_choice":"Fight","damage_taken":0,"max_hp_gain":0,"max_hp_loss":0,"event_name":"Mysterious Sphere","floor":44,"gold_loss":0}],"is_beta":false,"boss_relics":[{"not_picked":["Runic Cube","Sozu"],"picked":"Cursed Key"},{"not_picked":["Tiny House","Astrolabe"],"picked":"Black Blood"}],"items_purged_floors":[20,22],"is_endless":false,"potions_floor_spawned":[1,2,4,13,19,23,25,33,35,39,41,42],"killed_by":"2 Orb Walkers","ascension_level":20}