{"gold_per_floor":[109,284,284,299,312,343,343,343,343,361,361,211,211,211,211,311,311,327,20,37,57,57,57,71,71,119,133,133,147,147,147],"floor_reached":31,"playtime":2169,"items_purged":[],"score":353,"play_id":"d2ccb8d9-5fdd-40a1-9c10-825cff0a6704","local_time":"20190325093032","is_ascension_mode":true,"campfire_choices":[{"data":"Defragment","floor":7,"key":"SMITH"},{"data":"Dualcast","floor":13,"key":"SMITH"},{"data":"Self Repair","floor":15,"key":"SMITH"},{"data":"Thunder Strike","floor":23,"key":"SMITH"},{"floor":25,"key":"REST"},{"floor":30,"key":"REST"}],"neow_cost":"TEN_PERCENT_HP_LOSS","seed_source_timestamp":348631290435100,"circlet_count":0,"master_deck":["AscendersBane","Strike_B+1","Strike_B+1","Defend_B+1","Defend_B+1","Defend_B+1","Zap","Dualcast+1","Static Discharge","Sweeping Beam","Defragment+1","Steam","Self Repair+1","Melter","Scrape","Thunder Strike+1","Auto Shields","Fusion","White Noise","Defragment+1"],"relics":["Cracked Core","Girya","WingedGreaves","Busted Crown","Dead Branch","Omamori"],"potions_floor_usage":[6,20,29,29,29],"damage_taken":[{"damage":4,"enemies":"Jaw Worm","floor":1,"turns":3},{"damage":4,"enemies":"2 Louse","floor":4,"turns":3},{"damage":1,"enemies":"Cultist","floor":5,"turns":3},{"damage":18,"enemies":"Gremlin Nob","floor":6,"turns":3},{"damage":0,"enemies":"Large Slime","floor":10,"turns":5},{"damage":27,"enemies":"Slime Boss","floor":16,"turns":8},{"damage":0,"enemies":"Spheric Guardian","floor":18,"turns":2},{"damage":6,"enemies":"3 Byrds","floor":20,"turns":2},{"damage":31,"enemies":"Snecko","floor":21,"turns":5},{"damage":22,"enemies":"Chosen and Byrds","floor":24,"turns":5},{"damage":18,"enemies":"Snake Plant","floor":27,"turns":5},{"damage":45,"enemies":"3 Cultists","floor":29,"turns":6},{"damage":39,"enemies":"Cultist and Chosen","floor":31,"turns":5}],"seed_played":"-3494979001280425294","potions_obtained":[{"floor":1,"key":"LiquidBronze"},{"floor":4,"key":"Fire Potion"},{"floor":16,"key":"Regen Potion"},{"floor":20,"key":"Weak Potion"},{"floor":27,"key":"GamblersBrew"}],"is_trial":false,"path_per_floor":["M","?","?","M","M","E","R","?","T","M","?","$","R","?","R","B",null,"M","$","M","M","?","R","M","R","T","M","?","M","R","M"],"character_chosen":"DEFECT","items_purchased":["Self Repair","Melter","Dead Branch"],"campfire_rested":2,"item_purchase_floors":[12,12,19],"current_hp_per_floor":[64,64,64,60,59,41,41,41,41,41,41,41,41,41,41,24,57,67,67,68,47,47,47,25,45,45,37,37,16,36,0],"gold":147,"neow_bonus":"REMOVE_TWO","is_prod":false,"is_daily":false,"chose_seed":false,"campfire_upgraded":4,"win_rate":0,"timestamp":1553520632,"path_taken":["M","?","?","M","?","E","R","?","T","M","?","$","R","?","R","BOSS","M","?","M","M","?","R","M","R","T","M","?","?","R","M"],"build_version":"2019-01-23","purchased_purges":0,"victory":false,"max_hp_per_floor":[68,68,68,68,68,68,68,68,68,68,68,68,68,68,68,68,68,68,68,68,68,68,68,68,68,68,68,68,68,68,68],"card_choices":[{"not_picked":["Recycle","Barrage"],"picked":"Static Discharge","floor":1},{"not_picked":["Hologram","Redo"],"picked":"Sweeping Beam","floor":4},{"not_picked":["Steam","Compile Driver"],"picked":"Defragment","floor":5},{"not_picked":["Compile Driver","Hologram"],"picked":"Steam","floor":6},{"not_picked":["Stack","Hello World","Scrape"],"picked":"SKIP","floor":10},{"not_picked":["Hyperbeam","Buffer"],"picked":"Thunder Strike","floor":16},{"not_picked":["Barrage"],"picked":"SKIP","floor":18},{"not_picked":[],"picked":"Auto Shields","floor":20},{"not_picked":[],"picked":"Fusion","floor":21},{"not_picked":[],"picked":"White Noise","floor":24},{"not_picked":["Turbo"],"picked":"SKIP","floor":27},{"not_picked":["Undo"],"picked":"SKIP","floor":29}],"player_experience":2506860,"relics_obtained":[{"floor":6,"key":"Girya"},{"floor":9,"key":"WingedGreaves"},{"floor":26,"key":"Omamori"}],"event_choices":[{"damage_healed":0,"gold_gain":175,"player_choice":"AGREE","damage_taken":0,"max_hp_gain":0,"max_hp_loss":0,"event_name":"Liars Game","floor":2,"gold_loss":0,"cards_obtained":["Doubt"]},{"cards_removed":["Doubt"],"damage_healed":0,"gold_gain":0,"player_choice":"Removed Curses","damage_taken":0,"max_hp_gain":0,"max_hp_loss":0,"event_name":"Fountain of Cleansing","floor":3,"gold_loss":0},{"damage_healed":0,"gold_gain":0,"player_choice":"Ignored","damage_taken":0,"max_hp_gain":0,"max_hp_loss":0,"event_name":"Shining Light","floor":8,"gold_loss":0},{"damage_healed":0,"gold_gain":0,"player_choice":"Ignored","damage_taken":0,"max_hp_gain":0,"max_hp_loss":0,"event_name":"Golden Idol","floor":11,"gold_loss":0},{"damage_healed":0,"gold_gain":0,"cards_transformed":["Strike_B"],"player_choice":"Transformed","damage_taken":0,"max_hp_gain":0,"max_hp_loss":0,"event_name":"Transmorgrifier","floor":14,"gold_loss":0,"cards_obtained":["Scrape"]},{"damage_healed":0,"gold_gain":0,"player_choice":"Simplicity","damage_taken":0,"max_hp_gain":0,"max_hp_loss":0,"event_name":"Back to Basics","floor":22,"gold_loss":0,"cards_upgraded":["Strike_B","Strike_B","Defend_B","Defend_B","Defend_B"]},{"damage_healed":0,"gold_gain":0,"player_choice":"Copied","damage_taken":0,"max_hp_gain":0,"max_hp_loss":0,"event_name":"Duplicator","floor":28,"gold_loss":0,"cards_obtained":["Defragment"]}],"is_beta":false,"boss_relics":[{"not_picked":["Black Star","Velvet Choker"],"picked":"Busted Crown"}],"items_purged_floors":[],"is_endless":false,"potions_floor_spawned":[1,4,16,20,27],"killed_by":"Cultist and Chosen","ascension_level":10}