{"gold_per_floor":[215,6,20,32,107,141,141,141,222,322,336,31,44,44,44,149,149,163,163,182,107,107,107],"floor_reached":23,"playtime":1597,"items_purged":["Strike_B"],"score":198,"play_id":"88e8fd91-e11a-4547-a9fd-ef792dca1900","local_time":"20181208131239","is_ascension_mode":true,"campfire_choices":[{"floor":8,"key":"REST"},{"floor":15,"key":"REST"}],"neow_cost":"NONE","seed_source_timestamp":156320647912945,"circlet_count":0,"master_deck":["Strike_B","Strike_B","Strike_B+1","Defend_B","Defend_B","Defend_B","Defend_B","Zap+1","Dualcast+1","Beam Cell+1","Conserve Battery","White Noise","Conserve Battery","Reprogram","Tempest","Go for the Eyes","Creative AI","Doom and Gloom","Gash"],"relics":["Cracked Core","War Paint","Orichalcum","Ancient Tea Set","Tiny Chest","Whetstone","Art of War","Runic Pyramid","CultistMask"],"potions_floor_usage":[4,6],"damage_taken":[{"damage":1,"enemies":"Cultist","floor":1,"turns":4},{"damage":5,"enemies":"Small Slimes","floor":3,"turns":3},{"damage":0,"enemies":"Jaw Worm","floor":4,"turns":1},{"damage":11,"enemies":"Lagavulin","floor":6,"turns":10},{"damage":0,"enemies":"Looter","floor":11,"turns":4},{"damage":18,"enemies":"Gremlin Gang","floor":13,"turns":4},{"damage":49,"enemies":"Slime Boss","floor":16,"turns":10},{"damage":11,"enemies":"Shell Parasite","floor":18,"turns":5},{"damage":28,"enemies":"Colosseum Slavers","floor":19,"turns":4},{"damage":21,"enemies":"Spheric Guardian","floor":20,"turns":5},{"damage":15,"enemies":"Book of Stabbing","floor":23,"turns":3}],"seed_played":"2648913137382623241","potions_obtained":[{"floor":3,"key":"AttackPotion"},{"floor":4,"key":"Swift Potion"},{"floor":11,"key":"FairyPotion"},{"floor":16,"key":"SteroidPotion"}],"is_trial":false,"path_per_floor":["M","$","M","M","?","E","?","R","T","?","M","$","M","$","R","B",null,"M","?","M","$","?","E"],"character_chosen":"DEFECT","items_purchased":["War Paint","Conserve Battery","Whetstone","Art of War"],"campfire_rested":2,"item_purchase_floors":[2,2,12,12],"current_hp_per_floor":[74,74,69,69,58,47,22,44,44,44,44,44,26,26,48,7,75,64,36,15,15,15,0],"gold":107,"neow_bonus":"HUNDRED_GOLD","is_prod":false,"is_daily":false,"chose_seed":false,"campfire_upgraded":0,"win_rate":0,"timestamp":1544296359,"path_taken":["M","?","M","M","?","E","?","R","T","?","?","$","M","$","R","BOSS","M","?","M","$","?","E"],"build_version":"2018-12-06","purchased_purges":1,"victory":false,"max_hp_per_floor":[75,75,75,75,75,75,75,75,75,75,75,75,75,75,75,75,75,75,75,75,75,75,75],"card_choices":[{"not_picked":["Loop","Steam"],"picked":"Beam Cell","floor":1},{"not_picked":["Genetic Algorithm","Barrage"],"picked":"White Noise","floor":3},{"not_picked":["Storm","Barrage"],"picked":"Conserve Battery","floor":4},{"not_picked":["Turbo","Stack"],"picked":"Reprogram","floor":6},{"not_picked":["Turbo","Gash"],"picked":"Tempest","floor":11},{"not_picked":["Meteor Strike","Chaos"],"picked":"Go for the Eyes","floor":13},{"not_picked":["Reboot","Seek"],"picked":"Creative AI","floor":16},{"not_picked":["Streamline","Compile Driver+1"],"picked":"Doom and Gloom","floor":18},{"not_picked":["Stack","Rip and Tear+1"],"picked":"Gash","floor":20}],"player_experience":98453,"relics_obtained":[{"floor":6,"key":"Orichalcum"},{"floor":9,"key":"Tiny Chest"}],"event_choices":[{"damage_healed":0,"gold_gain":75,"player_choice":"Gather Gold","damage_taken":11,"max_hp_gain":0,"max_hp_loss":0,"event_name":"World of Goop","floor":5,"gold_loss":0},{"damage_healed":0,"gold_gain":0,"player_choice":"Success","damage_taken":25,"relics_obtained":["Ancient Tea Set"],"max_hp_gain":0,"max_hp_loss":0,"event_name":"Scrap Ooze","floor":7,"gold_loss":0},{"damage_healed":0,"gold_gain":100,"player_choice":"Gold","damage_taken":0,"max_hp_gain":0,"max_hp_loss":0,"event_name":"Wheel of Change","floor":10,"gold_loss":0},{"damage_healed":0,"gold_gain":0,"player_choice":"Fight","damage_taken":0,"max_hp_gain":0,"max_hp_loss":0,"event_name":"Colosseum","floor":19,"gold_loss":0},{"damage_healed":0,"gold_gain":0,"player_choice":"Fled From Nobs","damage_taken":0,"max_hp_gain":0,"max_hp_loss":0,"event_name":"Colosseum","floor":19,"gold_loss":0},{"damage_healed":0,"gold_gain":0,"player_choice":"Trade","damage_taken":0,"relics_obtained":["CultistMask"],"max_hp_gain":0,"max_hp_loss":0,"event_name":"FaceTrader","floor":22,"gold_loss":0}],"is_beta":false,"boss_relics":[{"not_picked":["Fusion Hammer","Lizard Tail"],"picked":"Runic Pyramid"}],"items_purged_floors":[21],"is_endless":false,"potions_floor_spawned":[3,4,11,16,19],"killed_by":"Book of Stabbing","ascension_level":1}