{"gold_per_floor":[116,33,52,72,35,35,35,35,35,35,69,69,69,69,69,69],"floor_reached":16,"playtime":430,"items_purged":[],"score":173,"play_id":"2d0ca0ca-f4b1-4a8c-838a-347e45b91a8e","local_time":"20190503163159","is_ascension_mode":true,"campfire_choices":[{"floor":6,"key":"REST"},{"data":"Loop","floor":10,"key":"SMITH"},{"floor":13,"key":"REST"},{"data":"Loop","floor":15,"key":"SMITH"}],"neow_cost":"PERCENT_DAMAGE","seed_source_timestamp":1450915824471200,"circlet_count":0,"master_deck":["AscendersBane","Strike_B","Strike_B","Strike_B","Strike_B","Defend_B","Defend_B","Defend_B","Defend_B","Zap","Dualcast","Electrodynamics","Loop+1","Melter","Loop+1","Fusion","White Noise","Darkness","Regret"],"relics":["Cracked Core","Orichalcum","Meat on the Bone","Nunchaku","Smiling Mask","Regal Pillow"],"potions_floor_usage":[16,16],"damage_taken":[{"damage":1,"enemies":"Cultist","floor":1,"turns":3},{"damage":0,"enemies":"2 Louse","floor":3,"turns":1},{"damage":19,"enemies":"Jaw Worm","floor":4,"turns":3},{"damage":12,"enemies":"Gremlin Nob","floor":11,"turns":3},{"damage":54,"enemies":"Hexaghost","floor":16,"turns":8}],"seed_played":"-8365952473711902238","potions_obtained":[{"floor":3,"key":"LiquidBronze"},{"floor":11,"key":"Swift Potion"}],"is_trial":false,"path_per_floor":["M","$","M","M","$","R","?","$","T","R","E","?","R","?","R","B"],"character_chosen":"DEFECT","items_purchased":["Melter","White Noise"],"campfire_rested":2,"item_purchase_floors":[2,5],"current_hp_per_floor":[45,45,45,26,26,47,47,47,47,47,47,29,50,50,50,0],"gold":69,"neow_bonus":"THREE_RARE_CARDS","is_prod":false,"is_daily":false,"chose_seed":false,"campfire_upgraded":2,"win_rate":0,"timestamp":1556915519,"path_taken":["M","$","M","M","?","R","?","$","T","R","E","?","R","?","R","BOSS"],"build_version":"2019-01-23","purchased_purges":0,"victory":false,"max_hp_per_floor":[71,71,71,71,71,71,71,71,71,71,71,71,71,71,71,71],"card_choices":[{"not_picked":["All For One","Creative AI"],"picked":"Electrodynamics","floor":0},{"not_picked":["Streamline","Coolheaded"],"picked":"Loop","floor":1},{"not_picked":["Sweeping Beam","Rebound"],"picked":"Loop","floor":3},{"not_picked":["Hologram","Ball Lightning"],"picked":"Fusion","floor":4},{"not_picked":["Cold Snap","Beam Cell"],"picked":"Darkness","floor":11}],"player_experience":2883595,"relics_obtained":[{"floor":9,"key":"Meat on the Bone"},{"floor":11,"key":"Nunchaku"}],"event_choices":[{"damage_healed":0,"gold_gain":0,"player_choice":"Searched \u00271\u0027 times","damage_taken":0,"relics_obtained":["Orichalcum"],"max_hp_gain":0,"max_hp_loss":0,"event_name":"Dead Adventurer","floor":7,"gold_loss":0},{"damage_healed":0,"gold_gain":0,"player_choice":"Success","damage_taken":18,"relics_obtained":["Smiling Mask"],"max_hp_gain":0,"max_hp_loss":0,"event_name":"Scrap Ooze","floor":12,"gold_loss":0},{"damage_healed":0,"gold_gain":0,"player_choice":"Box","damage_taken":0,"relics_obtained":["Regal Pillow"],"max_hp_gain":0,"max_hp_loss":0,"event_name":"Big Fish","floor":14,"gold_loss":0,"cards_obtained":["Regret"]}],"is_beta":false,"boss_relics":[],"items_purged_floors":[],"is_endless":false,"potions_floor_spawned":[3,11],"killed_by":"Hexaghost","ascension_level":16}