{"gold_per_floor":[118,138,149,149,149,149,184,184,184,184,33,67,86,86,86,191,191,204,216,233,433,451,451,451],"floor_reached":24,"playtime":1906,"items_purged":["Strike_B"],"score":352,"play_id":"2df25ace-2019-4212-9d16-8fbbc1ccb3a6","local_time":"20190112125854","is_ascension_mode":true,"campfire_choices":[{"data":"Buffer","floor":6,"key":"SMITH"},{"data":"Darkness","floor":8,"key":"SMITH"},{"data":"Zap","floor":10,"key":"SMITH"},{"data":"Darkness","floor":15,"key":"SMITH"},{"data":"Creative AI","floor":23,"key":"SMITH"}],"neow_cost":"TEN_PERCENT_HP_LOSS","seed_source_timestamp":0,"circlet_count":0,"master_deck":["Strike_B","Defend_B","Defend_B","Defend_B","Defend_B","Zap+1","Dualcast","Amplify","Buffer+1","Darkness+1","Rebound","White Noise","Doom and Gloom","Darkness+1","Core Surge","Creative AI","Creative AI+1","Chill","Auto Shields","Glacier","Go for the Eyes","BootSequence","Force Field"],"special_seed":0,"relics":["Cracked Core","Meat on the Bone","Ornamental Fan","Centennial Puzzle","Blood Vial","Orrery"],"potions_floor_usage":[16,16,16,19,24],"damage_taken":[{"damage":0.0,"enemies":"2 Louse","floor":1.0,"turns":4.0},{"damage":2.0,"enemies":"Jaw Worm","floor":2.0,"turns":5.0},{"damage":0.0,"enemies":"Cultist","floor":3.0,"turns":4.0},{"damage":0,"enemies":"Lagavulin","floor":7,"turns":6},{"damage":0,"enemies":"Gremlin Nob","floor":12,"turns":4},{"damage":39,"enemies":"Exordium Wildlife","floor":13,"turns":4},{"damage":0,"enemies":"Slime Boss","floor":16,"turns":6},{"damage":22,"enemies":"Shell Parasite","floor":18,"turns":3},{"damage":14,"enemies":"2 Thieves","floor":19,"turns":4},{"damage":15,"enemies":"Snake Plant","floor":20,"turns":4},{"damage":19,"enemies":"Sentry and Sphere","floor":22,"turns":9},{"damage":49,"enemies":"Gremlin Leader","floor":24,"turns":7}],"seed_played":"2385956430057172176","potions_obtained":[{"floor":1.0,"key":"GamblersBrew"},{"floor":13,"key":"PowerPotion"},{"floor":14,"key":"EntropicBrew"},{"floor":14,"key":"EssenceOfSteel"},{"floor":16,"key":"Explosive Potion"},{"floor":19,"key":"Fire Potion"},{"floor":20,"key":"Weak Potion"}],"is_trial":false,"path_per_floor":["M","M","M","?","T","R","E","R","T","R","$","E","M","?","R","B",null,"M","M","M","?","M","R","E"],"character_chosen":"DEFECT","items_purchased":["Darkness"],"campfire_rested":0,"item_purchase_floors":[11],"current_hp_per_floor":[68,66,66,66,66,66,66,66,66,66,66,66,41,41,41,43,68,46,46,45,45,40,40,0],"gold":451,"neow_bonus":"TRANSFORM_TWO_CARDS","is_prod":false,"is_daily":false,"chose_seed":false,"campfire_upgraded":5,"win_rate":0,"timestamp":1547319534,"path_taken":["M","M","M","?","?","R","E","R","T","R","$","E","M","?","R","BOSS","M","M","?","?","M","R","E"],"build_version":"2019-01-10","purchased_purges":1,"victory":false,"max_hp_per_floor":[68,68,68,68,68,68,68,68,68,68,68,68,68,68,68,68,68,68,68,68,68,68,68,68],"card_choices":[{"not_picked":["Barrage","Compile Driver"],"picked":"Darkness","floor":1.0},{"not_picked":["Melter","Hello World"],"picked":"Rebound","floor":2.0},{"not_picked":["Ball Lightning","Hologram"],"picked":"White Noise","floor":3},{"not_picked":["Streamline","FTL"],"picked":"Doom and Gloom","floor":7},{"not_picked":["Coolheaded","Conserve Battery"],"picked":"Core Surge","floor":12},{"not_picked":["Compile Driver","Rebound"],"picked":"Creative AI","floor":13},{"not_picked":["Hyperbeam","Thunder Strike"],"picked":"Creative AI","floor":16},{"not_picked":["Doom and Gloom","Turbo"],"picked":"Chill","floor":17},{"not_picked":["Barrage","Thunder Strike"],"picked":"Auto Shields","floor":17},{"not_picked":["Leap","Sweeping Beam"],"picked":"Glacier","floor":17},{"not_picked":["Barrage","Hello World"],"picked":"Go for the Eyes","floor":17},{"not_picked":["Streamline","Hologram"],"picked":"BootSequence","floor":18},{"not_picked":["Ball Lightning+1","Gash","Sunder"],"picked":"SKIP","floor":19},{"not_picked":["Rebound","Tempest","Beam Cell+1"],"picked":"SKIP","floor":20},{"not_picked":["Tempest","Defragment+1"],"picked":"Force Field","floor":22}],"player_experience":518447,"relics_obtained":[{"floor":5,"key":"Meat on the Bone"},{"floor":7,"key":"Ornamental Fan"},{"floor":9,"key":"Centennial Puzzle"},{"floor":12,"key":"Blood Vial"}],"event_choices":[{"damage_healed":0,"gold_gain":0,"player_choice":"Ignored","damage_taken":0,"max_hp_gain":0,"max_hp_loss":0,"event_name":"Liars Game","floor":4,"gold_loss":0},{"damage_healed":0,"gold_gain":0,"player_choice":"Got Potions","damage_taken":0,"max_hp_gain":0,"max_hp_loss":0,"event_name":"Lab","floor":14,"gold_loss":0},{"damage_healed":0,"gold_gain":250,"player_choice":"Bet on Owner","damage_taken":0,"max_hp_gain":0,"max_hp_loss":0,"event_name":"The Joust","floor":21,"gold_loss":50}],"is_beta":false,"boss_relics":[{"not_picked":["Calling Bell","White Beast Statue"],"picked":"Orrery"}],"items_purged_floors":[11],"is_endless":false,"potions_floor_spawned":[1,13,16,19,20],"killed_by":"Gremlin Leader","ascension_level":3}