{"gold_per_floor":[114,114,129,144,0,0,0,30,55,70,85,85,100,115,115,215,215,230,245,245,260,260,260,290,302,314,341,383,395,437,11,11,111,111,126,126,0,15,30,30,60,60,110,135,135,150,165,195,195,195],"floor_reached":51,"playtime":8274,"items_purged":["Strike_B","Shame"],"score":992,"play_id":"51da9c82-4acf-4638-b0ff-81ec7c22b164","local_time":"20190405213512","daily_mods":["Cursed Run","ControlledChaos","Terminal"],"is_ascension_mode":false,"campfire_choices":[{"data":"Fission","floor":6,"key":"SMITH"},{"data":"Defragment","floor":15,"key":"SMITH"},{"data":"Loop","floor":23,"key":"SMITH"},{"data":"Leap","floor":25,"key":"SMITH"},{"floor":32,"key":"REST"},{"data":"Buffer","floor":40,"key":"SMITH"},{"data":"Electrodynamics","floor":42,"key":"SMITH"},{"data":"Steam Power","floor":49,"key":"SMITH"}],"neow_cost":"","seed_source_timestamp":182174029752213,"circlet_count":0,"master_deck":["Strike_B+1","Strike_B","Strike_B+1","Defend_B","Defend_B+1","Defend_B","Defend_B","Zap+1","Dualcast+1","Steam Power+1","Conserve Battery","Fission+1","Defragment+1","Leap+1","Clumsy","Electrodynamics+1","Doom and Gloom","Injury","Buffer+1","Stack+1","Loop+1","Recycle+1","Decay","Capacitor+1","Chill+1","Darkness+1","Flash of Steel+1","Regret","Fission+1","Ball Lightning+1","Madness+1","Madness+1","BootSequence+1","Redo+1","Chaos+1","Parasite","Parasite","Discovery+1","Dark Shackles+1","Transmutation+1","Melter+1","Glacier+1","Capacitor+1","Shame"],"special_seed":17991,"relics":["Cursed Key","Darkstone Periapt","Du-Vu Doll","Frozen Eye","Dead Branch","Letter Opener","Art of War","Black Star","Oddly Smooth Stone","Lantern","MawBank","Toxic Egg 2","Bag of Preparation","Kunai","Gambling Chip","Whetstone","Molten Egg 2","Eternal Feather","Red Mask","Bottled Lightning","Blue Candle","Potion Belt","Smiling Mask","Ancient Tea Set","Symbiotic Virus"],"potions_floor_usage":[16,21,24,28,28,50,50,50,50],"damage_taken":[{"damage":0.0,"enemies":"Cultist","floor":1.0,"turns":3.0},{"damage":0,"enemies":"Jaw Worm","floor":3,"turns":4},{"damage":0,"enemies":"Small Slimes","floor":4,"turns":2},{"damage":4,"enemies":"Lagavulin","floor":8,"turns":5},{"damage":0,"enemies":"2 Fungi Beasts","floor":10,"turns":2},{"damage":0,"enemies":"Blue Slaver","floor":11,"turns":4},{"damage":0,"enemies":"Looter","floor":13,"turns":2},{"damage":0,"enemies":"2 Fungi Beasts","floor":14,"turns":1},{"damage":10,"enemies":"Hexaghost","floor":16,"turns":8},{"damage":0,"enemies":"Chosen","floor":18,"turns":4},{"damage":0,"enemies":"Shell Parasite","floor":19,"turns":4},{"damage":0,"enemies":"Centurion and Healer","floor":21,"turns":5},{"damage":0,"enemies":"Gremlin Leader","floor":24,"turns":5},{"damage":27,"enemies":"Snake Plant","floor":27,"turns":4},{"damage":11,"enemies":"Book of Stabbing","floor":28,"turns":3},{"damage":15,"enemies":"Gremlin Leader","floor":30,"turns":7},{"damage":6,"enemies":"Collector","floor":33,"turns":8},{"damage":3,"enemies":"3 Shapes","floor":35,"turns":2},{"damage":0,"enemies":"3 Darklings","floor":38,"turns":3},{"damage":3,"enemies":"Sphere and 2 Shapes","floor":39,"turns":3},{"damage":0,"enemies":"Nemesis","floor":41,"turns":7},{"damage":16,"enemies":"Writhing Mass","floor":46,"turns":5},{"damage":0,"enemies":"Spire Growth","floor":47,"turns":3},{"damage":2,"enemies":"Reptomancer","floor":48,"turns":5},{"damage":28,"enemies":"Awakened One","floor":50,"turns":9}],"seed_played":"2882055252263797519","potions_obtained":[{"floor":1.0,"key":"Weak Potion"},{"floor":4,"key":"Ancient Potion"},{"floor":10,"key":"Block Potion"},{"floor":14,"key":"Fire Potion"},{"floor":20,"key":"EssenceOfSteel"},{"floor":21,"key":"Block Potion"},{"floor":24,"key":"LiquidBronze"},{"floor":35,"key":"Explosive Potion"},{"floor":38,"key":"SpeedPotion"},{"floor":48,"key":"EntropicBrew"}],"is_trial":false,"path_per_floor":["M","?","M","M","$","R","?","E","T","M","M","?","M","M","R","B",null,"M","M","?","M","T","R","E","R","T","M","E","?","E","$","R","B",null,"M","?","?","M","M","R","E","R","T","T","?","M","M","E","R","B",null],"character_chosen":"DEFECT","items_purchased":["Defragment","Molten Egg 2","Flash of Steel+1"],"campfire_rested":1,"item_purchase_floors":[5,31,31],"current_hp_per_floor":[73,58,58,58,58,58,58,54,60,60,60,60,60,60,60,56,69,68,67,66,65,70,69,68,67,72,45,34,21,6,6,27,27,75,72,63,63,63,60,69,68,67,72,77,67,51,51,49,72,50],"gold":195,"neow_bonus":"","is_prod":false,"is_daily":true,"chose_seed":false,"campfire_upgraded":7,"win_rate":0,"timestamp":1554514512,"path_taken":["M","?","M","M","$","R","?","E","T","M","?","?","M","?","R","BOSS","M","M","?","?","?","R","E","R","T","M","E","?","E","$","R","BOSS","M","?","?","M","M","R","E","R","T","?","?","M","?","E","R","BOSS"],"build_version":"2019-01-23","purchased_purges":2,"victory":true,"max_hp_per_floor":[73,72,71,70,69,68,67,66,71,70,69,68,67,66,65,70,69,68,67,66,65,70,69,68,67,72,71,70,74,73,72,71,76,75,74,73,72,71,70,69,68,67,72,77,76,75,74,73,72,77],"card_choices":[{"not_picked":["Streamline","Sunder"],"picked":"Steam Power","floor":1.0},{"not_picked":["Streamline","Sweeping Beam"],"picked":"Conserve Battery","floor":3},{"not_picked":["Stack","Fusion"],"picked":"Fission","floor":4},{"not_picked":["Scrape","Storm"],"picked":"Leap","floor":8},{"not_picked":["Doom and Gloom","Compile Driver"],"picked":"Electrodynamics","floor":10},{"not_picked":["Gash","Skim","Redo"],"picked":"SKIP","floor":11},{"not_picked":["Lockon","Steam Power"],"picked":"Doom and Gloom","floor":13},{"not_picked":["Conserve Battery","Coolheaded","Stack"],"picked":"SKIP","floor":14},{"not_picked":["Multi-Cast","Machine Learning"],"picked":"Buffer","floor":16},{"not_picked":["Tempest","Streamline","Sweeping Beam"],"picked":"SKIP","floor":18},{"not_picked":["Leap","Gash+1"],"picked":"Stack+1","floor":19},{"not_picked":["Hello World+1","Turbo+1"],"picked":"Loop","floor":21},{"not_picked":["Doom and Gloom","Self Repair"],"picked":"Recycle+1","floor":24},{"not_picked":["Meteor Strike","Cold Snap"],"picked":"Capacitor+1","floor":27},{"not_picked":["Sweeping Beam","Steam Power+1"],"picked":"Chill+1","floor":28},{"not_picked":["Ball Lightning","Cold Snap+1"],"picked":"Darkness+1","floor":30},{"not_picked":["Biased Cognition","Thunder Strike+1"],"picked":"Fission+1","floor":33},{"not_picked":["Reprogram+1","Compile Driver+1"],"picked":"Ball Lightning+1","floor":35},{"not_picked":["Streamline+1","Scrape+1"],"picked":"BootSequence+1","floor":38},{"not_picked":["Sweeping Beam+1","Blizzard+1"],"picked":"Redo+1","floor":39},{"not_picked":["Scrape+1","Melter+1"],"picked":"Chaos+1","floor":41},{"not_picked":["Trip+1","Panacea+1"],"picked":"Discovery+1","floor":45},{"not_picked":["Flash of Steel+1","Trip+1"],"picked":"Dark Shackles+1","floor":45},{"not_picked":["HandOfGreed+1","Madness+1"],"picked":"Transmutation+1","floor":45},{"not_picked":["Streamline+1","Coolheaded+1"],"picked":"Melter+1","floor":46},{"not_picked":["Storm","Genetic Algorithm+1"],"picked":"Glacier+1","floor":47},{"not_picked":["Ball Lightning+1","Coolheaded+1"],"picked":"Capacitor+1","floor":48}],"player_experience":990890,"relics_obtained":[{"floor":8,"key":"Letter Opener"},{"floor":9,"key":"Art of War"},{"floor":22,"key":"Oddly Smooth Stone"},{"floor":24,"key":"Lantern"},{"floor":24,"key":"MawBank"},{"floor":26,"key":"Toxic Egg 2"},{"floor":28,"key":"Bag of Preparation"},{"floor":28,"key":"Kunai"},{"floor":30,"key":"Gambling Chip"},{"floor":30,"key":"Whetstone"},{"floor":41,"key":"Bottled Lightning"},{"floor":41,"key":"Blue Candle"},{"floor":43,"key":"Potion Belt"},{"floor":44,"key":"Smiling Mask"},{"floor":48,"key":"Ancient Tea Set"},{"floor":48,"key":"Symbiotic Virus"}],"event_choices":[{"damage_healed":0,"gold_gain":0,"player_choice":"Entered Light","damage_taken":15,"max_hp_gain":0,"max_hp_loss":0,"event_name":"Shining Light","floor":2,"gold_loss":0,"cards_upgraded":["Defend_B","Zap"]},{"damage_healed":0,"gold_gain":0,"player_choice":"Gave Potion","damage_taken":0,"relics_obtained":["Dead Branch"],"max_hp_gain":0,"max_hp_loss":0,"event_name":"WeMeetAgain","floor":7,"gold_loss":0},{"damage_healed":0,"gold_gain":0,"player_choice":"Upgraded","damage_taken":0,"max_hp_gain":0,"max_hp_loss":0,"event_name":"Upgrade Shrine","floor":12,"gold_loss":0,"cards_upgraded":["Dualcast"]},{"damage_healed":0,"gold_gain":0,"player_choice":"Got Potions","damage_taken":0,"max_hp_gain":0,"max_hp_loss":0,"event_name":"Lab","floor":20,"gold_loss":0},{"damage_healed":0,"gold_gain":0,"player_choice":"Shed Blood","damage_taken":18,"max_hp_gain":5,"max_hp_loss":0,"event_name":"Forgotten Altar","floor":29,"gold_loss":0},{"damage_healed":0,"gold_gain":0,"player_choice":"Embrace Madness","damage_taken":9,"max_hp_gain":0,"max_hp_loss":0,"event_name":"Winding Halls","floor":36,"gold_loss":0,"cards_obtained":["Madness","Madness"]},{"damage_healed":0,"gold_gain":0,"player_choice":"Paid","damage_taken":0,"relics_obtained":["Red Mask"],"max_hp_gain":0,"max_hp_loss":0,"event_name":"Tomb of Lord Red Mask","floor":37,"gold_loss":126},{"damage_healed":0,"gold_gain":0,"player_choice":"Memory 3","damage_taken":10,"max_hp_gain":0,"max_hp_loss":0,"event_name":"SensoryStone","floor":45,"gold_loss":0}],"is_beta":false,"boss_relics":[{"not_picked":["Fusion Hammer","Sozu"],"picked":"Black Star"},{"not_picked":["Orrery","Inserter"],"picked":"Eternal Feather"}],"items_purged_floors":[5,31],"is_endless":false,"potions_floor_spawned":[1,4,10,14,21,24,35,38,48],"ascension_level":0}