{"gold_per_floor":[119,119,139,64,64,64,80,115,115,131,131,145,145,52,52,149,149,168,168,187,16,33,33,63,63,63,63,98,98,98,113,113,113],"floor_reached":33,"playtime":2112,"items_purged":["Strike_B"],"score":425,"play_id":"194d6301-82a0-4f26-8149-1df83af1b0af","local_time":"20190325001126","is_ascension_mode":true,"campfire_choices":[{"data":"Zap","floor":6,"key":"SMITH"},{"data":"Reinforced Body","floor":11,"key":"SMITH"},{"floor":13,"key":"REST"},{"data":"Discovery","floor":15,"key":"SMITH"},{"floor":23,"key":"REST"},{"floor":25,"key":"REST"},{"data":"Rainbow","floor":27,"key":"SMITH"},{"floor":29,"key":"REST"},{"floor":32,"key":"REST"}],"neow_cost":"NONE","seed_source_timestamp":311739691430600,"circlet_count":0,"master_deck":["AscendersBane","Strike_B","Strike_B","Strike_B","Defend_B","Defend_B","Defend_B","Defend_B","Zap+1","Dualcast+1","Conserve Battery","Decay","Static Discharge","Genetic Algorithm","Reinforced Body+1","Thunder Strike+1","Discovery+1","Rainbow+1","Melter+1","BootSequence+1","Panache","Cold Snap+1","Ball Lightning+1","Tempest+1","Bandage Up","White Noise","Chaos+1"],"relics":["Cracked Core","Regal Pillow","FossilizedHelix","Molten Egg 2","Nuclear Battery","Prayer Wheel","DataDisk","Smiling Mask"],"potions_floor_usage":[12,12,24,33],"damage_taken":[{"damage":1,"enemies":"Cultist","floor":1,"turns":4},{"damage":0,"enemies":"2 Louse","floor":3,"turns":3},{"damage":0,"enemies":"Small Slimes","floor":7,"turns":3},{"damage":25,"enemies":"3 Sentries","floor":8,"turns":7},{"damage":5,"enemies":"Blue Slaver","floor":10,"turns":5},{"damage":26,"enemies":"Gremlin Gang","floor":12,"turns":5},{"damage":12,"enemies":"The Guardian","floor":16,"turns":12},{"damage":5,"enemies":"3 Byrds","floor":18,"turns":4},{"damage":31,"enemies":"Colosseum Slavers","floor":19,"turns":5},{"damage":0,"enemies":"Chosen","floor":20,"turns":6},{"damage":11,"enemies":"Snake Plant","floor":22,"turns":4},{"damage":36,"enemies":"Gremlin Leader","floor":24,"turns":6},{"damage":36,"enemies":"Book of Stabbing","floor":28,"turns":6},{"damage":34,"enemies":"3 Cultists","floor":31,"turns":4},{"damage":56,"enemies":"Automaton","floor":33,"turns":8}],"seed_played":"6309971604508459642","potions_obtained":[{"floor":8,"key":"PowerPotion"},{"floor":10,"key":"PowerPotion"},{"floor":18,"key":"Poison Potion"},{"floor":31,"key":"Block Potion"}],"is_trial":false,"path_per_floor":["M","?","M","$","?","R","M","E","T","M","R","M","R","$","R","B",null,"M","?","M","$","M","R","E","R","T","R","E","R","?","M","R","B"],"character_chosen":"DEFECT","items_purchased":["Discovery","Panache"],"campfire_rested":5,"item_purchase_floors":[14,21],"current_hp_per_floor":[67,67,67,67,67,67,67,42,42,37,37,11,48,48,48,36,65,60,29,29,29,18,55,19,56,56,56,20,57,43,13,50,0],"gold":113,"neow_bonus":"RANDOM_COMMON_RELIC","is_prod":false,"is_daily":false,"chose_seed":false,"campfire_upgraded":4,"win_rate":0,"timestamp":1553487086,"path_taken":["M","?","M","?","?","R","M","E","T","M","R","?","R","$","R","BOSS","M","?","M","$","M","R","E","R","T","R","E","R","?","M","R","BOSS"],"build_version":"2019-01-23","purchased_purges":1,"victory":false,"max_hp_per_floor":[75,75,75,75,75,75,75,75,75,75,75,75,75,75,75,75,75,75,75,75,75,75,75,75,75,75,75,75,75,75,75,75,75],"card_choices":[{"not_picked":["Coolheaded","Reprogram"],"picked":"Conserve Battery","floor":1},{"not_picked":["Rebound","Go for the Eyes","Turbo"],"picked":"SKIP","floor":3},{"not_picked":["Double Energy","Skim"],"picked":"Static Discharge","floor":7},{"not_picked":["Reprogram","Turbo"],"picked":"Genetic Algorithm","floor":8},{"not_picked":["Coolheaded","Barrage+1"],"picked":"Reinforced Body","floor":10},{"not_picked":["Reinforced Body","Go for the Eyes+1"],"picked":"Thunder Strike+1","floor":12},{"not_picked":["Fission","Buffer"],"picked":"Rainbow","floor":16},{"not_picked":["Barrage+1","Coolheaded+1"],"picked":"Melter+1","floor":18},{"not_picked":["Hologram+1","Heatsinks"],"picked":"BootSequence+1","floor":20},{"not_picked":["Go for the Eyes+1","Hologram"],"picked":"Cold Snap+1","floor":22},{"not_picked":["FTL+1","Go for the Eyes+1"],"picked":"Ball Lightning+1","floor":24},{"not_picked":["Rip and Tear+1","Leap"],"picked":"Tempest+1","floor":28},{"not_picked":["Gash+1","Beam Cell+1"],"picked":"White Noise","floor":31},{"not_picked":["Turbo","Redo"],"picked":"Chaos+1","floor":31}],"player_experience":2504748,"relics_obtained":[{"floor":8,"key":"FossilizedHelix"},{"floor":9,"key":"Molten Egg 2"},{"floor":24,"key":"Prayer Wheel"},{"floor":26,"key":"DataDisk"},{"floor":28,"key":"Smiling Mask"}],"event_choices":[{"damage_healed":0,"gold_gain":0,"player_choice":"Upgraded","damage_taken":0,"max_hp_gain":0,"max_hp_loss":0,"event_name":"Upgrade Shrine","floor":2,"gold_loss":0,"cards_upgraded":["Dualcast"]},{"damage_healed":0,"gold_gain":0,"player_choice":"Cursed","damage_taken":0,"max_hp_gain":0,"max_hp_loss":0,"event_name":"Wheel of Change","floor":5,"gold_loss":0,"cards_obtained":["Decay"]},{"damage_healed":0,"gold_gain":0,"player_choice":"Fight","damage_taken":0,"max_hp_gain":0,"max_hp_loss":0,"event_name":"Colosseum","floor":19,"gold_loss":0},{"damage_healed":0,"gold_gain":0,"player_choice":"Fled From Nobs","damage_taken":0,"max_hp_gain":0,"max_hp_loss":0,"event_name":"Colosseum","floor":19,"gold_loss":0},{"damage_healed":0,"gold_gain":0,"player_choice":"CARD ","damage_taken":14,"max_hp_gain":0,"max_hp_loss":0,"event_name":"Knowing Skull","floor":30,"potions_obtained":[],"gold_loss":0,"cards_obtained":["Bandage Up"]}],"is_beta":false,"boss_relics":[{"not_picked":["White Beast Statue","Pandora\u0027s Box"],"picked":"Nuclear Battery"}],"items_purged_floors":[4],"is_endless":false,"potions_floor_spawned":[8,10,18,19,31],"killed_by":"Automaton","ascension_level":10}