{"gold_per_floor":[12,23,23,23,23,23,34,61,61,79,79,99,119,119,119,216,216,231,156,175,90,109,144,44,44,44,44,44,44,62,74,74,74],"floor_reached":33,"playtime":3816,"items_purged":["Decay","Writhe"],"score":320,"play_id":"4e149324-47d8-4ac0-a15f-d8d853304346","local_time":"20190201042452","is_ascension_mode":true,"campfire_choices":[{"data":"Neutralize","floor":6,"key":"SMITH"},{"data":"Backstab","floor":15,"key":"SMITH"},{"floor":25,"key":"REST"},{"floor":27,"key":"REST"},{"data":"Corpse Explosion","floor":29,"key":"SMITH"},{"floor":32,"key":"REST"}],"neow_cost":"NO_GOLD","seed_source_timestamp":280727515299400,"circlet_count":0,"master_deck":["Defend_G","Defend_G","Defend_G","Defend_G","Defend_G","Strike_G","Strike_G","Strike_G+1","Strike_G","Strike_G","Survivor","Neutralize+1","Flechettes+1","Quick Slash","Backstab+1","PiercingWail","Catalyst","All Out Attack","Blur","Corpse Explosion+1","Parasite","Flying Knee+1","Dodge and Roll","Poisoned Stab","Quick Slash+1","Underhanded Strike","Poisoned Stab"],"relics":["Ring of the Snake","Mummified Hand","Matryoshka","Bronze Scales","Anchor","Calling Bell","Snake Skull","Meat on the Bone","Gambling Chip","Toxic Egg 2","Unceasing Top","Lantern","Sundial","Bottled Lightning"],"potions_floor_usage":[16,20,23,31,31,33],"damage_taken":[{"damage":3,"enemies":"Small Slimes","floor":1,"turns":5},{"damage":0,"enemies":"2 Louse","floor":2,"turns":3},{"damage":0,"enemies":"Jaw Worm","floor":7,"turns":3},{"damage":12,"enemies":"3 Sentries","floor":8,"turns":10},{"damage":0,"enemies":"Gremlin Gang","floor":10,"turns":5},{"damage":1,"enemies":"Lots of Slimes","floor":12,"turns":3},{"damage":0,"enemies":"Looter","floor":13,"turns":2},{"damage":38,"enemies":"Hexaghost","floor":16,"turns":13},{"damage":0,"enemies":"Chosen","floor":18,"turns":5},{"damage":0,"enemies":"2 Thieves","floor":20,"turns":2},{"damage":23,"enemies":"Centurion and Healer","floor":22,"turns":5},{"damage":50,"enemies":"Book of Stabbing","floor":23,"turns":6},{"damage":2,"enemies":"Cultist and Chosen","floor":30,"turns":3},{"damage":32,"enemies":"Sentry and Sphere","floor":31,"turns":7},{"damage":76,"enemies":"Collector","floor":33,"turns":6}],"seed_played":"9197162149487433600","potions_obtained":[{"floor":8,"key":"Swift Potion"},{"floor":10,"key":"Poison Potion"},{"floor":12,"key":"SpeedPotion"},{"floor":18,"key":"PowerPotion"},{"floor":22,"key":"Poison Potion"},{"floor":31,"key":"Swift Potion"}],"is_trial":false,"path_per_floor":["M","M","?","?","$","R","M","E","T","M","$","M","M","?","R","B",null,"M","$","M","?","M","E","$","R","T","R","T","R","M","M","R","B"],"character_chosen":"THE_SILENT","items_purchased":[],"campfire_rested":3,"item_purchase_floors":[],"current_hp_per_floor":[81,81,74,57,57,57,57,45,45,45,45,44,44,44,44,6,84,84,84,84,84,61,23,23,48,48,73,73,73,71,51,76,0],"gold":74,"neow_bonus":"TWENTY_PERCENT_HP_BONUS","is_prod":false,"is_daily":false,"chose_seed":false,"campfire_upgraded":3,"win_rate":0,"timestamp":1549013092,"path_taken":["M","M","?","?","?","R","?","E","T","?","$","M","M","?","R","BOSS","M","$","M","?","M","E","$","R","T","R","?","R","M","M","R","BOSS"],"build_version":"2019-01-23","purchased_purges":2,"victory":false,"max_hp_per_floor":[84,84,84,84,84,84,84,84,84,84,84,84,84,84,84,84,84,84,84,84,84,84,84,84,84,84,84,84,84,84,84,84,84],"card_choices":[{"not_picked":["Flying Knee","Slice"],"picked":"Flechettes","floor":1},{"not_picked":["Slice","Flechettes"],"picked":"Quick Slash","floor":2},{"not_picked":["Infinite Blades","Masterful Stab"],"picked":"Backstab","floor":7},{"not_picked":["Heel Hook","Poisoned Stab"],"picked":"PiercingWail","floor":8},{"not_picked":["Deflect","Slice"],"picked":"Catalyst","floor":10},{"not_picked":["Grand Finale","Choke"],"picked":"All Out Attack","floor":12},{"not_picked":["Distraction","Cloak And Dagger"],"picked":"Blur","floor":13},{"not_picked":["Storm of Steel","Envenom"],"picked":"Corpse Explosion","floor":16},{"not_picked":["Escape Plan","Dagger Throw"],"picked":"Flying Knee+1","floor":18},{"not_picked":["Setup","Riddle With Holes+1"],"picked":"Dodge and Roll","floor":20},{"not_picked":["Acrobatics+1","Slice"],"picked":"Poisoned Stab","floor":22},{"not_picked":["Cloak And Dagger+1","Grand Finale"],"picked":"Quick Slash+1","floor":23},{"not_picked":["Flechettes+1","All Out Attack"],"picked":"Underhanded Strike","floor":30},{"not_picked":["Infinite Blades","Accuracy"],"picked":"Poisoned Stab","floor":31}],"player_experience":2067682,"relics_obtained":[{"floor":8,"key":"Matryoshka"},{"floor":9,"key":"Bronze Scales"},{"floor":9,"key":"Anchor"},{"floor":17,"key":"Snake Skull"},{"floor":17,"key":"Meat on the Bone"},{"floor":17,"key":"Gambling Chip"},{"floor":23,"key":"Unceasing Top"},{"floor":26,"key":"Lantern"},{"floor":26,"key":"Sundial"},{"floor":28,"key":"Bottled Lightning"}],"event_choices":[{"damage_healed":0,"gold_gain":0,"player_choice":"Success","damage_taken":7,"relics_obtained":["Mummified Hand"],"max_hp_gain":0,"max_hp_loss":0,"event_name":"Scrap Ooze","floor":3,"gold_loss":0},{"damage_healed":0,"gold_gain":0,"player_choice":"Entered Light","damage_taken":17,"max_hp_gain":0,"max_hp_loss":0,"event_name":"Shining Light","floor":4,"gold_loss":0,"cards_upgraded":["Flechettes","Strike_G"]},{"damage_healed":0,"gold_gain":0,"player_choice":"Ignored","damage_taken":0,"max_hp_gain":0,"max_hp_loss":0,"event_name":"Golden Idol","floor":14,"gold_loss":0},{"damage_healed":0,"gold_gain":0,"player_choice":"Obtained Relic","damage_taken":0,"relics_obtained":["Toxic Egg 2"],"max_hp_gain":0,"max_hp_loss":0,"event_name":"Addict","floor":21,"gold_loss":85}],"is_beta":false,"boss_relics":[{"not_picked":["Busted Crown","Runic Dome"],"picked":"Calling Bell"}],"items_purged_floors":[19,24],"is_endless":false,"potions_floor_spawned":[8,10,12,13,18,22,31],"killed_by":"Collector","ascension_level":4}