{"gold_per_floor":[119,136,61,61,72,106,32,52,107,107,139,154,3,21,21,116,116,135,135,161,171,218,218,218],"floor_reached":24,"playtime":1194,"items_purged":["Strike_G"],"score":206,"play_id":"7a3c1780-d5a1-46e7-a380-e584684420a3","local_time":"20180726022057","is_ascension_mode":false,"campfire_choices":[{"floor":15,"key":"REST"},{"data":"Noxious Fumes","floor":23,"key":"SMITH"}],"neow_cost":"NONE","seed_source_timestamp":1959513997328,"circlet_count":0,"master_deck":["Defend_G","Defend_G","Defend_G","Defend_G","Defend_G","Survivor","Neutralize","Caltrops","Poisoned Stab","Backstab","Deadly Poison","Noxious Fumes+1","Backflip","Bane","Deadly Poison","Corpse Explosion","Leg Sweep+1","Burst+1","Venomology+1","Dodge and Roll","Deadly Poison"],"relics":["Ring of the Snake","Bottled Lightning","Bag of Marbles","Juzu Bracelet","Snake Skull","Astrolabe","Strawberry","Red Mask","Blood Vial"],"potions_floor_usage":[6,11,12,18,20,21,24,24],"damage_taken":[{"damage":0,"enemies":"Cultist","floor":1,"turns":4},{"damage":0,"enemies":"Small Slimes","floor":2,"turns":4},{"damage":2,"enemies":"2 Louse","floor":5,"turns":2},{"damage":15,"enemies":"Lagavulin","floor":6,"turns":9},{"damage":2,"enemies":"Blue Slaver","floor":8,"turns":4},{"damage":4,"enemies":"Gremlin Nob","floor":11,"turns":3},{"damage":18,"enemies":"Exordium Wildlife","floor":12,"turns":5},{"damage":1,"enemies":"2 Fungi Beasts","floor":14,"turns":3},{"damage":15,"enemies":"Hexaghost","floor":16,"turns":7},{"damage":5,"enemies":"3 Byrds","floor":18,"turns":3},{"damage":13,"floor":20,"turns":3},{"damage":14,"enemies":"2 Thieves","floor":21,"turns":2},{"damage":49,"enemies":"Book of Stabbing","floor":24,"turns":5}],"seed_played":"8053049883603630312","potions_obtained":[{"floor":1,"key":"PowerPotion"},{"floor":5,"key":"Fire Potion"},{"floor":11,"key":"LiquidBronze"},{"floor":12,"key":"SteroidPotion"},{"floor":20,"key":"AttackPotion"}],"is_trial":false,"path_per_floor":["M","M","$","?","M","E","$","M","T","?","E","M","$","M","R","B",null,"M","?","?","M","T","R"],"character_chosen":"THE_SILENT","items_purchased":["Noxious Fumes","Snake Skull"],"campfire_rested":1,"item_purchase_floors":[7,13],"current_hp_per_floor":[70,70,70,63,61,46,46,44,44,44,40,22,22,21,42,27,70,65,72,59,45,45,45,0],"gold":218,"neow_bonus":"THREE_CARDS","is_prod":false,"is_daily":false,"chose_seed":false,"campfire_upgraded":1,"win_rate":0,"timestamp":1532586057,"path_taken":["M","M","$","?","M","E","$","M","T","?","E","M","$","M","R","BOSS","M","?","?","M","?","R","E"],"build_version":"2018-07-19v2","purchased_purges":1,"victory":false,"max_hp_per_floor":[70,70,70,70,70,70,70,70,70,70,70,70,70,70,70,70,70,70,77,77,77,77,77,77],"card_choices":[{"not_picked":["Quick Slash","Acrobatics"],"picked":"Caltrops","floor":0},{"not_picked":["Expertise","Underhanded Strike"],"picked":"Poisoned Stab","floor":1},{"not_picked":["Dagger Spray","Sucker Punch","Slice"],"picked":"SKIP","floor":2},{"not_picked":["Flying Knee","Glass Knife"],"picked":"Backstab","floor":5},{"not_picked":["PiercingWail","Skewer"],"picked":"Deadly Poison","floor":6},{"not_picked":["Dagger Throw","Sucker Punch"],"picked":"Backflip","floor":8},{"not_picked":["Sucker Punch","Masterful Stab","Cloak And Dagger"],"picked":"SKIP","floor":11},{"not_picked":["Expertise","All Out Attack"],"picked":"Bane","floor":12},{"not_picked":["Dagger Spray","Underhanded Strike"],"picked":"Deadly Poison","floor":14},{"not_picked":["Die Die Die","Glass Knife"],"picked":"Corpse Explosion","floor":16},{"not_picked":["Flying Knee","Escape Plan"],"picked":"Dodge and Roll","floor":18},{"not_picked":["Sucker Punch","Quick Slash"],"picked":"Deadly Poison","floor":21}],"player_experience":512947,"relics_obtained":[{"floor":6,"key":"Bottled Lightning"},{"floor":9,"key":"Bag of Marbles"},{"floor":11,"key":"Juzu Bracelet"},{"floor":20,"key":"Red Mask"},{"floor":22,"key":"Blood Vial"}],"event_choices":[{"event_name":"Golden Wing","player_choice":"Card Removal","floor":4,"damage_taken":0},{"event_name":"Liars Game","player_choice":"disagreed","floor":10,"damage_taken":0},{"event_name":"The Mausoleum","player_choice":"Yes","floor":19,"damage_taken":0},{"event_name":"Masked Bandits","player_choice":"Fought over 135 gold","floor":20,"damage_taken":0}],"is_beta":false,"boss_relics":[{"not_picked":["Ectoplasm","Pandora\u0027s Box"],"picked":"Astrolabe"}],"items_purged_floors":[3],"is_endless":false,"potions_floor_spawned":[1,5,11,12,20],"killed_by":"Book of Stabbing","ascension_level":0}