{"gold_per_floor":[116,116,191,116,126,155,155,185,208,225,225,225,239,258,258,356,356,373,390,99,99],"floor_reached":21,"playtime":7943,"items_purged":["Strike_B"],"score":227,"play_id":"784fad4c-d8e1-42d3-a826-5d9f72963d4e","local_time":"20181007200620","is_ascension_mode":true,"campfire_choices":[{"floor":7,"key":"REST"},{"floor":12,"key":"REST"},{"floor":15,"key":"REST"}],"neow_cost":"NONE","seed_source_timestamp":11746333764649,"circlet_count":0,"master_deck":["Strike_B+1","Strike_B+1","Zap","Dualcast","Biased Cognition","Doom and Gloom","Conserve Battery","Redo","Consume","Cold Snap","Heatsinks","Creative AI","Hyperbeam+1","Cold Snap+1","Fission+1","Coolheaded","Self Repair"],"relics":["Cracked Core","Bag of Marbles","Turnip","Whetstone","Astrolabe","PrismaticShard"],"potions_floor_usage":[16,18],"damage_taken":[{"damage":9,"enemies":"Jaw Worm","floor":1,"turns":3},{"damage":10,"enemies":"2 Louse","floor":5,"turns":2},{"damage":33,"enemies":"Gremlin Nob","floor":6,"turns":4},{"damage":18,"enemies":"3 Sentries","floor":8,"turns":5},{"damage":0,"enemies":"Cultist","floor":10,"turns":2},{"damage":2,"enemies":"Blue Slaver","floor":13,"turns":3},{"damage":28,"enemies":"Exordium Thugs","floor":14,"turns":4},{"damage":17,"enemies":"The Guardian","floor":16,"turns":7},{"damage":16,"enemies":"3 Byrds","floor":18,"turns":4},{"damage":23,"enemies":"Shell Parasite","floor":19,"turns":3},{"damage":49,"enemies":"3 Cultists","floor":21,"turns":4}],"seed_played":"-927833723670293362","potions_obtained":[{"floor":6,"key":"Ancient Potion"},{"floor":8,"key":"SteroidPotion"},{"floor":10,"key":"PowerPotion"},{"floor":13,"key":"AttackPotion"},{"floor":16,"key":"Explosive Potion"},{"floor":19,"key":"FocusPotion"}],"is_trial":false,"path_per_floor":["M","?","?","$","M","E","R","E","T","M","?","R","M","M","R","B",null,"M","M","$"],"character_chosen":"DEFECT","items_purchased":["PrismaticShard","Self Repair"],"campfire_rested":3,"item_purchase_floors":[20,20],"current_hp_per_floor":[66,59,52,52,42,9,31,13,13,13,13,35,33,5,27,10,75,59,36,36,0],"gold":99,"neow_bonus":"ONE_RANDOM_RARE_CARD","is_prod":false,"is_daily":false,"chose_seed":false,"campfire_upgraded":0,"win_rate":0,"timestamp":1538957180,"path_taken":["M","?","?","$","?","E","R","E","T","M","?","R","M","M","R","BOSS","M","M","$","M"],"build_version":"2018-10-04v2","purchased_purges":1,"victory":false,"max_hp_per_floor":[75,75,75,75,75,75,75,75,75,75,75,75,75,75,75,75,75,75,75,75,75],"card_choices":[{"not_picked":["Redo","Ball Lightning"],"picked":"Doom and Gloom","floor":1},{"not_picked":["Streamline","Buffer"],"picked":"Conserve Battery","floor":5},{"not_picked":["Steam","Undo"],"picked":"Redo","floor":6},{"not_picked":["Storm","Compile Driver"],"picked":"Consume","floor":8},{"not_picked":["Blizzard","Compile Driver"],"picked":"Cold Snap","floor":10},{"not_picked":["Blizzard","Recycle","Rip and Tear"],"picked":"SKIP","floor":13},{"not_picked":["Beam Cell","Force Field"],"picked":"Heatsinks","floor":14},{"not_picked":["Thunder Strike","Machine Learning"],"picked":"Creative AI","floor":16},{"not_picked":["Barrage","Gash"],"picked":"Coolheaded","floor":18},{"not_picked":["Beam Cell","Lockon+1","Sweeping Beam"],"picked":"SKIP","floor":19}],"player_experience":1215895,"relics_obtained":[{"floor":6,"key":"Bag of Marbles"},{"floor":8,"key":"Turnip"},{"floor":9,"key":"Whetstone"}],"event_choices":[{"event_name":"Golden Wing","player_choice":"Card Removal","floor":2,"damage_taken":0},{"event_name":"FaceTrader","player_choice":"Touch","floor":3,"damage_taken":0},{"event_name":"Bonfire Elementals","player_choice":"BASIC","floor":11,"damage_taken":0}],"is_beta":false,"boss_relics":[{"not_picked":["Coffee Dripper","Black Star"],"picked":"Astrolabe"}],"items_purged_floors":[4],"is_endless":false,"potions_floor_spawned":[6,8,10,13,16,19],"killed_by":"3 Cultists","ascension_level":4}