{"gold_per_floor":[114,134,33,49,101,143,155,179,215,256,418,449,247,172,172,172],"floor_reached":16,"playtime":899,"items_purged":["Defend_R","Strike_R"],"score":193,"play_id":"ea1f9348-f435-4e44-8713-242ef5a9af70","local_time":"20190520090223","is_ascension_mode":true,"campfire_choices":[{"data":"Metallicize","floor":7,"key":"SMITH"},{"data":"Corruption","floor":15,"key":"SMITH"}],"neow_cost":"NONE","seed_source_timestamp":4390034376838133,"circlet_count":0,"master_deck":["AscendersBane","Strike_R","Strike_R","Strike_R","Defend_R","Defend_R","Defend_R","Bash","Sever Soul","Dual Wield","Shrug It Off","Metallicize+1","Thunderclap","Corruption+1","Shockwave"],"relics":["Burning Blood","Vajra","MawBank","Omamori","Potion Belt","Dead Branch"],"potions_floor_usage":[10,10,16],"damage_taken":[{"damage":1,"enemies":"Cultist","floor":1,"turns":3},{"damage":9,"enemies":"2 Louse","floor":2,"turns":3},{"damage":5,"enemies":"Small Slimes","floor":4,"turns":3},{"damage":37,"enemies":"3 Sentries","floor":6,"turns":7},{"damage":13,"enemies":"3 Louse","floor":8,"turns":5},{"damage":29,"enemies":"Lagavulin","floor":10,"turns":7},{"damage":1,"enemies":"Blue Slaver","floor":12,"turns":4},{"damage":24,"enemies":"The Guardian","floor":16,"turns":7}],"seed_played":"5517699037549080265","potions_obtained":[{"floor":1,"key":"Block Potion"},{"floor":6,"key":"BloodPotion"},{"floor":10,"key":"Weak Potion"}],"is_trial":false,"path_per_floor":["M","M","$","M","T","E","R","M","T","E","?","M","$","?","R","B"],"character_chosen":"IRONCLAD","items_purchased":["Shrug It Off","Corruption","Shockwave"],"campfire_rested":0,"item_purchase_floors":[3,13,13],"current_hp_per_floor":[73,70,70,71,71,40,40,33,33,17,17,22,22,22,22,0],"gold":172,"neow_bonus":"RANDOM_COMMON_RELIC","is_prod":false,"is_daily":false,"chose_seed":false,"campfire_upgraded":2,"win_rate":0,"timestamp":1558335743,"path_taken":["M","M","$","M","?","E","R","M","T","E","?","M","$","?","R","BOSS"],"build_version":"2019-01-23","purchased_purges":2,"victory":false,"max_hp_per_floor":[75,75,75,75,75,75,75,75,75,75,75,75,75,75,75,75],"card_choices":[{"not_picked":["Blood for Blood","Reckless Charge"],"picked":"Sever Soul","floor":1},{"not_picked":["Infernal Blade","Rupture"],"picked":"Dual Wield","floor":2},{"not_picked":["Twin Strike","Fire Breathing","True Grit"],"picked":"SKIP","floor":4},{"not_picked":["Flex","Twin Strike"],"picked":"Metallicize","floor":6},{"not_picked":["Twin Strike","Power Through"],"picked":"Thunderclap","floor":8},{"not_picked":["Bloodletting","Body Slam","Flex"],"picked":"SKIP","floor":10},{"not_picked":["Anger","Armaments","Hemokinesis"],"picked":"SKIP","floor":12}],"player_experience":566573,"relics_obtained":[{"floor":5,"key":"MawBank"},{"floor":6,"key":"Omamori"},{"floor":9,"key":"Potion Belt"},{"floor":10,"key":"Dead Branch"}],"event_choices":[{"damage_healed":0,"gold_gain":150,"player_choice":"AGREE","damage_taken":0,"max_hp_gain":0,"max_hp_loss":0,"event_name":"Liars Game","floor":11,"gold_loss":0,"cards_obtained":["Doubt"]},{"cards_removed":["Strike_R"],"damage_healed":0,"gold_gain":0,"player_choice":"Card Removal","damage_taken":0,"max_hp_gain":0,"max_hp_loss":0,"event_name":"The Cleric","floor":14,"gold_loss":75}],"is_beta":false,"boss_relics":[],"items_purged_floors":[3,13],"is_endless":false,"potions_floor_spawned":[1,6,8,10],"killed_by":"The Guardian","ascension_level":15}