{"gold_per_floor":[115,65,65,81,97,97,124,124,124,136,170,170,185,185],"floor_reached":14,"playtime":421,"items_purged":[],"score":140,"play_id":"ac17833c-d1bf-4478-94d9-3a0655d40e45","local_time":"20190202172515","is_ascension_mode":true,"campfire_choices":[{"data":"Redo","floor":6,"key":"SMITH"},{"data":"White Noise","floor":8,"key":"SMITH"}],"neow_cost":"NONE","seed_source_timestamp":101438773792575,"circlet_count":0,"master_deck":["Strike_B","Strike_B","Strike_B","Defend_B","Defend_B","Defend_B","Defend_B","Zap+1","Dualcast","Redo+1","Scrape","White Noise+1","Doom and Gloom+1","Ball Lightning+1","Sweeping Beam+1"],"relics":["Cracked Core","NeowsBlessing","Pantograph","Molten Egg 2","Omamori"],"potions_floor_usage":[7,7],"damage_taken":[{"damage":0,"enemies":"2 Louse","floor":1,"turns":1},{"damage":0,"enemies":"Small Slimes","floor":4,"turns":1},{"damage":0,"enemies":"Cultist","floor":5,"turns":1},{"damage":14,"enemies":"Gremlin Nob","floor":7,"turns":3},{"damage":4,"enemies":"Exordium Wildlife","floor":10,"turns":3},{"damage":20,"enemies":"3 Sentries","floor":11,"turns":4},{"damage":13,"enemies":"Red Slaver","floor":13,"turns":3},{"damage":20,"enemies":"Gremlin Nob","floor":14,"turns":2}],"seed_played":"-6280970515362343876","potions_obtained":[{"floor":4,"key":"Poison Potion"},{"floor":5,"key":"SkillPotion"},{"floor":13,"key":"Fire Potion"}],"is_trial":false,"path_per_floor":["M","?","?","M","M","R","E","R","T","M","E","T","M","E"],"character_chosen":"DEFECT","items_purchased":[],"campfire_rested":0,"item_purchase_floors":[],"current_hp_per_floor":[68,68,68,68,68,68,54,54,54,50,30,30,17,0],"gold":185,"neow_bonus":"THREE_ENEMY_KILL","is_prod":false,"is_daily":false,"chose_seed":false,"campfire_upgraded":2,"win_rate":0,"timestamp":1549146315,"path_taken":["M","?","?","M","?","R","E","R","T","M","E","?","?","E"],"build_version":"2019-01-23","purchased_purges":0,"victory":false,"max_hp_per_floor":[75,75,75,75,75,75,75,75,75,75,75,75,75,75],"card_choices":[{"not_picked":["Lockon","Stack"],"picked":"Redo","floor":1},{"not_picked":["Sweeping Beam","Cold Snap"],"picked":"Scrape","floor":4},{"not_picked":["Sweeping Beam","Streamline"],"picked":"White Noise","floor":5},{"not_picked":["Amplify","Skim","Rebound"],"picked":"SKIP","floor":7},{"not_picked":["Undo","Sweeping Beam+1"],"picked":"Doom and Gloom+1","floor":10},{"not_picked":["Recycle","Storm"],"picked":"Ball Lightning+1","floor":11},{"not_picked":["Fusion","Force Field"],"picked":"Sweeping Beam+1","floor":13}],"player_experience":558070,"relics_obtained":[{"floor":7,"key":"Pantograph"},{"floor":9,"key":"Molten Egg 2"},{"floor":11,"key":"Omamori"}],"event_choices":[{"cards_removed":["Strike_B"],"damage_healed":0,"gold_gain":0,"player_choice":"Card Removal","damage_taken":0,"max_hp_gain":0,"max_hp_loss":0,"event_name":"The Cleric","floor":2,"gold_loss":50},{"damage_healed":0,"gold_gain":0,"player_choice":"Upgraded","damage_taken":0,"max_hp_gain":0,"max_hp_loss":0,"event_name":"Upgrade Shrine","floor":3,"gold_loss":0,"cards_upgraded":["Zap"]}],"is_beta":false,"boss_relics":[],"items_purged_floors":[],"is_endless":false,"potions_floor_spawned":[4,5,13],"killed_by":"Gremlin Nob","ascension_level":8}