{"gold_per_floor":[360,162,182,182,199,199,233,233,233,87,102,102,132,145,145,249,249,267,240,240,94,108,108,122,122,195,195,206,206,226,25,25,25],"floor_reached":33,"playtime":1365,"items_purged":["Decay"],"score":306,"play_id":"8c84f7d3-5af0-484e-9557-63126e9cf4f1","local_time":"20190203004909","is_ascension_mode":true,"campfire_choices":[{"data":"All Out Attack","floor":6,"key":"SMITH"},{"floor":8,"key":"REST"},{"floor":12,"key":"REST"},{"floor":15,"key":"REST"},{"floor":23,"key":"REST"},{"floor":29,"key":"REST"},{"floor":32,"key":"REST"}],"neow_cost":"TEN_PERCENT_HP_LOSS","seed_source_timestamp":74140232663700,"circlet_count":0,"master_deck":["Defend_G","Defend_G","Defend_G","Defend_G","Defend_G","Strike_G","Strike_G","Strike_G","Strike_G","Strike_G","Survivor","Neutralize","All Out Attack+1","Dash","Catalyst","Backstab","Backflip","Poisoned Stab","Poisoned Stab","Adrenaline","Noxious Fumes","Dodge and Roll","Footwork","Slice+1","Deflect","Terror+1","Choke+1"],"relics":["Ring of the Snake","HandDrill","Du-Vu Doll","Art of War","Torii","Snake Skull","Centennial Puzzle","Lizard Tail","Peace Pipe","Blue Candle","The Courier","Singing Bowl"],"potions_floor_usage":[16,18,22,33],"damage_taken":[{"damage":2,"enemies":"2 Louse","floor":1,"turns":4},{"damage":1,"enemies":"Jaw Worm","floor":3,"turns":4},{"damage":0,"enemies":"Cultist","floor":5,"turns":4},{"damage":28,"enemies":"Lagavulin","floor":7,"turns":9},{"damage":17,"enemies":"Large Slime","floor":11,"turns":9},{"damage":4,"enemies":"3 Sentries","floor":13,"turns":8},{"damage":0,"enemies":"Blue Slaver","floor":14,"turns":2},{"damage":14,"enemies":"Hexaghost","floor":16,"turns":8},{"damage":15,"enemies":"3 Byrds","floor":18,"turns":5},{"damage":10,"enemies":"Shell Parasite","floor":22,"turns":5},{"damage":18,"enemies":"3 Cultists","floor":24,"turns":6},{"damage":37,"enemies":"Sentry and Sphere","floor":28,"turns":8},{"damage":1,"enemies":"Chosen and Byrds","floor":30,"turns":6},{"damage":112,"enemies":"Champ","floor":33,"turns":11}],"seed_played":"-1373918275309738484","potions_obtained":[{"floor":5,"key":"Energy Potion"},{"floor":7,"key":"Ancient Potion"},{"floor":13,"key":"Regen Potion"},{"floor":16,"key":"SkillPotion"},{"floor":18,"key":"GamblersBrew"},{"floor":22,"key":"FearPotion"}],"is_trial":false,"path_per_floor":["M","$","M","?","M","R","E","R","T","$","M","R","E","M","R","B",null,"M","$","?","$","M","R","M","?","T","T","M","R","M","$","R","B"],"character_chosen":"THE_SILENT","items_purchased":["HandDrill","Snake Skull","Dodge and Roll","Footwork","Singing Bowl"],"campfire_rested":6,"item_purchase_floors":[2,10,19,21,31],"current_hp_per_floor":[61,61,60,42,42,42,14,32,32,32,15,33,29,29,47,48,63,48,48,48,48,38,56,38,38,38,38,1,19,18,18,36,0],"gold":25,"neow_bonus":"TWO_FIFTY_GOLD","is_prod":false,"is_daily":false,"chose_seed":false,"campfire_upgraded":1,"win_rate":0,"timestamp":1549172949,"path_taken":["M","$","M","?","M","R","E","R","T","?","?","R","E","M","R","BOSS","M","$","?","$","M","R","M","?","T","?","?","R","M","$","R","BOSS"],"build_version":"2019-01-23","purchased_purges":1,"victory":false,"max_hp_per_floor":[63,63,63,63,63,63,63,63,63,63,63,63,63,63,63,63,63,63,63,63,63,63,63,63,63,63,63,63,63,63,63,63,63],"card_choices":[{"not_picked":["Backflip","Dagger Spray"],"picked":"All Out Attack","floor":1},{"not_picked":["PiercingWail","Skewer"],"picked":"Dash","floor":3},{"not_picked":["Flying Knee","Cloak And Dagger"],"picked":"Catalyst","floor":5},{"not_picked":["Prepared","Wraith Form v2"],"picked":"Backstab","floor":7},{"not_picked":["Concentrate","Outmaneuver"],"picked":"Backflip","floor":11},{"not_picked":["PiercingWail","Backflip"],"picked":"Poisoned Stab","floor":13},{"not_picked":["Dagger Throw","Heel Hook"],"picked":"Poisoned Stab","floor":14},{"not_picked":["Bullet Time","Wraith Form v2"],"picked":"Adrenaline","floor":16},{"not_picked":["Prepared","Reflex"],"picked":"Noxious Fumes","floor":18},{"not_picked":["Dagger Throw","Quick Slash"],"picked":"Slice+1","floor":22},{"not_picked":["Tactician","Predator"],"picked":"Deflect","floor":24},{"not_picked":["Deflect","Concentrate"],"picked":"Terror+1","floor":28},{"not_picked":["Dodge and Roll","Underhanded Strike"],"picked":"Choke+1","floor":30}],"player_experience":2083348,"relics_obtained":[{"floor":7,"key":"Art of War"},{"floor":9,"key":"Torii"},{"floor":13,"key":"Centennial Puzzle"},{"floor":26,"key":"Blue Candle"},{"floor":27,"key":"The Courier"}],"event_choices":[{"damage_healed":0,"gold_gain":0,"player_choice":"Success","damage_taken":18,"relics_obtained":["Du-Vu Doll"],"max_hp_gain":0,"max_hp_loss":0,"event_name":"Scrap Ooze","floor":4,"gold_loss":0},{"damage_healed":0,"gold_gain":0,"player_choice":"Smashed Altar","damage_taken":0,"max_hp_gain":0,"max_hp_loss":0,"event_name":"Forgotten Altar","floor":20,"gold_loss":0,"cards_obtained":["Decay"]},{"damage_healed":0,"gold_gain":0,"player_choice":"Opened","damage_taken":0,"relics_obtained":["Peace Pipe"],"max_hp_gain":0,"max_hp_loss":0,"event_name":"The Mausoleum","floor":25,"gold_loss":0}],"is_beta":false,"boss_relics":[{"not_picked":["WristBlade","Snecko Eye"],"picked":"Lizard Tail"}],"items_purged_floors":[21],"is_endless":false,"potions_floor_spawned":[5,7,13,16,18,22],"killed_by":"Champ","ascension_level":4}