{"gold_per_floor":[111,111,125,125,50,50,86,12,38,38,63,63,128,142,142,142],"floor_reached":16,"playtime":601,"items_purged":["Defend_G"],"score":175,"play_id":"f0d34aab-5196-4401-b894-28ec3d1f3da9","local_time":"20190510113122","is_ascension_mode":true,"campfire_choices":[{"data":"Glass Knife","floor":6,"key":"SMITH"},{"data":"Leg Sweep","floor":10,"key":"SMITH"},{"data":"Backstab","floor":12,"key":"SMITH"},{"data":"Neutralize","floor":15,"key":"SMITH"}],"neow_cost":"NONE","seed_source_timestamp":3535256154282117,"circlet_count":0,"master_deck":["AscendersBane","Defend_G","Defend_G","Defend_G","Defend_G","Strike_G","Strike_G","Strike_G","Strike_G","Survivor","Neutralize+1","Glass Knife+1","Backstab+1","Leg Sweep+1","Heel Hook"],"relics":["Ring of the Snake","Golden Idol","SsserpentHead","The Specimen","Smiling Mask"],"potions_floor_usage":[7,14],"damage_taken":[{"damage":2,"enemies":"Small Slimes","floor":1,"turns":3},{"damage":0,"enemies":"Jaw Worm","floor":3,"turns":2},{"damage":20,"enemies":"Lagavulin","floor":7,"turns":4},{"damage":0,"enemies":"Cultist","floor":11,"turns":2},{"damage":0,"enemies":"Looter","floor":13,"turns":3},{"damage":9,"enemies":"Gremlin Gang","floor":14,"turns":4},{"damage":26,"enemies":"The Guardian","floor":16,"turns":10}],"seed_played":"8440904545469104079","potions_obtained":[{"floor":1,"key":"AttackPotion"},{"floor":3,"key":"Ancient Potion"},{"floor":13,"key":"AttackPotion"},{"floor":14,"key":"Weak Potion"}],"is_trial":false,"path_per_floor":["M","?","M","?","$","R","E","$","T","R","M","R","M","M","R","B"],"character_chosen":"THE_SILENT","items_purchased":["Leg Sweep"],"campfire_rested":0,"item_purchase_floors":[8],"current_hp_per_floor":[57,57,57,57,57,57,37,37,37,37,37,37,37,28,28,2],"gold":142,"neow_bonus":"TRANSFORM_CARD","is_prod":false,"is_daily":false,"chose_seed":false,"campfire_upgraded":4,"win_rate":0,"timestamp":1557480682,"path_taken":["M","?","M","?","$","R","E","$","T","R","M","R","?","M","R","BOSS"],"build_version":"2019-01-23","purchased_purges":1,"victory":false,"max_hp_per_floor":[66,60,60,60,60,60,60,60,60,60,60,60,60,60,60,60],"card_choices":[{"not_picked":["Dodge and Roll","Expertise"],"picked":"Backstab","floor":1},{"not_picked":["Slice","Deflect","Outmaneuver"],"picked":"SKIP","floor":3},{"not_picked":["Dagger Throw","Dagger Spray","Setup"],"picked":"SKIP","floor":7},{"not_picked":["Blade Dance","Bane","Dodge and Roll"],"picked":"SKIP","floor":11},{"not_picked":["Distraction","Skewer"],"picked":"Heel Hook","floor":13},{"not_picked":["Acrobatics","Underhanded Strike","Reflex"],"picked":"SKIP","floor":14}],"player_experience":510366,"relics_obtained":[{"floor":7,"key":"The Specimen"},{"floor":9,"key":"Smiling Mask"}],"event_choices":[{"damage_healed":0,"gold_gain":0,"player_choice":"Lose Max HP","damage_taken":0,"relics_obtained":["Golden Idol"],"max_hp_gain":0,"max_hp_loss":6,"event_name":"Golden Idol","floor":2,"gold_loss":0},{"damage_healed":0,"gold_gain":0,"player_choice":"Trade","damage_taken":0,"relics_obtained":["SsserpentHead"],"max_hp_gain":0,"max_hp_loss":0,"event_name":"FaceTrader","floor":4,"gold_loss":0}],"is_beta":false,"boss_relics":[],"items_purged_floors":[5],"is_endless":false,"potions_floor_spawned":[1,3,13,14],"killed_by":"The Guardian","ascension_level":15}