{"gold_per_floor":[142,142,43,43,43,77,42,42,42,117,143,160,171,188,188,287,287,300,192,206,20,38,72,72,85,85,115,115,130,130,144,144,248,248,265,265,91,109,1108,1134,1134,1150,1175,1175,1175,1193,1193,1193,1193,1193],"floor_reached":50,"playtime":5088,"items_purged":["Bash","Strike_R","Strike_R"],"score":608,"play_id":"16f74725-44fb-49ea-828a-245584593c3d","local_time":"20181210211613","is_ascension_mode":true,"campfire_choices":[{"floor":8,"key":"REST"},{"data":"Inflame","floor":15,"key":"SMITH"},{"floor":24,"key":"REST"},{"data":"Body Slam","floor":28,"key":"SMITH"},{"data":"Heavy Blade","floor":30,"key":"SMITH"},{"floor":32,"key":"REST"},{"floor":41,"key":"REST"},{"floor":45,"key":"REST"},{"floor":49,"key":"RECALL"}],"neow_cost":"NONE","seed_source_timestamp":354644587144275,"circlet_count":0,"master_deck":["Strike_R","Strike_R+1","Defend_R","Defend_R+1","Defend_R","Defend_R","Inflame+1","Shrug It Off","Cleave","Disarm","Body Slam+1","Heavy Blade+1","Feed","Seeing Red","Uppercut","Shrug It Off","Sword Boomerang+1","Infernal Blade+1","Armaments","Madness","Madness"],"relics":["Burning Blood","Tiny Chest","Potion Belt","Pear","Odd Mushroom","Busted Crown","Art of War","Pen Nib","Kunai","Du-Vu Doll","Eternal Feather","Strawberry","Ornamental Fan","Happy Flower"],"potions_floor_usage":[6,16,16,23,25,29,50,50],"damage_taken":[{"damage":2,"enemies":"Small Slimes","floor":1,"turns":4},{"damage":38,"enemies":"Gremlin Nob","floor":6,"turns":6},{"damage":20,"enemies":"The Mushroom Lair","floor":11,"turns":4},{"damage":0,"enemies":"Jaw Worm","floor":12,"turns":4},{"damage":0,"enemies":"2 Louse","floor":13,"turns":2},{"damage":5,"enemies":"Blue Slaver","floor":14,"turns":4},{"damage":46,"enemies":"The Guardian","floor":16,"turns":12},{"damage":19,"enemies":"Spheric Guardian","floor":18,"turns":4},{"damage":5,"enemies":"Shell Parasite","floor":20,"turns":6},{"damage":7,"enemies":"Centurion and Healer","floor":22,"turns":5},{"damage":53,"enemies":"Slavers","floor":23,"turns":6},{"damage":15,"enemies":"Cultist and Chosen","floor":25,"turns":6},{"damage":9,"enemies":"Gremlin Leader","floor":27,"turns":8},{"damage":8,"enemies":"Snake Plant","floor":29,"turns":4},{"damage":13,"enemies":"Centurion and Healer","floor":31,"turns":5},{"damage":53,"enemies":"Collector","floor":33,"turns":12},{"damage":33,"enemies":"3 Darklings","floor":35,"turns":5},{"damage":11,"enemies":"3 Shapes","floor":38,"turns":4},{"damage":54,"enemies":"Reptomancer","floor":40,"turns":8},{"damage":60,"enemies":"Spire Growth","floor":42,"turns":6},{"damage":8,"enemies":"Maw","floor":46,"turns":7},{"damage":78,"enemies":"Time Eater","floor":50,"turns":10}],"seed_played":"7867712797513795122","potions_obtained":[{"floor":1,"key":"AttackPotion"},{"floor":11,"key":"Swift Potion"},{"floor":12,"key":"PowerPotion"},{"floor":20,"key":"SteroidPotion"},{"floor":22,"key":"SpeedPotion"},{"floor":27,"key":"Weak Potion"},{"floor":40,"key":"Regen Potion"},{"floor":46,"key":"Swift Potion"}],"is_trial":false,"path_per_floor":["M","?","$","T","?","E","$","R","T","?","?","M","M","M","R","B",null,"M","?","M","$","M","E","R","M","T","E","R","M","R","M","R","B",null,"M","T","$","M","?","E","R","M","T","?","R","M","?","?","R","B"],"character_chosen":"IRONCLAD","items_purchased":["Shrug It Off","Disarm","Uppercut","Shrug It Off","Armaments"],"campfire_rested":5,"item_purchase_floors":[3,7,21,21,37],"current_hp_per_floor":[80,73,73,73,57,35,35,62,62,51,37,43,49,50,50,10,90,77,77,78,78,80,36,64,55,55,52,52,50,50,46,75,28,99,72,79,79,74,74,26,69,18,18,18,62,63,49,49,61,0],"gold":1193,"neow_bonus":"RANDOM_COMMON_RELIC","is_prod":false,"is_daily":false,"chose_seed":false,"campfire_upgraded":3,"win_rate":0,"timestamp":1544498173,"path_taken":["M","?","$","?","?","E","?","R","T","?","?","?","M","M","R","BOSS","M","?","M","$","M","E","R","M","T","E","R","M","R","M","R","BOSS","M","?","$","M","?","E","R","M","T","?","R","?","?","?","R","BOSS"],"build_version":"2018-12-06","purchased_purges":3,"victory":false,"max_hp_per_floor":[80,80,80,80,80,90,90,90,90,90,90,90,90,90,90,90,90,90,90,90,90,93,96,96,96,96,96,96,96,96,99,99,99,99,99,106,106,106,106,106,106,109,109,109,109,112,112,112,112,112],"card_choices":[{"not_picked":["Headbutt","Reckless Charge"],"picked":"Inflame","floor":1},{"not_picked":["Twin Strike","Impervious"],"picked":"Cleave","floor":6},{"not_picked":["Sword Boomerang","Wild Strike"],"picked":"Body Slam","floor":12},{"not_picked":["True Grit","Flex"],"picked":"Heavy Blade","floor":13},{"not_picked":["Fire Breathing","Searing Blow"],"picked":"Iron Wave","floor":14},{"not_picked":["Fiend Fire","Offering"],"picked":"Feed","floor":16},{"not_picked":[],"picked":"Seeing Red","floor":18},{"not_picked":["Clash+1"],"picked":"SKIP","floor":20},{"not_picked":[],"picked":"Sword Boomerang+1","floor":22},{"not_picked":["Infernal Blade"],"picked":"SKIP","floor":23},{"not_picked":["Anger"],"picked":"SKIP","floor":25},{"not_picked":["Immolate"],"picked":"SKIP","floor":27},{"not_picked":["Sword Boomerang"],"picked":"SKIP","floor":29},{"not_picked":[],"picked":"Infernal Blade+1","floor":31},{"not_picked":["Twin Strike+1"],"picked":"SKIP","floor":35},{"not_picked":["Sword Boomerang"],"picked":"SKIP","floor":38},{"not_picked":["Dropkick+1"],"picked":"SKIP","floor":40},{"not_picked":["Pummel+1"],"picked":"SKIP","floor":42},{"not_picked":["Hemokinesis+1"],"picked":"SKIP","floor":46}],"player_experience":150387,"relics_obtained":[{"floor":4,"key":"Potion Belt"},{"floor":6,"key":"Pear"},{"floor":11,"key":"Odd Mushroom"},{"floor":23,"key":"Pen Nib"},{"floor":26,"key":"Kunai"},{"floor":27,"key":"Du-Vu Doll"},{"floor":36,"key":"Strawberry"},{"floor":40,"key":"Ornamental Fan"},{"floor":43,"key":"Happy Flower"}],"event_choices":[{"cards_removed":["Strike_R"],"damage_healed":0,"gold_gain":0,"player_choice":"Card Removal","damage_taken":7,"max_hp_gain":0,"max_hp_loss":0,"event_name":"Golden Wing","floor":2,"gold_loss":0},{"damage_healed":0,"gold_gain":0,"player_choice":"Entered Light","damage_taken":16,"max_hp_gain":0,"max_hp_loss":0,"event_name":"Shining Light","floor":5,"gold_loss":0,"cards_upgraded":["Strike_R","Defend_R"]},{"damage_healed":0,"gold_gain":75,"player_choice":"Gather Gold","damage_taken":11,"max_hp_gain":0,"max_hp_loss":0,"event_name":"World of Goop","floor":10,"gold_loss":0},{"damage_healed":0,"gold_gain":0,"player_choice":"Fought Mushrooms","damage_taken":0,"max_hp_gain":0,"max_hp_loss":0,"event_name":"Mushrooms","floor":11,"gold_loss":0},{"damage_healed":0,"gold_gain":0,"player_choice":"Paid Gold","damage_taken":0,"relics_obtained":["Art of War"],"max_hp_gain":0,"max_hp_loss":0,"event_name":"WeMeetAgain","floor":19,"gold_loss":108},{"damage_healed":0,"gold_gain":999,"player_choice":"Gold","damage_taken":0,"max_hp_gain":0,"max_hp_loss":0,"event_name":"MindBloom","floor":39,"gold_loss":0,"cards_obtained":["Normality","Normality"]},{"cards_removed":["Normality","Normality"],"damage_healed":0,"gold_gain":0,"player_choice":"Removed Curses","damage_taken":0,"max_hp_gain":0,"max_hp_loss":0,"event_name":"Fountain of Cleansing","floor":44,"gold_loss":0},{"damage_healed":0,"gold_gain":0,"player_choice":"Embrace Madness","damage_taken":14,"max_hp_gain":0,"max_hp_loss":0,"event_name":"Winding Halls","floor":47,"gold_loss":0,"cards_obtained":["Madness","Madness"]},{"cards_removed":["Iron Wave"],"damage_healed":0,"gold_gain":0,"player_choice":"Removed Attack","damage_taken":0,"max_hp_gain":0,"max_hp_loss":0,"event_name":"Falling","floor":48,"gold_loss":0}],"is_beta":false,"boss_relics":[{"not_picked":["Mark of Pain","Lizard Tail"],"picked":"Busted Crown"},{"not_picked":["Calling Bell","Runic Pyramid"],"picked":"Eternal Feather"}],"items_purged_floors":[3,21,37],"is_endless":false,"potions_floor_spawned":[1,11,12,20,22,27,40,46],"killed_by":"Time Eater","ascension_level":1}