{"gold_per_floor":[116,116,129,54,69,69,99,109,177,177,352,203,278,290,290,290],"floor_reached":16,"playtime":651,"items_purged":["Regret","Doubt"],"score":125,"play_id":"89bb6eb7-34a3-4a24-ba8c-5fba2e49ec9a","local_time":"20180926205544","is_ascension_mode":true,"campfire_choices":[{"data":"Armaments","floor":6,"key":"SMITH"},{"data":"Fiend Fire","floor":10,"key":"SMITH"},{"floor":15,"key":"REST"}],"neow_cost":"NONE","seed_source_timestamp":49801961520883,"circlet_count":0,"master_deck":["Strike_R","Strike_R","Strike_R","Strike_R","Strike_R","Defend_R","Defend_R","Defend_R","Defend_R","Bash","Fiend Fire+1","Armaments+1","Flex","Pommel Strike","Shrug It Off","Rampage","Cleave","Whirlwind","Bludgeon"],"relics":["Burning Blood","Calipers","Dream Catcher","Bottled Lightning"],"potions_floor_usage":[16],"damage_taken":[{"damage":2,"enemies":"2 Louse","floor":1,"turns":2},{"damage":13,"enemies":"Jaw Worm","floor":3,"turns":5},{"damage":1,"enemies":"Cultist","floor":5,"turns":3},{"damage":37,"enemies":"3 Sentries","floor":7,"turns":10},{"damage":9,"enemies":"Looter","floor":8,"turns":3},{"damage":26,"enemies":"Exordium Thugs","floor":14,"turns":4},{"damage":43,"enemies":"Hexaghost","floor":16,"turns":9}],"seed_played":"7252304458024254324","potions_obtained":[{"floor":1,"key":"Strength Potion"},{"floor":14,"key":"Fire Potion"}],"is_trial":false,"path_per_floor":["M","?","M","$","M","R","E","M","T","R","?","$","?","M","R"],"character_chosen":"IRONCLAD","items_purchased":["Cleave"],"campfire_rested":1,"item_purchase_floors":[12],"current_hp_per_floor":[80,80,73,73,78,78,47,44,44,44,44,44,36,16,40,0],"gold":290,"neow_bonus":"ONE_RANDOM_RARE_CARD","is_prod":false,"is_daily":false,"chose_seed":false,"campfire_upgraded":2,"win_rate":0,"timestamp":1538009744,"path_taken":["M","?","M","$","M","R","E","M","T","R","?","$","?","?","R","BOSS"],"build_version":"2018-09-20","purchased_purges":2,"victory":false,"max_hp_per_floor":[80,80,80,80,80,80,80,80,80,80,80,80,80,80,80,80],"card_choices":[{"not_picked":["Bloodletting","Body Slam"],"picked":"Armaments","floor":1},{"not_picked":["Anger","Searing Blow"],"picked":"Flex","floor":3},{"not_picked":["Clothesline","Uppercut"],"picked":"Pommel Strike","floor":5},{"not_picked":["Perfected Strike","Uppercut"],"picked":"Shrug It Off","floor":7},{"not_picked":["Flex","Disarm"],"picked":"Rampage","floor":8},{"not_picked":["Ghostly Armor","True Grit"],"picked":"Whirlwind","floor":14},{"not_picked":["Flame Barrier","Pommel Strike"],"picked":"Bludgeon","floor":15}],"player_experience":924494,"relics_obtained":[{"floor":7,"key":"Dream Catcher"},{"floor":9,"key":"Bottled Lightning"}],"event_choices":[{"event_name":"Big Fish","player_choice":"Box","floor":2,"damage_taken":0},{"event_name":"Liars Game","player_choice":"agreed","floor":11,"damage_taken":0},{"event_name":"FaceTrader","player_choice":"Touch","floor":13,"damage_taken":0}],"is_beta":false,"boss_relics":[],"items_purged_floors":[4,12],"is_endless":false,"potions_floor_spawned":[1,14],"killed_by":"Hexaghost","ascension_level":5}