{"gold_per_floor":[119,119,44,63,17,17,43,101,124,140,140,173,189,199,199,300,300,316,302,320,71,71,84,84],"floor_reached":24,"playtime":1603,"items_purged":["Strike_R","Defend_R"],"score":291,"play_id":"bb660648-d8ce-4636-b758-cf90aa1ed687","local_time":"20181020195105","is_ascension_mode":true,"campfire_choices":[{"data":"Armaments","floor":6,"key":"SMITH"},{"floor":11,"key":"REST"},{"floor":15,"key":"REST"}],"neow_cost":"PERCENT_DAMAGE","seed_source_timestamp":115933451401700,"circlet_count":0,"master_deck":["Defend_R","Defend_R","Defend_R","Bash","Sentinel","Dropkick","Battle Trance","Armaments+1","Dropkick","Flame Barrier","Evolve","Cleave","Warcry","Demon Form","Juggernaut","Sentinel+1","Warcry+1"],"relics":["Burning Blood","Odd Mushroom","Tiny Chest","Blood Vial","Regal Pillow","Empty Cage","Happy Flower","The Courier"],"potions_floor_usage":[23,24,24],"damage_taken":[{"damage":20,"enemies":"Jaw Worm","floor":1,"turns":7},{"damage":1,"enemies":"Cultist","floor":4,"turns":3},{"damage":43,"enemies":"The Mushroom Lair","floor":7,"turns":8},{"damage":39,"enemies":"3 Sentries","floor":8,"turns":10},{"damage":0,"enemies":"Small Slimes","floor":10,"turns":4},{"damage":31,"enemies":"Gremlin Nob","floor":12,"turns":4},{"damage":3,"enemies":"Blue Slaver","floor":13,"turns":4},{"damage":11,"enemies":"Red Slaver","floor":14,"turns":6},{"damage":50,"enemies":"The Guardian","floor":16,"turns":10},{"damage":5,"enemies":"Chosen","floor":18,"turns":7},{"damage":19,"enemies":"2 Thieves","floor":19,"turns":4},{"damage":34,"enemies":"Cultist and Chosen","floor":20,"turns":7},{"damage":23,"enemies":"Shelled Parasite and Fungi","floor":23,"turns":8},{"damage":39,"enemies":"Sentry and Sphere","floor":24,"turns":7}],"seed_played":"6517061306157548823","potions_obtained":[{"floor":12,"key":"Dexterity Potion"},{"floor":13,"key":"Energy Potion"},{"floor":18,"key":"Energy Potion"},{"floor":19,"key":"Energy Potion"},{"floor":23,"key":"AttackPotion"}],"is_trial":false,"path_per_floor":["M","?","$","M","$","R","?","E","T","M","R","E","M","M","R","B",null,"M","M","M","$","?","M"],"character_chosen":"IRONCLAD","items_purchased":["Armaments","Happy Flower"],"campfire_rested":2,"item_purchase_floors":[5,21],"current_hp_per_floor":[37,90,90,90,90,90,53,20,20,28,55,32,37,34,76,34,76,79,68,42,42,42,27,0],"gold":84,"neow_bonus":"TRANSFORM_TWO_CARDS","is_prod":false,"is_daily":false,"chose_seed":false,"campfire_upgraded":1,"win_rate":0,"timestamp":1540079465,"path_taken":["M","?","$","M","$","R","?","E","T","M","R","E","M","M","R","BOSS","M","M","?","$","?","M","M"],"build_version":"2018-10-18","purchased_purges":2,"victory":false,"max_hp_per_floor":[80,90,90,90,90,90,90,90,90,90,90,90,90,90,90,90,90,90,90,90,90,90,90,90],"card_choices":[{"not_picked":["Pommel Strike","Carnage"],"picked":"Dropkick","floor":1},{"not_picked":["Headbutt","Thunderclap"],"picked":"Battle Trance","floor":4},{"not_picked":["Reckless Charge","Intimidate"],"picked":"Dropkick","floor":7},{"not_picked":["Headbutt","Havoc"],"picked":"Flame Barrier","floor":8},{"not_picked":["Sever Soul","Flex"],"picked":"Evolve","floor":10},{"not_picked":["Armaments","Bloodletting"],"picked":"Cleave","floor":12},{"not_picked":["Evolve","Heavy Blade"],"picked":"Warcry","floor":13},{"not_picked":["Dual Wield","True Grit"],"picked":"Demon Form","floor":14},{"not_picked":["Fiend Fire","Bludgeon"],"picked":"Juggernaut","floor":16},{"not_picked":["Headbutt","Carnage","True Grit"],"picked":"SKIP","floor":18},{"not_picked":["Havoc+1","Clash","Perfected Strike"],"picked":"SKIP","floor":19},{"not_picked":["Body Slam","Wild Strike"],"picked":"Sentinel+1","floor":20},{"not_picked":["Hemokinesis","Iron Wave"],"picked":"Warcry+1","floor":23}],"player_experience":1339146,"relics_obtained":[{"floor":7,"key":"Odd Mushroom"},{"floor":8,"key":"Tiny Chest"},{"floor":9,"key":"Blood Vial"},{"floor":12,"key":"Regal Pillow"}],"event_choices":[{"cards_removed":["Dark Embrace"],"damage_healed":43,"gold_gain":0,"player_choice":"Offered Rare","damage_taken":0,"max_hp_gain":10,"max_hp_loss":0,"event_name":"Bonfire Elementals","floor":2,"gold_loss":0},{"damage_healed":0,"gold_gain":0,"player_choice":"Fought Mushrooms","damage_taken":0,"max_hp_gain":0,"max_hp_loss":0,"event_name":"Mushrooms","floor":7,"gold_loss":0},{"damage_healed":0,"gold_gain":0,"player_choice":"Opened","damage_taken":0,"relics_obtained":["The Courier"],"max_hp_gain":0,"max_hp_loss":0,"event_name":"The Mausoleum","floor":22,"gold_loss":0}],"is_beta":false,"boss_relics":[{"not_picked":["Lizard Tail","Velvet Choker"],"picked":"Empty Cage"}],"items_purged_floors":[3,21],"is_endless":false,"potions_floor_spawned":[12,13,18,19,23],"killed_by":"Sentry and Sphere","ascension_level":8}