{"gold_per_floor":[17,30,30,47,63,63,92,92,118,137,137,36,36,69,69,142,142,156,172,183,199,216,216,216],"floor_reached":24,"playtime":1659,"items_purged":["Strike_B"],"score":399,"play_id":"3b78f16d-c0f0-4ac5-8cc4-7b47abae5891","local_time":"20190520205838","is_ascension_mode":true,"campfire_choices":[{"floor":6.0,"key":"REST"},{"floor":8.0,"key":"REST"},{"data":"Zap","floor":11.0,"key":"SMITH"},{"floor":13.0,"key":"REST"},{"floor":15.0,"key":"REST"},{"floor":23,"key":"REST"}],"neow_cost":"NO_GOLD","seed_source_timestamp":43904870364887,"circlet_count":0,"master_deck":["AscendersBane","Strike_B","Strike_B","Defend_B","Defend_B","Defend_B","Defend_B","Zap+1","Dualcast","Ball Lightning","Conserve Battery","Cold Snap","Rebound","Gash","Gash","Scrape","Beam Cell+1","Go for the Eyes+1","Defragment","Capacitor","Leap","Leap","Echo Form","Gash","Redo+1"],"special_seed":0,"relics":["Cracked Core","Prayer Wheel","Orichalcum","Smiling Mask","Whetstone","Busted Crown"],"potions_floor_usage":[24],"damage_taken":[{"damage":7.0,"enemies":"Small Slimes","floor":1.0,"turns":4.0},{"damage":0.0,"enemies":"Cultist","floor":2.0,"turns":2.0},{"damage":0.0,"enemies":"2 Louse","floor":4.0,"turns":2.0},{"damage":24.0,"enemies":"Exordium Wildlife","floor":5.0,"turns":4.0},{"damage":32.0,"enemies":"Gremlin Nob","floor":7.0,"turns":4.0},{"damage":17.0,"enemies":"3 Louse","floor":10.0,"turns":3.0},{"damage":15.0,"enemies":"3 Sentries","floor":14.0,"turns":6.0},{"damage":17.0,"enemies":"The Guardian","floor":16.0,"turns":10.0},{"damage":4.0,"enemies":"Chosen","floor":18.0,"turns":4.0},{"damage":2.0,"enemies":"Spheric Guardian","floor":19.0,"turns":3.0},{"damage":22.0,"enemies":"Snake Plant","floor":20.0,"turns":4.0},{"damage":51.0,"enemies":"Chosen and Byrds","floor":21.0,"turns":7.0},{"damage":6,"enemies":"Snecko","floor":22,"turns":5},{"damage":27,"enemies":"Slavers","floor":24,"turns":1}],"seed_played":"4531119295749632936","potions_obtained":[{"floor":1.0,"key":"Energy Potion"},{"floor":2.0,"key":"LiquidBronze"},{"floor":7.0,"key":"Energy Potion"},{"floor":19.0,"key":"FairyPotion"},{"floor":21.0,"key":"Strength Potion"}],"is_trial":false,"path_per_floor":["M","M","?","M","M","R","E","R","T","M","R","$","R","E","R","B",null,"M","M","M","M","M","R","E"],"character_chosen":"DEFECT","items_purchased":["Leap"],"campfire_rested":5,"item_purchase_floors":[12],"current_hp_per_floor":[57,57,57,57,33,54,22,43,43,26,26,26,47,32,53,36,62,58,56,34,7,1,22,0],"gold":216,"neow_bonus":"ONE_RARE_RELIC","is_prod":false,"is_daily":false,"chose_seed":false,"campfire_upgraded":1,"win_rate":0,"timestamp":1558411118,"path_taken":["M","M","?","M","M","R","E","R","T","?","R","?","R","E","R","BOSS","M","?","M","M","M","R","E"],"build_version":"2019-01-23","purchased_purges":1,"victory":false,"max_hp_per_floor":[71,71,71,71,71,71,71,71,71,71,71,71,71,71,71,71,71,71,71,71,71,71,71,71],"card_choices":[{"not_picked":["Doom and Gloom","Fusion"],"picked":"Ball Lightning","floor":1.0},{"not_picked":["Hologram","Static Discharge"],"picked":"Conserve Battery","floor":1.0},{"not_picked":["Rebound","Sweeping Beam"],"picked":"Cold Snap","floor":2.0},{"not_picked":["Heatsinks","Lockon"],"picked":"Rebound","floor":2.0},{"not_picked":["Loop","Conserve Battery"],"picked":"Gash","floor":4.0},{"not_picked":["Doom and Gloom","Chaos"],"picked":"Gash","floor":4.0},{"not_picked":["Fission","Compile Driver"],"picked":"Scrape","floor":5.0},{"not_picked":["Consume","Stack"],"picked":"Beam Cell","floor":5.0},{"not_picked":["Static Discharge","Steam Power"],"picked":"Go for the Eyes","floor":7.0},{"not_picked":["Lockon","Consume"],"picked":"Defragment","floor":10.0},{"not_picked":["Go for the Eyes","Static Discharge"],"picked":"Capacitor","floor":10.0},{"not_picked":["Sweeping Beam","Hologram"],"picked":"Leap","floor":14.0},{"not_picked":["Meteor Strike","Biased Cognition"],"picked":"Echo Form","floor":16.0},{"not_picked":[],"picked":"Gash","floor":18.0},{"not_picked":["Compile Driver"],"picked":"SKIP","floor":18.0},{"not_picked":["Coolheaded"],"picked":"SKIP","floor":19.0},{"not_picked":["Go for the Eyes"],"picked":"SKIP","floor":19.0},{"not_picked":[],"picked":"Redo+1","floor":20.0},{"not_picked":["Go for the Eyes"],"picked":"SKIP","floor":20.0},{"not_picked":["Turbo"],"picked":"SKIP","floor":21.0},{"not_picked":["Stack"],"picked":"SKIP","floor":21.0},{"not_picked":["Coolheaded"],"picked":"SKIP","floor":22},{"not_picked":["Hello World"],"picked":"SKIP","floor":22}],"player_experience":728413,"relics_obtained":[{"floor":7.0,"key":"Orichalcum"},{"floor":9.0,"key":"Smiling Mask"},{"floor":14.0,"key":"Whetstone"}],"event_choices":[{"cards_removed":["Strike_B"],"damage_healed":0.0,"max_hp_gain":0.0,"max_hp_loss":0.0,"gold_gain":0.0,"event_name":"Bonfire Elementals","player_choice":"Offered Basic","floor":3.0,"gold_loss":0.0,"damage_taken":0.0}],"is_beta":false,"boss_relics":[{"not_picked":["Calling Bell","Eternal Feather"],"picked":"Busted Crown"}],"items_purged_floors":[12],"is_endless":false,"potions_floor_spawned":[1,2,7,14,19,21],"killed_by":"Slavers","ascension_level":18}