{"gold_per_floor":[11,186,59,9,9,9,38,38,38,58,58,76,76,111,111,111],"floor_reached":16,"playtime":1838,"items_purged":["Doubt"],"score":111,"play_id":"e297289c-34fb-4143-86cc-e9c8e17357e5","local_time":"20181208155717","is_ascension_mode":true,"campfire_choices":[{"data":"Sucker Punch","floor":6,"key":"SMITH"},{"floor":8,"key":"REST"},{"data":"Sucker Punch","floor":13,"key":"SMITH"},{"floor":15,"key":"REST"}],"neow_cost":"NO_GOLD","seed_source_timestamp":165958815830052,"circlet_count":0,"master_deck":["Defend_G","Defend_G","Defend_G","Defend_G","Defend_G","Strike_G","Strike_G","Strike_G","Survivor","Neutralize","Sucker Punch+1","Sucker Punch+1","Deflect","Slice","Escape Plan"],"relics":["Ring of the Snake","Torii","Thread and Needle","Calipers","Golden Idol","Du-Vu Doll"],"potions_floor_usage":[14,16],"damage_taken":[{"damage":1,"enemies":"Cultist","floor":1,"turns":4},{"damage":37,"enemies":"3 Sentries","floor":7,"turns":16},{"damage":0,"enemies":"2 Louse","floor":10,"turns":2},{"damage":0,"enemies":"Small Slimes","floor":12,"turns":4},{"damage":11,"enemies":"Lagavulin","floor":14,"turns":10},{"damage":57,"enemies":"Hexaghost","floor":16,"turns":21}],"seed_played":"-6070256195513193016","potions_obtained":[{"floor":7,"key":"Explosive Potion"},{"floor":10,"key":"Weak Potion"},{"floor":14,"key":"SpeedPotion"}],"is_trial":false,"path_per_floor":["M","?","$","?","?","R","E","R","T","M","?","M","R","E","R","B"],"character_chosen":"THE_SILENT","items_purchased":["Sucker Punch"],"campfire_rested":2,"item_purchase_floors":[3],"current_hp_per_floor":[69,69,69,69,62,62,25,46,46,46,46,46,46,35,54,0],"gold":111,"neow_bonus":"ONE_RARE_RELIC","is_prod":false,"is_daily":false,"chose_seed":false,"campfire_upgraded":2,"win_rate":0,"timestamp":1544306237,"path_taken":["M","?","$","?","?","R","E","R","T","M","?","M","R","E","R","BOSS"],"build_version":"2018-12-06","purchased_purges":1,"victory":false,"max_hp_per_floor":[70,70,70,70,70,70,70,70,70,70,65,65,65,65,65,65],"card_choices":[{"not_picked":["Underhanded Strike","Expertise"],"picked":"Sucker Punch","floor":1},{"not_picked":["Quick Slash","Acrobatics","Prepared"],"picked":"SKIP","floor":7},{"not_picked":["Terror","Skewer"],"picked":"Deflect","floor":10},{"not_picked":["Dagger Spray","Prepared"],"picked":"Slice","floor":12},{"not_picked":["Catalyst","Noxious Fumes"],"picked":"Escape Plan","floor":14}],"player_experience":107533,"relics_obtained":[{"floor":7,"key":"Thread and Needle"},{"floor":9,"key":"Calipers"},{"floor":14,"key":"Du-Vu Doll"}],"event_choices":[{"damage_healed":0,"gold_gain":175,"player_choice":"AGREE","damage_taken":0,"max_hp_gain":0,"max_hp_loss":0,"event_name":"Liars Game","floor":2,"gold_loss":0,"cards_obtained":["Doubt"]},{"cards_removed":["Strike_G"],"damage_healed":0,"gold_gain":0,"player_choice":"Card Removal","damage_taken":0,"max_hp_gain":0,"max_hp_loss":0,"event_name":"The Cleric","floor":4,"gold_loss":50},{"cards_removed":["Strike_G"],"damage_healed":0,"gold_gain":0,"player_choice":"Card Removal","damage_taken":7,"max_hp_gain":0,"max_hp_loss":0,"event_name":"Golden Wing","floor":5,"gold_loss":0},{"damage_healed":0,"gold_gain":0,"player_choice":"Lose Max HP","damage_taken":0,"relics_obtained":["Golden Idol"],"max_hp_gain":0,"max_hp_loss":5,"event_name":"Golden Idol","floor":11,"gold_loss":0}],"is_beta":false,"boss_relics":[],"items_purged_floors":[3],"is_endless":false,"potions_floor_spawned":[7,10,14],"killed_by":"Hexaghost","ascension_level":1}