{"path_per_floor":["M","M","M","$","?","E","M","R","T","?","?","M","M","M","R","B",null,"M","M","M","?","$","R","?","E","T","R","M","R","M","M","R"],"character_chosen":"IRONCLAD","items_purchased":["Mind Blast","Headbutt","Panacea","Pommel Strike"],"gold_per_floor":[110,122,137,2,2,35,46,46,46,74,44,59,71,87,87,186,186,152,171,184,184,41,41,41,73,73,73,91,91,110,127,127,127],"floor_reached":33,"campfire_rested":6,"playtime":4074,"item_purchase_floors":[],"current_hp_per_floor":[74,71,68,68,61,38,32,56,56,40,40,40,39,38,62,19,80,60,47,15,15,15,39,65,15,25,52,63,90,69,52,79,0],"items_purged":[],"gold":127,"score":271,"play_id":"b2fd60d3-a903-4908-9c62-19a9cfa61394","local_time":"20180622165136","is_prod":false,"is_daily":false,"chose_seed":false,"is_ascension_mode":false,"campfire_upgraded":0,"win_rate":0.0,"timestamp":1529700696,"campfire_choices":[{"floor":8.0,"key":"REST"},{"floor":15,"key":"REST"},{"floor":23,"key":"REST"},{"floor":27,"key":"REST"},{"floor":29,"key":"REST"},{"floor":32,"key":"REST"}],"path_taken":["M","M","M","$","?","E","M","R","T","?","?","M","M","M","R","BOSS","M","M","M","?","$","R","?","E","T","R","M","R","M","M","R","BOSS"],"build_version":"2018-06-21","seed_source_timestamp":0,"purchased_purges":0,"circlet_count":0,"victory":false,"master_deck":["Strike_R+1","Strike_R+1","Strike_R+1","Strike_R+1","Strike_R+1","Defend_R+1","Defend_R+1","Defend_R+1","Defend_R+1","Bash","Seeing Red","Cleave","Rage","Mind Blast","Headbutt","Shrug It Off","Seeing Red","Carnage","Iron Wave","Entrench","Shrug It Off","Reaper","Infernal Blade","Perfected Strike","Pommel Strike","Panacea","Pommel Strike","Intimidate","Whirlwind","Flex","Dark Embrace"],"max_hp_per_floor":[80,80,80,80,80,80,80,80,80,80,80,80,80,80,80,80,80,80,80,80,80,80,80,80,80,90,90,90,90,90,90,90,90],"special_seed":0,"relics":["Philosopher\u0027s Stone","Ornamental Fan","Pantograph","Bottled Lightning","Odd Mushroom","Velvet Choker","Letter Opener","Pear"],"card_choices":[{"not_picked":["Flame Barrier","Whirlwind"],"picked":"Seeing Red","floor":1.0},{"not_picked":["Clash","Sever Soul"],"picked":"Cleave","floor":2.0},{"not_picked":["Inflame","Whirlwind"],"picked":"Rage","floor":3.0},{"not_picked":["Perfected Strike","Twin Strike"],"picked":"Shrug It Off","floor":6.0},{"not_picked":["Reckless Charge","Shrug It Off"],"picked":"Seeing Red","floor":7.0},{"not_picked":["Inflame","Rupture"],"picked":"Carnage","floor":10.0},{"not_picked":["Pummel","Twin Strike"],"picked":"Iron Wave","floor":12.0},{"not_picked":["True Grit","Dual Wield"],"picked":"Entrench","floor":13.0},{"not_picked":["Cleave","Burning Pact"],"picked":"Shrug It Off","floor":14.0},{"not_picked":["Offering","Berserk"],"picked":"Reaper","floor":16},{"not_picked":["Flex","Disarm+1"],"picked":"Infernal Blade","floor":18},{"not_picked":["Headbutt","Armaments"],"picked":"Perfected Strike","floor":19},{"not_picked":["Shrug It Off","Heavy Blade"],"picked":"Pommel Strike","floor":20},{"not_picked":["Second Wind","Twin Strike"],"picked":"Intimidate","floor":25},{"not_picked":["Fire Breathing","Iron Wave"],"picked":"Whirlwind","floor":28},{"not_picked":["Clash+1","Twin Strike"],"picked":"Flex","floor":30},{"not_picked":["Iron Wave+1","Anger"],"picked":"Dark Embrace","floor":31}],"player_experience":17471,"potions_floor_usage":[16,16,16,20,25,28],"damage_taken":[{"damage":6.0,"enemies":"Jaw Worm","floor":1.0,"turns":3.0},{"damage":3.0,"enemies":"2 Louse","floor":2.0,"turns":3.0},{"damage":3.0,"enemies":"Cultist","floor":3.0,"turns":3.0},{"damage":23.0,"enemies":"Gremlin Nob","floor":6.0,"turns":4.0},{"damage":6.0,"enemies":"2 Fungi Beasts","floor":7.0,"turns":3.0},{"damage":16.0,"floor":10.0,"turns":4.0},{"damage":0.0,"enemies":"Large Slime","floor":12.0,"turns":3.0},{"damage":1.0,"enemies":"Gremlin Gang","floor":13.0,"turns":4.0},{"damage":1.0,"enemies":"2 Fungi Beasts","floor":14.0,"turns":2.0},{"damage":69,"enemies":"The Guardian","floor":16,"turns":14},{"damage":20,"enemies":"2 Thieves","floor":18,"turns":5},{"damage":17,"enemies":"Chosen","floor":19,"turns":5},{"damage":36,"enemies":"Snake Plant","floor":20,"turns":6},{"damage":64,"enemies":"Gremlin Leader","floor":25,"turns":6},{"damage":12,"enemies":"3 Cultists","floor":28,"turns":4},{"damage":25,"enemies":"Slaver and Parasite","floor":30,"turns":6},{"damage":23,"enemies":"Snake Plant","floor":31,"turns":2},{"damage":97,"enemies":"Automaton","floor":33,"turns":8}],"relics_obtained":[{"floor":6.0,"key":"Pantograph"},{"floor":9.0,"key":"Bottled Lightning"},{"floor":10.0,"key":"Odd Mushroom"},{"floor":25,"key":"Letter Opener"},{"floor":26,"key":"Pear"}],"event_choices":[{"event_name":"Scrap Ooze","player_choice":"success","floor":5.0,"damage_taken":7.0},{"event_name":"Mushrooms","player_choice":"Fought Mushrooms","floor":10.0,"damage_taken":0.0},{"event_name":"The Woman in Blue","player_choice":"Bought 2 Potions","floor":11.0,"damage_taken":0.0},{"event_name":"Back to Basics","player_choice":"Simplicity","floor":21,"damage_taken":0},{"event_name":"The Library","player_choice":"Heal","floor":24,"damage_taken":0}],"boss_relics":[{"not_picked":["Runic Cube","Lizard Tail"],"picked":"Velvet Choker"}],"items_purged_floors":[],"is_endless":false,"potions_floor_spawned":[1,3,6,7,12,14,19,20,25],"seed_played":"6311496121419275141","killed_by":"Automaton","ascension_level":0,"potions_obtained":[{"floor":1.0,"key":"LiquidBronze"},{"floor":3.0,"key":"Ancient Potion"},{"floor":6.0,"key":"Dexterity Potion"},{"floor":7.0,"key":"Block Potion"},{"floor":11.0,"key":"Weak Potion"},{"floor":11.0,"key":"Fire Potion"},{"floor":14.0,"key":"BloodPotion"},{"floor":19,"key":"Dexterity Potion"},{"floor":20,"key":"Block Potion"},{"floor":25,"key":"BloodPotion"}],"is_trial":false}