{"gold_per_floor":[11,22,37,51,0,0,0,25,107,161,193,193,204,214,214,288,288,306,306,406,416,432,459,459,485,485,518,518,548,548,137,137,214,214,225,1224,863,863,553,553,579,606,669,700,735,747,759,787,799,811],"floor_reached":51,"playtime":3538,"items_purged":["Cloak And Dagger"],"score":1466,"play_id":"32953349-7b9f-4092-b72e-3a38d6bc7d7f","local_time":"20190519192652","is_ascension_mode":true,"campfire_choices":[{"data":"Bouncing Flask","floor":6,"key":"SMITH"},{"floor":15,"key":"REST"},{"data":"Catalyst","floor":24,"key":"SMITH"},{"floor":28,"key":"REST"},{"floor":30,"key":"REST"},{"data":"Burst","floor":32,"key":"SMITH"},{"data":"Well Laid Plans","floor":40,"key":"SMITH"},{"data":"Catalyst","floor":46,"key":"SMITH"},{"data":"Well Laid Plans","floor":47,"key":"SMITH"},{"data":"Acrobatics","floor":49,"key":"SMITH"}],"neow_cost":"NO_GOLD","seed_source_timestamp":464819103681987,"circlet_count":0,"master_deck":["AscendersBane","Defend_G+1","Defend_G+1","Defend_G+1","Defend_G+1","Defend_G+1","Strike_G+1","Strike_G+1","Strike_G+1","Survivor","Neutralize","Backstab","Bouncing Flask+1","Blur","Cloak And Dagger","Malaise","PiercingWail","Well Laid Plans+1","Burst+1","Backstab+1","Dash","Corpse Explosion","Catalyst+1","Well Laid Plans+1","Acrobatics+1","Backflip","Wraith Form v2+1","Envenom+1","Adrenaline","Catalyst+1","Noxious Fumes+1","Finesse","Backflip","Blur"],"relics":["Ring of the Snake","Ninja Scroll","Tiny Chest","Blood Vial","Philosopher\u0027s Stone","Bird Faced Urn","Bottled Flame","Happy Flower","Mercury Hourglass","Lantern","Dodecahedron","Omamori","Frozen Egg 2","Orrery","WingedGreaves","Strawberry","Pen Nib","MawBank","Potion Belt","Snake Skull"],"potions_floor_usage":[8,11,16,20,29,50,50],"damage_taken":[{"damage":11,"enemies":"Cultist","floor":1,"turns":6},{"damage":2,"enemies":"2 Louse","floor":2,"turns":3},{"damage":1,"enemies":"Jaw Worm","floor":3,"turns":3},{"damage":4,"enemies":"Looter","floor":4,"turns":3},{"damage":19,"enemies":"3 Sentries","floor":8,"turns":14},{"damage":0,"enemies":"Gremlin Nob","floor":11,"turns":2},{"damage":0,"enemies":"Large Slime","floor":13,"turns":7},{"damage":0,"enemies":"Blue Slaver","floor":14,"turns":2},{"damage":0,"enemies":"The Guardian","floor":16,"turns":11},{"damage":0,"enemies":"3 Byrds","floor":18,"turns":6},{"damage":0,"enemies":"Colosseum Slavers","floor":20,"turns":4},{"damage":13,"enemies":"Colosseum Nobs","floor":20,"turns":5},{"damage":0,"enemies":"Spheric Guardian","floor":21,"turns":1},{"damage":15,"enemies":"Snake Plant","floor":22,"turns":3},{"damage":1,"enemies":"Gremlin Leader","floor":23,"turns":6},{"damage":21,"enemies":"Book of Stabbing","floor":25,"turns":6},{"damage":14,"enemies":"Gremlin Leader","floor":27,"turns":5},{"damage":23,"enemies":"Slavers","floor":29,"turns":5},{"damage":41,"enemies":"Automaton","floor":33,"turns":12},{"damage":0,"enemies":"Orb Walker","floor":35,"turns":3},{"damage":2,"enemies":"Giant Head","floor":41,"turns":4},{"damage":0,"enemies":"3 Shapes","floor":44,"turns":4},{"damage":0,"enemies":"Spire Growth","floor":48,"turns":4},{"damage":29,"enemies":"Time Eater","floor":50,"turns":8}],"seed_played":"75287932000576468","potions_obtained":[{"floor":1,"key":"SpeedPotion"},{"floor":2,"key":"SteroidPotion"},{"floor":13,"key":"Dexterity Potion"},{"floor":14,"key":"FearPotion"},{"floor":18,"key":"GhostInAJar"},{"floor":20,"key":"FairyPotion"},{"floor":33,"key":"Dexterity Potion"},{"floor":48,"key":"SpeedPotion"}],"is_trial":false,"path_per_floor":["M","M","M","M","$","R","?","E","T","?","E","?","M","M","R","B",null,"M","?","?","M","M","E","R","E","T","E","R","E","R","$","R","B",null,"M","?","$","?","$","R","E","T","T","M","T","R","R","M","R","B",null],"character_chosen":"THE_SILENT","items_purchased":["Cloak And Dagger","Frozen Egg 2","Wraith Form v2+1","WingedGreaves","Noxious Fumes+1","Strawberry","Backflip","Blur"],"campfire_rested":3,"item_purchase_floors":[5,31,31,37,37,39,39,39],"current_hp_per_floor":[48,46,45,41,41,41,41,22,22,22,22,22,24,26,45,47,61,63,63,53,55,44,47,47,30,30,22,41,24,43,43,43,10,52,58,58,58,58,65,65,67,67,67,73,73,73,73,73,73,44],"gold":823,"neow_bonus":"REMOVE_TWO","is_prod":false,"is_daily":false,"chose_seed":false,"campfire_upgraded":7,"win_rate":0,"timestamp":1558312012,"path_taken":["M","M","M","M","$","R","?","E","T","?","E","?","M","?","R","BOSS","M","?","?","M","M","E","R","E","T","E","R","E","R","$","R","BOSS","M","?","$","?","$","R","E","?","T","?","?","R","R","M","R","BOSS"],"build_version":"2019-01-23","purchased_purges":1,"victory":true,"max_hp_per_floor":[66,66,66,66,66,66,66,66,66,66,66,66,66,66,66,66,66,66,66,66,66,66,66,66,66,66,66,66,66,66,66,66,66,66,66,66,66,66,73,73,73,73,73,73,73,73,73,73,73,73],"card_choices":[{"not_picked":["Flying Knee","Dodge and Roll"],"picked":"Backstab","floor":1},{"not_picked":["Acrobatics","Skewer"],"picked":"Bouncing Flask","floor":2},{"not_picked":["Blade Dance","Calculated Gamble"],"picked":"Blur","floor":3},{"not_picked":["Underhanded Strike","Calculated Gamble","Accuracy"],"picked":"SKIP","floor":4},{"not_picked":["Slice","PiercingWail"],"picked":"Malaise","floor":8},{"not_picked":["Quick Slash","Backflip"],"picked":"PiercingWail","floor":11},{"not_picked":["Outmaneuver","Flying Knee"],"picked":"Well Laid Plans","floor":13},{"not_picked":["Dagger Throw","Wraith Form v2"],"picked":"Cloak And Dagger","floor":14},{"not_picked":["Adrenaline","Night Terror"],"picked":"Burst","floor":16},{"not_picked":["Flying Knee+1","Dash"],"picked":"Backstab+1","floor":18},{"not_picked":["Dagger Throw","Underhanded Strike"],"picked":"Dash","floor":20},{"not_picked":["Endless Agony","Blur"],"picked":"Corpse Explosion","floor":21},{"not_picked":["Deadly Poison","Cloak And Dagger"],"picked":"Catalyst","floor":22},{"not_picked":["Underhanded Strike","Slice","Outmaneuver"],"picked":"SKIP","floor":23},{"not_picked":["Outmaneuver","Finisher+1"],"picked":"Well Laid Plans","floor":25},{"not_picked":["Bane","Underhanded Strike"],"picked":"Acrobatics","floor":27},{"not_picked":["Prepared","Sucker Punch"],"picked":"Backflip","floor":29},{"not_picked":["Venomology","Burst"],"picked":"Envenom+1","floor":33},{"not_picked":["Flechettes","Deadly Poison"],"picked":"Adrenaline","floor":34},{"not_picked":["Backflip","Flechettes+1"],"picked":"Catalyst","floor":35},{"not_picked":["Enlightenment","Forethought"],"picked":"Finesse","floor":38},{"not_picked":["Storm of Steel","Dodge and Roll+1","Tactician"],"picked":"SKIP","floor":41},{"not_picked":["Sucker Punch","PiercingWail+1","Cloak And Dagger"],"picked":"SKIP","floor":44},{"not_picked":["All Out Attack","Bane","Blade Dance"],"picked":"SKIP","floor":48}],"player_experience":680207,"relics_obtained":[{"floor":8,"key":"Ninja Scroll"},{"floor":9,"key":"Tiny Chest"},{"floor":11,"key":"Blood Vial"},{"floor":20,"key":"Bird Faced Urn"},{"floor":20,"key":"Bottled Flame"},{"floor":23,"key":"Happy Flower"},{"floor":25,"key":"Mercury Hourglass"},{"floor":26,"key":"Lantern"},{"floor":27,"key":"Dodecahedron"},{"floor":29,"key":"Omamori"},{"floor":41,"key":"Pen Nib"},{"floor":42,"key":"MawBank"},{"floor":43,"key":"Potion Belt"},{"floor":45,"key":"Snake Skull"}],"event_choices":[{"damage_healed":0,"gold_gain":0,"player_choice":"Left Gold","damage_taken":0,"max_hp_gain":0,"max_hp_loss":0,"event_name":"World of Goop","floor":7,"gold_loss":0},{"damage_healed":0,"gold_gain":54,"player_choice":"Gained Gold","damage_taken":0,"max_hp_gain":0,"max_hp_loss":0,"event_name":"Golden Wing","floor":10,"gold_loss":0},{"damage_healed":0,"gold_gain":0,"player_choice":"Ignored","damage_taken":0,"max_hp_gain":0,"max_hp_loss":0,"event_name":"Liars Game","floor":12,"gold_loss":0},{"damage_healed":0,"gold_gain":0,"player_choice":"Simplicity","damage_taken":0,"max_hp_gain":0,"max_hp_loss":0,"event_name":"Back to Basics","floor":19,"gold_loss":0,"cards_upgraded":["Defend_G","Defend_G","Defend_G","Defend_G","Defend_G","Strike_G","Strike_G","Strike_G"]},{"damage_healed":0,"gold_gain":0,"player_choice":"Fight","damage_taken":0,"max_hp_gain":0,"max_hp_loss":0,"event_name":"Colosseum","floor":20,"gold_loss":0},{"damage_healed":0,"gold_gain":0,"player_choice":"Fought Nobs","damage_taken":0,"max_hp_gain":0,"max_hp_loss":0,"event_name":"Colosseum","floor":20,"gold_loss":0},{"damage_healed":0,"gold_gain":999,"player_choice":"Gold","damage_taken":0,"max_hp_gain":0,"max_hp_loss":0,"event_name":"MindBloom","floor":36,"gold_loss":0,"cards_obtained":["Normality","Normality"]},{"damage_healed":0,"gold_gain":0,"player_choice":"Memory 1","damage_taken":0,"max_hp_gain":0,"max_hp_loss":0,"event_name":"SensoryStone","floor":38,"gold_loss":0}],"is_beta":false,"boss_relics":[{"not_picked":["Lizard Tail","Cursed Key"],"picked":"Philosopher\u0027s Stone"},{"not_picked":["Empty Cage","HoveringKite"],"picked":"Orrery"}],"items_purged_floors":[39],"is_endless":false,"potions_floor_spawned":[1,2,13,14,18,20,27,33,35,48],"ascension_level":15}