{"gold_per_floor":[119,175,175,192,32,32,32,50,50,50,84,101,116,116,116,188,188,201,17,27,39,39,39],"floor_reached":23,"playtime":1556,"items_purged":["Strike_R"],"score":452,"play_id":"a4027630-9499-4ac5-af78-c9859b0905a1","local_time":"20190513163807","is_ascension_mode":true,"campfire_choices":[{"data":"Feed","floor":7.0,"key":"SMITH"},{"floor":10.0,"key":"REST"},{"data":"Searing Blow+1","floor":15.0,"key":"SMITH"}],"neow_cost":"PERCENT_DAMAGE","seed_source_timestamp":1547859136514748,"circlet_count":0,"master_deck":["AscendersBane","Strike_R","Strike_R","Strike_R","Strike_R","Defend_R","Defend_R","Defend_R","Defend_R","Bash","Feed+1","Warcry","Disarm+1","Shrug It Off+1","Armaments+1","Feed","Searing Blow+2","Dual Wield+1","Offering+1","Warcry+1","True Grit+1","Headbutt+1","Swift Strike+1","Pommel Strike+1"],"special_seed":0,"relics":["Burning Blood","Toxic Egg 2","Molten Egg 2","Pantograph","Cursed Key"],"potions_floor_usage":[23],"damage_taken":[{"damage":4.0,"enemies":"Small Slimes","floor":1.0,"turns":4.0},{"damage":8.0,"enemies":"2 Louse","floor":4.0,"turns":3.0},{"damage":13.0,"enemies":"Lagavulin","floor":6.0,"turns":7.0},{"damage":7.0,"enemies":"Jaw Worm","floor":8.0,"turns":6.0},{"damage":45.0,"enemies":"3 Sentries","floor":11.0,"turns":16.0},{"damage":12.0,"enemies":"Exordium Wildlife","floor":12.0,"turns":4.0},{"damage":2.0,"enemies":"Looter","floor":13.0,"turns":4.0},{"damage":59.0,"enemies":"The Guardian","floor":16.0,"turns":17.0},{"damage":27.0,"enemies":"Chosen","floor":18.0,"turns":5.0},{"damage":25.0,"enemies":"3 Byrds","floor":20.0,"turns":6.0},{"damage":43.0,"enemies":"Sentry and Sphere","floor":21.0,"turns":7.0},{"damage":40,"enemies":"Gremlin Leader","floor":23,"turns":5}],"seed_played":"6904235311663803072","potions_obtained":[{"floor":4.0,"key":"SmokeBomb"},{"floor":11.0,"key":"Regen Potion"},{"floor":12.0,"key":"Block Potion"},{"floor":16.0,"key":"SkillPotion"},{"floor":20.0,"key":"Block Potion"},{"floor":21.0,"key":"BloodPotion"}],"is_trial":false,"path_per_floor":["M","?","?","M","$","E","R","M","T","R","E","M","M","?","R","B",null,"M","$","M","M","$","E"],"character_chosen":"IRONCLAD","items_purchased":["Shrug It Off+1","Armaments+1","True Grit+1","Headbutt+1","Swift Strike+1"],"campfire_rested":1,"item_purchase_floors":[5,5,19,19,19],"current_hp_per_floor":[55,55,44,45,45,38,38,41,41,66,35,48,56,56,56,32,89,72,72,57,23,23,0],"gold":39,"neow_bonus":"THREE_RARE_CARDS","is_prod":false,"is_daily":false,"chose_seed":false,"campfire_upgraded":2,"win_rate":0,"timestamp":1557774487,"path_taken":["M","?","?","M","$","E","R","M","T","R","E","M","M","?","R","BOSS","M","$","M","M","$","E"],"build_version":"2019-01-23","purchased_purges":1,"victory":false,"max_hp_per_floor":[78,78,78,81,81,81,81,85,85,85,93,100,104,104,104,108,108,112,112,116,119,119,119],"card_choices":[{"not_picked":["Reaper","Fiend Fire"],"picked":"Feed","floor":0.0},{"not_picked":["Havoc","Feel No Pain"],"picked":"Warcry","floor":1.0},{"not_picked":["Shockwave+1","Headbutt"],"picked":"Disarm+1","floor":4.0},{"not_picked":["Anger","Heavy Blade"],"picked":"Feed","floor":8.0},{"not_picked":["Iron Wave+1","Inflame"],"picked":"Searing Blow+1","floor":11.0},{"not_picked":["Disarm+1","Thunderclap+1"],"picked":"Dual Wield+1","floor":12.0},{"not_picked":["Twin Strike+1","Carnage+1","Perfected Strike+1"],"picked":"SKIP","floor":13.0},{"not_picked":["Juggernaut","Immolate+1"],"picked":"Offering+1","floor":16.0},{"not_picked":["Clash+1","Burning Pact+1"],"picked":"Warcry+1","floor":18.0},{"not_picked":["Twin Strike+1","Combust","Power Through+1"],"picked":"SKIP","floor":20.0},{"not_picked":["Warcry+1","True Grit+1"],"picked":"Pommel Strike+1","floor":21.0}],"player_experience":1201348,"relics_obtained":[{"floor":9.0,"key":"Molten Egg 2"},{"floor":11.0,"key":"Pantograph"}],"event_choices":[{"damage_healed":0.0,"max_hp_gain":0.0,"max_hp_loss":0.0,"gold_gain":56.0,"event_name":"Golden Wing","player_choice":"Gained Gold","floor":2.0,"gold_loss":0.0,"damage_taken":0.0},{"damage_healed":0.0,"max_hp_gain":0.0,"max_hp_loss":0.0,"gold_gain":0.0,"event_name":"Scrap Ooze","player_choice":"Success","floor":3.0,"gold_loss":0.0,"damage_taken":11.0,"relics_obtained":["Toxic Egg 2"]},{"damage_healed":0.0,"max_hp_gain":0.0,"max_hp_loss":0.0,"gold_gain":0.0,"event_name":"Liars Game","player_choice":"Ignored","floor":14.0,"gold_loss":0.0,"damage_taken":0.0}],"is_beta":false,"boss_relics":[{"not_picked":["Velvet Choker","Coffee Dripper"],"picked":"Cursed Key"}],"items_purged_floors":[5],"is_endless":false,"potions_floor_spawned":[4,11,12,16,20,21],"killed_by":"Gremlin Leader","ascension_level":20}