{"gold_per_floor":[363,378,395,415,429,429,429,456,456,28,28],"floor_reached":11,"playtime":692,"items_purged":[],"score":90,"play_id":"d2585b7f-7ded-4cc0-8be4-87f4bcf1b0e5","local_time":"20190205152914","is_ascension_mode":true,"campfire_choices":[{"floor":6,"key":"REST"}],"neow_cost":"TEN_PERCENT_HP_LOSS","seed_source_timestamp":300404501924900,"circlet_count":0,"master_deck":["Defend_G","Defend_G","Defend_G","Defend_G","Defend_G","Strike_G","Strike_G","Strike_G","Strike_G","Strike_G","Survivor","Neutralize","Acrobatics","Heel Hook","Calculated Gamble","Eviscerate","Well Laid Plans","Accuracy","Cloak And Dagger","Chrysalis"],"relics":["Ring of the Snake","Singing Bowl","Meat on the Bone","Bottled Flame","HandDrill"],"potions_floor_usage":[8,11],"damage_taken":[{"damage":0,"enemies":"Cultist","floor":1,"turns":4},{"damage":0,"enemies":"2 Louse","floor":2,"turns":4},{"damage":1,"enemies":"Small Slimes","floor":3,"turns":3},{"damage":40,"enemies":"Exordium Thugs","floor":4,"turns":9},{"damage":5,"enemies":"Exordium Wildlife","floor":5,"turns":3},{"damage":32,"enemies":"3 Sentries","floor":8,"turns":12},{"damage":5,"enemies":"3 Louse","floor":11,"turns":2}],"seed_played":"-2925750072452499617","potions_obtained":[{"floor":2,"key":"Dexterity Potion"},{"floor":3,"key":"EssenceOfSteel"},{"floor":8,"key":"Weak Potion"}],"is_trial":false,"path_per_floor":["M","M","M","M","M","R","?","E","T","$","M"],"character_chosen":"THE_SILENT","items_purchased":["HandDrill","Cloak And Dagger","Chrysalis"],"campfire_rested":1,"item_purchase_floors":[10,10,10],"current_hp_per_floor":[63,63,62,22,17,35,35,3,3,3,0],"gold":28,"neow_bonus":"TWO_FIFTY_GOLD","is_prod":false,"is_daily":false,"chose_seed":false,"campfire_upgraded":0,"win_rate":0,"timestamp":1549398554,"path_taken":["M","?","?","M","M","R","?","E","T","$","M"],"build_version":"2019-01-23","purchased_purges":0,"victory":false,"max_hp_per_floor":[63,63,63,63,63,63,63,63,63,63,63],"card_choices":[{"not_picked":["Sucker Punch","PiercingWail"],"picked":"Acrobatics","floor":1},{"not_picked":["Quick Slash","Blade Dance"],"picked":"Heel Hook","floor":2},{"not_picked":["Blade Dance","Slice"],"picked":"Calculated Gamble","floor":3},{"not_picked":["Deadly Poison","Caltrops"],"picked":"Eviscerate","floor":4},{"not_picked":["Leg Sweep","Flying Knee"],"picked":"Well Laid Plans","floor":5},{"not_picked":["Masterful Stab","Backflip"],"picked":"Accuracy","floor":8}],"player_experience":2098049,"relics_obtained":[{"floor":8,"key":"Meat on the Bone"},{"floor":9,"key":"Bottled Flame"}],"event_choices":[{"damage_healed":0,"gold_gain":0,"player_choice":"Gave Potion","damage_taken":0,"relics_obtained":["Singing Bowl"],"max_hp_gain":0,"max_hp_loss":0,"event_name":"WeMeetAgain","floor":7,"gold_loss":0}],"is_beta":false,"boss_relics":[],"items_purged_floors":[],"is_endless":false,"potions_floor_spawned":[2,3,8],"killed_by":"3 Louse","ascension_level":4}