{"path_per_floor":["M","?","M","M","M","E","R","T","T","M","?","M","E","M","R","B",null,"M","?","$","M","?","E","$","M","T","M","M","?","R","M","R","B",null,"M","?","M","M","M","E","R","?","T","E","M","R","M","M","R","B"],"character_chosen":"IRONCLAD","items_purchased":["Perfected Strike","Self Forming Clay"],"gold_per_floor":[118,118,141,156,171,210,210,283,283,307,307,326,359,378,378,501,501,524,524,157,172,172,216,116,136,136,160,178,178,178,188,188,291,291,301,401,420,435,448,474,474,474,527,557,577,577,590,610,610,610],"floor_reached":51,"campfire_rested":1,"playtime":3057,"item_purchase_floors":[20,20],"current_hp_per_floor":[80,60,64,64,64,53,53,53,53,51,51,57,47,51,51,29,80,80,80,80,80,80,44,44,45,45,35,41,41,41,49,49,27,80,84,84,79,76,60,41,67,67,72,51,85,85,74,88,88,18],"items_purged":["Feel No Pain","Clash"],"gold":610,"score":745,"play_id":"c0aebb41-f7e9-4f1c-9c8f-c9ef8431fab3","local_time":"20180529083051","is_prod":false,"is_daily":false,"chose_seed":false,"is_ascension_mode":false,"campfire_upgraded":6,"win_rate":0.0,"timestamp":1527575451,"campfire_choices":[{"data":"Perfected Strike","floor":7,"key":"SMITH"},{"data":"Perfected Strike","floor":15,"key":"SMITH"},{"data":"Feed","floor":30,"key":"SMITH"},{"data":"Demon Form","floor":32,"key":"SMITH"},{"floor":41,"key":"REST"},{"data":"Reaper","floor":46,"key":"SMITH"},{"data":"Perfected Strike","floor":49,"key":"SMITH"}],"path_taken":["M","?","M","M","M","E","R","?","T","M","?","M","E","M","R","BOSS","M","?","$","M","?","E","$","M","T","M","?","?","R","M","R","BOSS","M","?","M","M","M","E","R","?","T","E","M","R","M","M","R","BOSS"],"build_version":"2018-05-24","seed_source_timestamp":1072693281822847,"purchased_purges":2,"victory":true,"master_deck":["Strike_R","Strike_R","Strike_R","Strike_R+1","Strike_R","Defend_R","Defend_R","Bash+1","Iron Wave","Perfected Strike+1","Perfected Strike+1","Iron Wave","Twin Strike","Demon Form+1","Shockwave+1","Perfected Strike+1","Pommel Strike","Feed+1","Heavy Blade+1","Reaper+1","Twin Strike+1","Reaper","Demon Form","Reaper","Uppercut+1","Perfected Strike+1","Pommel Strike"],"max_hp_per_floor":[80,80,80,80,80,80,80,80,80,80,80,80,80,80,80,80,80,80,80,80,80,80,80,80,80,80,80,80,80,80,80,80,80,80,84,84,88,88,88,88,88,88,88,88,88,88,88,88,88,92],"relics":["Burning Blood","Bloody Idol","Unceasing Top","Shuriken","Mercury Hourglass","Mark of Pain","Nloth\u0027s Gift","Self Forming Clay","Whetstone","Question Card","Velvet Choker","Bag of Marbles","Regal Pillow","Champion Belt"],"card_choices":[{"not_picked":["True Grit","Bloodletting"],"picked":"Iron Wave","floor":1},{"not_picked":["Anger","Armaments"],"picked":"Perfected Strike","floor":3},{"not_picked":["Warcry","Iron Wave"],"picked":"Perfected Strike","floor":4},{"not_picked":["Intimidate","Fire Breathing"],"picked":"Clash","floor":5},{"not_picked":["Twin Strike","Rupture"],"picked":"Feel No Pain","floor":6},{"not_picked":["Shrug It Off","Dark Embrace"],"picked":"Iron Wave","floor":10},{"not_picked":["Searing Blow","Thunderclap","Sword Boomerang"],"picked":"SKIP","floor":12},{"not_picked":["Bloodletting","Barricade"],"picked":"Twin Strike","floor":13},{"not_picked":["Headbutt","Shrug It Off","Armaments"],"picked":"SKIP","floor":14},{"not_picked":["Double Tap","Barricade"],"picked":"Demon Form","floor":16},{"not_picked":["Sword Boomerang","Clothesline+1"],"picked":"Shockwave+1","floor":18},{"not_picked":["Shrug It Off","Blood for Blood","Rupture"],"picked":"SKIP","floor":21},{"not_picked":["Thunderclap","Clothesline","Anger"],"picked":"SKIP","floor":23},{"not_picked":["Clothesline","Warcry"],"picked":"Pommel Strike","floor":25},{"not_picked":["Pummel+1","Ghostly Armor","Clash","Heavy Blade"],"picked":"SKIP","floor":27},{"not_picked":["Sword Boomerang","Battle Trance+1","Shockwave"],"picked":"Feed","floor":28},{"not_picked":["Sword Boomerang","Second Wind+1","Bludgeon"],"picked":"Heavy Blade+1","floor":31},{"not_picked":["Berserk","Feed","Dark Embrace"],"picked":"Reaper","floor":33},{"not_picked":["True Grit+1","Headbutt","Sever Soul","Feel No Pain"],"picked":"SKIP","floor":35},{"not_picked":["Iron Wave","Fiend Fire","Anger+1","Headbutt"],"picked":"SKIP","floor":37},{"not_picked":["Armaments+1","Warcry","Sword Boomerang+1"],"picked":"Twin Strike+1","floor":38},{"not_picked":["Flame Barrier+1","Headbutt+1","Shrug It Off+1"],"picked":"Reaper","floor":39},{"not_picked":["Flex","True Grit+1","Armaments+1","Thunderclap+1"],"picked":"SKIP","floor":40},{"not_picked":["Shrug It Off+1","Demon Form","Clash"],"picked":"Reaper","floor":44},{"not_picked":["Carnage+1","Clash+1","Sword Boomerang+1"],"picked":"Uppercut+1","floor":45},{"not_picked":["Heavy Blade+1","Iron Wave","Fiend Fire"],"picked":"Perfected Strike+1","floor":47},{"not_picked":["Intimidate","Brutality","Armaments+1"],"picked":"Pommel Strike","floor":48}],"player_experience":11080,"potions_floor_usage":[13,16,33,33,50,50],"damage_taken":[{"damage":2,"enemies":"Small Slimes","floor":1,"turns":4},{"damage":2,"enemies":"2 Louse","floor":3,"turns":4},{"damage":6,"enemies":"Cultist","floor":4,"turns":3},{"damage":6,"enemies":"Exordium Wildlife","floor":5,"turns":5},{"damage":17,"enemies":"Gremlin Nob","floor":6,"turns":4},{"damage":8,"enemies":"3 Louse","floor":10,"turns":3},{"damage":0,"enemies":"Large Slime","floor":12,"turns":3},{"damage":16,"enemies":"Lagavulin","floor":13,"turns":5},{"damage":2,"enemies":"Blue Slaver","floor":14,"turns":2},{"damage":28,"enemies":"Hexaghost","floor":16,"turns":7},{"damage":5,"enemies":"Spheric Guardian","floor":18,"turns":3},{"damage":5,"enemies":"3 Byrds","floor":21,"turns":3},{"damage":42,"enemies":"Book of Stabbing","floor":23,"turns":5},{"damage":5,"enemies":"3 Cultists","floor":25,"turns":4},{"damage":16,"enemies":"Snake Plant","floor":27,"turns":3},{"damage":0,"enemies":"Sentry and Sphere","floor":28,"turns":3},{"damage":3,"enemies":"Centurion and Healer","floor":31,"turns":5},{"damage":33,"enemies":"Collector","floor":33,"turns":5},{"damage":7,"enemies":"Orb Walker","floor":35,"turns":3},{"damage":20,"enemies":"3 Shapes","floor":37,"turns":3},{"damage":21,"enemies":"Sphere and 2 Shapes","floor":38,"turns":4},{"damage":30,"enemies":"Maw","floor":39,"turns":5},{"damage":30,"enemies":"Nemesis","floor":40,"turns":3},{"damage":56,"enemies":"2 Orb Walkers","floor":44,"turns":4},{"damage":32,"enemies":"4 Shapes","floor":45,"turns":3},{"damage":28,"enemies":"3 Darklings","floor":47,"turns":4},{"damage":10,"enemies":"Sphere and 2 Shapes","floor":48,"turns":3},{"damage":118,"enemies":"Awakened One","floor":50,"turns":9}],"relics_obtained":[{"floor":6,"key":"Unceasing Top"},{"floor":8,"key":"Shuriken"},{"floor":9,"key":"Mercury Hourglass"},{"floor":13,"key":"Happy Flower"},{"floor":23,"key":"Whetstone"},{"floor":26,"key":"Question Card"},{"floor":40,"key":"Bag of Marbles"},{"floor":43,"key":"Regal Pillow"},{"floor":44,"key":"Champion Belt"}],"event_choices":[{"event_name":"Golden Idol","player_choice":"Take Damage","floor":2,"damage_taken":0},{"event_name":"Living Wall","player_choice":"Forget","floor":11,"damage_taken":0},{"event_name":"N\u0027loth","player_choice":"Traded a Happy Flower","floor":19,"damage_taken":0},{"event_name":"Back to Basics","player_choice":"Elegance","floor":22,"damage_taken":0},{"event_name":"Forgotten Altar","player_choice":"Gave Idol","floor":29,"damage_taken":0},{"event_name":"Golden Shrine","player_choice":"Pray","floor":36,"damage_taken":0},{"event_name":"Match and Keep!","player_choice":"1 cards matched","floor":42,"damage_taken":0}],"boss_relics":[{"not_picked":["Runic Cube","Black Star"],"picked":"Mark of Pain"},{"not_picked":["White Beast Statue","Philosopher\u0027s Stone"],"picked":"Velvet Choker"}],"items_purged_floors":[20,24],"potions_floor_spawned":[3,5,10,21,31,33,35,44,45,47],"seed_played":"3787399813706546282","ascension_level":0,"potions_obtained":[{"floor":3,"key":"Ancient Potion"},{"floor":5,"key":"PowerPotion"},{"floor":10,"key":"Strength Potion"},{"floor":21,"key":"FairyPotion"},{"floor":31,"key":"Explosive Potion"},{"floor":33,"key":"SpeedPotion"},{"floor":35,"key":"BloodPotion"},{"floor":44,"key":"Strength Potion"}],"is_trial":false}