{"gold_per_floor":[365,376,112,125,125,159,159,59,86,102,102,118,118,2,2,76,76,95,111,121,46,56,56,156,156,182,197,19,19,39,39,39,113,113,131,177,177,28,45,45,77,77,77,77,94,107,107,127,127,127],"floor_reached":50,"playtime":2612,"items_purged":["Defend_R","Defend_R","Writhe"],"score":873,"play_id":"52ceab8f-8f32-4d78-bfe2-b1dd66f20e00","local_time":"20190401124331","is_ascension_mode":true,"campfire_choices":[{"floor":7.0,"key":"REST"},{"data":"Iron Wave","floor":13.0,"key":"SMITH"},{"floor":15.0,"key":"REST"},{"floor":23.0,"key":"REST"},{"floor":25.0,"key":"REST"},{"floor":29.0,"key":"REST"},{"floor":32.0,"key":"REST"},{"floor":40,"key":"REST"},{"floor":42,"key":"REST"},{"floor":47,"key":"REST"},{"data":"Juggernaut","floor":49,"key":"SMITH"}],"neow_cost":"PERCENT_DAMAGE","seed_source_timestamp":424338031984917,"circlet_count":0,"master_deck":["AscendersBane","Strike_R","Strike_R","Strike_R","Strike_R","Bash","Battle Trance","Iron Wave+1","Iron Wave","Rage","Cleave","Thunderclap","Dropkick","Shrug It Off","Juggernaut+1","Shrug It Off","Clash","Iron Wave","Swift Strike","Shrug It Off","Clothesline","Whirlwind+1"],"special_seed":0,"relics":["Burning Blood","Omamori","Happy Flower","Bronze Scales","Busted Crown","Mango","Dodecahedron","Vajra","Gambling Chip","Calling Bell","Red Skull","Matryoshka","FossilizedHelix","Shovel","Pocketwatch","Blood Vial","Ornamental Fan"],"potions_floor_usage":[39,50,50],"damage_taken":[{"damage":16.0,"enemies":"Jaw Worm","floor":1.0,"turns":5.0},{"damage":12.0,"enemies":"2 Louse","floor":2.0,"turns":3.0},{"damage":1.0,"enemies":"Cultist","floor":4.0,"turns":3.0},{"damage":20.0,"enemies":"Lagavulin","floor":6.0,"turns":6.0},{"damage":9.0,"enemies":"3 Louse","floor":10.0,"turns":2.0},{"damage":3.0,"enemies":"Blue Slaver","floor":12.0,"turns":2.0},{"damage":42.0,"enemies":"The Guardian","floor":16.0,"turns":10.0},{"damage":8.0,"enemies":"2 Thieves","floor":18.0,"turns":3.0},{"damage":21.0,"enemies":"Shell Parasite","floor":19.0,"turns":3.0},{"damage":24.0,"enemies":"Centurion and Healer","floor":20.0,"turns":4.0},{"damage":24.0,"enemies":"Snake Plant","floor":22.0,"turns":3.0},{"damage":17.0,"enemies":"Colosseum Slavers","floor":24.0,"turns":3.0},{"damage":13.0,"enemies":"Colosseum Nobs","floor":24.0,"turns":5.0},{"damage":24.0,"enemies":"Shelled Parasite and Fungi","floor":27.0,"turns":4.0},{"damage":2.0,"enemies":"Centurion and Healer","floor":30.0,"turns":4.0},{"damage":50.0,"enemies":"Automaton","floor":33.0,"turns":8.0},{"damage":0.0,"enemies":"3 Shapes","floor":35.0,"turns":2.0},{"damage":85.0,"enemies":"2 Orb Walkers","floor":36.0,"turns":5.0},{"damage":0,"enemies":"Orb Walker","floor":39,"turns":3},{"damage":15,"enemies":"Nemesis","floor":41,"turns":5},{"damage":21,"enemies":"Sphere and 2 Shapes","floor":45,"turns":4},{"damage":13,"enemies":"Spire Growth","floor":46,"turns":4},{"damage":8,"enemies":"Maw","floor":48,"turns":7},{"damage":70,"enemies":"Time Eater","floor":50,"turns":6}],"seed_played":"5320600356069395625","potions_obtained":[{"floor":1.0,"key":"Energy Potion"},{"floor":2.0,"key":"SpeedPotion"},{"floor":10.0,"key":"Strength Potion"},{"floor":22.0,"key":"Swift Potion"},{"floor":24.0,"key":"Strength Potion"},{"floor":33.0,"key":"BloodPotion"},{"floor":46,"key":"Poison Potion"},{"floor":48,"key":"SneckoOil"}],"is_trial":false,"path_per_floor":["M","M","$","M","?","E","R","$","T","M","?","M","R","$","R","B",null,"M","M","M","?","M","R","?","R","T","M","$","R","M","T","R","B",null,"M","?","?","$","M","R","E","R","T","?","M","M","R","M","R","B"],"character_chosen":"IRONCLAD","items_purchased":["Iron Wave","Omamori","Dropkick","Shrug It Off","Clash","Iron Wave","Swift Strike","Shrug It Off"],"campfire_rested":9,"item_purchase_floors":[3,3,14,14,28,28,28,38],"current_hp_per_floor":[40,34,34,39,32,18,40,40,40,37,37,40,40,40,62,26,63,61,46,28,28,10,32,28,54,54,36,36,62,66,66,89,45,78,84,13,13,13,19,44,35,60,60,60,47,42,67,67,67,0],"gold":127,"neow_bonus":"TWO_FIFTY_GOLD","is_prod":false,"is_daily":false,"chose_seed":false,"campfire_upgraded":2,"win_rate":0,"timestamp":1554131611,"path_taken":["M","M","$","M","?","E","R","$","T","M","?","M","R","$","R","BOSS","M","M","?","?","M","R","?","R","T","M","$","R","M","?","R","BOSS","M","?","?","?","?","R","E","R","T","?","M","?","R","M","R","BOSS"],"build_version":"2019-01-23","purchased_purges":3,"victory":false,"max_hp_per_floor":[75,75,75,75,75,75,75,75,75,75,75,75,75,75,75,75,75,75,75,75,75,75,75,89,89,89,89,89,89,89,89,89,89,89,89,89,85,85,85,85,85,85,85,85,85,85,85,85,85,85],"card_choices":[{"not_picked":["Flex","Second Wind"],"picked":"Battle Trance","floor":1.0},{"not_picked":["Seeing Red","Havoc"],"picked":"Iron Wave","floor":2.0},{"not_picked":["Carnage","Twin Strike"],"picked":"Rage","floor":4.0},{"not_picked":["Heavy Blade","Metallicize"],"picked":"Cleave","floor":6.0},{"not_picked":["Heavy Blade","Warcry"],"picked":"Thunderclap","floor":10.0},{"not_picked":["Armaments","Corruption"],"picked":"Perfected Strike","floor":12.0},{"not_picked":["Berserk","Offering"],"picked":"Juggernaut","floor":16.0},{"not_picked":["Seeing Red"],"picked":"SKIP","floor":18.0},{"not_picked":["Bloodletting+1"],"picked":"SKIP","floor":19.0},{"not_picked":["Hemokinesis"],"picked":"SKIP","floor":20.0},{"not_picked":[],"picked":"Shrug It Off","floor":22.0},{"not_picked":["Flex"],"picked":"SKIP","floor":27.0},{"not_picked":["Rupture"],"picked":"SKIP","floor":30.0},{"not_picked":["Havoc"],"picked":"SKIP","floor":35.0},{"not_picked":["Heavy Blade"],"picked":"SKIP","floor":39},{"not_picked":["Wild Strike"],"picked":"SKIP","floor":41},{"not_picked":["Heavy Blade"],"picked":"SKIP","floor":45},{"not_picked":[],"picked":"Clothesline","floor":46},{"not_picked":[],"picked":"Whirlwind+1","floor":48}],"player_experience":1131440,"relics_obtained":[{"floor":6.0,"key":"Happy Flower"},{"floor":9.0,"key":"Bronze Scales"},{"floor":24.0,"key":"Mango"},{"floor":24.0,"key":"Dodecahedron"},{"floor":26.0,"key":"Vajra"},{"floor":31.0,"key":"Gambling Chip"},{"floor":34.0,"key":"Red Skull"},{"floor":34.0,"key":"Matryoshka"},{"floor":34.0,"key":"FossilizedHelix"},{"floor":36.0,"key":"Shovel"},{"floor":41,"key":"Pocketwatch"},{"floor":43,"key":"Blood Vial"},{"floor":43,"key":"Ornamental Fan"}],"event_choices":[{"cards_removed":["Defend_R"],"damage_healed":0.0,"max_hp_gain":0.0,"max_hp_loss":0.0,"gold_gain":0.0,"event_name":"Golden Wing","player_choice":"Card Removal","floor":5.0,"gold_loss":0.0,"damage_taken":7.0},{"cards_removed":["Defend_R"],"damage_healed":0.0,"max_hp_gain":0.0,"max_hp_loss":0.0,"gold_gain":0.0,"event_name":"Bonfire Elementals","player_choice":"Offered Basic","floor":11.0,"gold_loss":0.0,"damage_taken":0.0},{"cards_removed":["Strike_R"],"damage_healed":0.0,"max_hp_gain":0.0,"max_hp_loss":0.0,"gold_gain":0.0,"event_name":"Beggar","player_choice":"Gave Gold","floor":21.0,"gold_loss":75.0,"damage_taken":0.0},{"damage_healed":0.0,"max_hp_gain":0.0,"max_hp_loss":0.0,"gold_gain":0.0,"event_name":"Colosseum","player_choice":"Fight","floor":24.0,"gold_loss":0.0,"damage_taken":0.0},{"damage_healed":0.0,"max_hp_gain":0.0,"max_hp_loss":0.0,"gold_gain":0.0,"event_name":"Colosseum","player_choice":"Fought Nobs","floor":24.0,"gold_loss":0.0,"damage_taken":0.0},{"damage_healed":0.0,"max_hp_gain":0.0,"max_hp_loss":0.0,"gold_gain":0.0,"event_name":"Mysterious Sphere","player_choice":"Fight","floor":36.0,"gold_loss":0.0,"damage_taken":0.0},{"damage_healed":0.0,"max_hp_gain":0.0,"max_hp_loss":4.0,"gold_gain":0.0,"event_name":"Winding Halls","player_choice":"Max HP","floor":37.0,"gold_loss":0.0,"damage_taken":0.0},{"cards_removed":["Perfected Strike"],"damage_healed":0,"gold_gain":0,"player_choice":"Purged","damage_taken":0,"max_hp_gain":0,"max_hp_loss":0,"event_name":"Purifier","floor":44,"gold_loss":0}],"is_beta":false,"boss_relics":[{"not_picked":["Lizard Tail","Empty Cage"],"picked":"Busted Crown"},{"not_picked":["Tiny House","Orrery"],"picked":"Calling Bell"}],"items_purged_floors":[3,8,38],"is_endless":false,"potions_floor_spawned":[1,2,10,16,22,24,24,33,35,46,48],"killed_by":"Time Eater","ascension_level":17}