{"gold_per_floor":[111,111,36,48,48,48,91,91,114,114,139,139,160,174,174,295,295,318,233,245,278,315,327,77,77,77,77,415,431,431,445,445,569,569,593,85,85,144,0,0,15,15,42,42,42,65,85,103,103,103,103,103,16,16],"floor_reached":54,"playtime":5884,"items_purged":["Strike_B","Consume"],"score":781,"play_id":"37cf72fe-7018-4e21-8988-b6633b482017","local_time":"20190114211154","is_ascension_mode":true,"campfire_choices":[{"data":"Redo","floor":6,"key":"SMITH"},{"data":"Dualcast","floor":8,"key":"SMITH"},{"data":"Beam Cell","floor":12,"key":"SMITH"},{"floor":15,"key":"REST"},{"data":"Rainbow","floor":23,"key":"SMITH"},{"data":"Darkness","floor":25,"key":"SMITH"},{"data":"Defragment","floor":27,"key":"SMITH"},{"data":"Genetic Algorithm","floor":30,"key":"SMITH"},{"floor":32,"key":"RECALL"},{"floor":40,"key":"REST"},{"data":"Apotheosis","floor":44,"key":"SMITH"},{"data":"FTL","floor":49,"key":"SMITH"},{"data":"Echo Form","floor":52,"key":"SMITH"}],"neow_cost":"NONE","seed_source_timestamp":498045444021020,"circlet_count":0,"master_deck":["Zap+1","Dualcast+1","Beam Cell+1","Redo+1","Cold Snap","Coolheaded","Defragment+1","Melter","Rainbow+1","Genetic Algorithm+1","Darkness+1","Conserve Battery","Reboot","BootSequence","Conserve Battery","Go for the Eyes+1","Melter","Loop","FTL+1","All For One","Gash","Compile Driver+1","Tempest+1","Echo Form+1","Apotheosis+1","Madness","Madness","Gash+1","Doubt","Go for the Eyes+1","Capacitor+1","Bandage Up"],"relics":["Cracked Core","Golden Idol","Bronze Scales","Pandora\u0027s Box","MawBank","Kunai","Old Coin","White Beast Statue","Blue Candle","Du-Vu Doll","Red Mask","Anchor"],"potions_floor_usage":[7,28,28,28,31,38,41,46,47,50,50,50],"damage_taken":[{"damage":7,"enemies":"Jaw Worm","floor":1,"turns":3},{"damage":6,"enemies":"2 Louse","floor":4,"turns":3},{"damage":11,"enemies":"Gremlin Nob","floor":7,"turns":3},{"damage":0,"enemies":"Small Slimes","floor":11,"turns":2},{"damage":2,"enemies":"3 Louse","floor":13,"turns":2},{"damage":11,"enemies":"Lots of Slimes","floor":14,"turns":3},{"damage":9,"enemies":"The Guardian","floor":16,"turns":8},{"damage":4,"enemies":"Spheric Guardian","floor":18,"turns":3},{"damage":0,"enemies":"Chosen","floor":21,"turns":3},{"damage":3,"enemies":"Sentry and Sphere","floor":22,"turns":3},{"damage":11,"enemies":"Slavers","floor":28,"turns":3},{"damage":3,"enemies":"Chosen and Byrds","floor":29,"turns":3},{"damage":3,"enemies":"Snake Plant","floor":31,"turns":4},{"damage":52,"enemies":"Automaton","floor":33,"turns":8},{"damage":0,"enemies":"Orb Walker","floor":35,"turns":3},{"damage":53,"enemies":"2 Orb Walkers","floor":38,"turns":5},{"damage":22,"enemies":"3 Darklings","floor":41,"turns":4},{"damage":0,"enemies":"Sphere and 2 Shapes","floor":46,"turns":3},{"damage":4,"enemies":"Jaw Worm Horde","floor":47,"turns":3},{"damage":11,"enemies":"Transient","floor":48,"turns":5},{"damage":45,"enemies":"Time Eater","floor":50,"turns":9},{"damage":86,"enemies":"Shield and Spear","floor":54,"turns":5}],"seed_played":"2814598563390559737","potions_obtained":[{"floor":1,"key":"Swift Potion"},{"floor":16,"key":"Regen Potion"},{"floor":18,"key":"Strength Potion"},{"floor":20,"key":"Energy Potion"},{"floor":28,"key":"SteroidPotion"},{"floor":29,"key":"Block Potion"},{"floor":33,"key":"FearPotion"},{"floor":35,"key":"AttackPotion"},{"floor":38,"key":"Weak Potion"},{"floor":41,"key":"FocusPotion"},{"floor":46,"key":"Strength Potion"},{"floor":47,"key":"LiquidBronze"}],"is_trial":false,"path_per_floor":["M","?","$","M","?","R","E","R","T","?","M","R","M","M","R","B",null,"M","?","?","M","M","R","$","R","T","R","E","M","R","M","R","B",null,"M","$","?","?","?","R","M","?","T","R","?","M","M","M","R","B",null,"R","$","E"],"character_chosen":"DEFECT","items_purchased":["Loop","FTL","All For One","Apotheosis","Blue Candle","Bandage Up"],"campfire_rested":2,"item_purchase_floors":[24,24,24,36,36,53],"current_hp_per_floor":[75,75,75,69,69,69,58,58,58,51,51,51,49,38,60,51,76,72,72,72,72,69,69,69,69,69,69,67,64,64,61,61,9,76,76,76,66,13,13,35,13,76,76,76,76,76,72,61,61,16,76,76,76,0],"gold":16,"neow_bonus":"TEN_PERCENT_HP_BONUS","is_prod":false,"is_daily":false,"chose_seed":false,"campfire_upgraded":10,"win_rate":0,"timestamp":1547518314,"path_taken":["M","?","$","M","?","R","E","R","T","?","M","R","M","M","R","BOSS","M","?","?","?","?","R","$","R","T","R","E","M","R","M","R","BOSS","M","$","?","?","?","R","M","?","T","R","?","M","?","M","R","BOSS","R","$","E"],"build_version":"2019-01-10","purchased_purges":2,"victory":false,"max_hp_per_floor":[82,82,82,82,76,76,76,76,76,76,76,76,76,76,76,76,76,76,76,76,76,76,76,76,76,76,76,76,76,76,76,76,76,76,76,76,76,76,76,76,76,76,76,76,76,76,76,76,76,76,76,76,76,76],"card_choices":[{"not_picked":["Hello World","Force Field"],"picked":"Beam Cell","floor":1},{"not_picked":["Turbo","Gash"],"picked":"Redo","floor":4},{"not_picked":["Amplify","Rip and Tear"],"picked":"Cold Snap","floor":7},{"not_picked":["Conserve Battery","Ball Lightning"],"picked":"Coolheaded","floor":11},{"not_picked":["Go for the Eyes","All For One"],"picked":"Defragment","floor":13},{"not_picked":["Beam Cell","FTL"],"picked":"Melter","floor":14},{"not_picked":["Thunder Strike","Reboot"],"picked":"Rainbow","floor":16},{"not_picked":["Compile Driver","Darkness"],"picked":"Conserve Battery","floor":18},{"not_picked":["Compile Driver","Redo"],"picked":"Go for the Eyes+1","floor":21},{"not_picked":["Streamline","Consume"],"picked":"Melter","floor":22},{"not_picked":["Streamline","Leap"],"picked":"Gash","floor":28},{"not_picked":["Ball Lightning","Sweeping Beam"],"picked":"Compile Driver+1","floor":29},{"not_picked":["Steam","Stack+1"],"picked":"Tempest+1","floor":31},{"not_picked":["Seek","Meteor Strike"],"picked":"Echo Form","floor":33},{"not_picked":["Scrape","Leap+1","Heatsinks+1"],"picked":"SKIP","floor":35},{"not_picked":["Reinforced Body","Beam Cell"],"picked":"Gash+1","floor":41},{"not_picked":["Streamline+1","Melter+1"],"picked":"Go for the Eyes+1","floor":46},{"not_picked":["Recycle+1","Conserve Battery","Coolheaded"],"picked":"SKIP","floor":47},{"not_picked":["Conserve Battery","Cold Snap+1"],"picked":"Capacitor+1","floor":48}],"player_experience":340026,"relics_obtained":[{"floor":7,"key":"Bronze Scales"},{"floor":26,"key":"Kunai"},{"floor":28,"key":"Old Coin"},{"floor":38,"key":"Du-Vu Doll"},{"floor":43,"key":"Anchor"}],"event_choices":[{"damage_healed":0,"gold_gain":0,"player_choice":"Grow","damage_taken":0,"max_hp_gain":0,"max_hp_loss":0,"event_name":"Living Wall","floor":2,"gold_loss":0,"cards_upgraded":["Zap"]},{"damage_healed":0,"gold_gain":0,"player_choice":"Lose Max HP","damage_taken":0,"relics_obtained":["Golden Idol"],"max_hp_gain":0,"max_hp_loss":6,"event_name":"Golden Idol","floor":5,"gold_loss":0},{"cards_removed":["Defend_B"],"damage_healed":0,"gold_gain":0,"player_choice":"Card Removal","damage_taken":7,"max_hp_gain":0,"max_hp_loss":0,"event_name":"Golden Wing","floor":10,"gold_loss":0},{"damage_healed":0,"gold_gain":0,"player_choice":"Obtained Relic","damage_taken":0,"relics_obtained":["MawBank"],"max_hp_gain":0,"max_hp_loss":0,"event_name":"Addict","floor":19,"gold_loss":85},{"damage_healed":0,"gold_gain":0,"player_choice":"Got Potions","damage_taken":0,"max_hp_gain":0,"max_hp_loss":0,"event_name":"Lab","floor":20,"gold_loss":0},{"damage_healed":0,"gold_gain":0,"player_choice":"Embrace Madness","damage_taken":10,"max_hp_gain":0,"max_hp_loss":0,"event_name":"Winding Halls","floor":37,"gold_loss":0,"cards_obtained":["Madness","Madness"]},{"damage_healed":0,"gold_gain":0,"player_choice":"Fight","damage_taken":0,"max_hp_gain":0,"max_hp_loss":0,"event_name":"Mysterious Sphere","floor":38,"gold_loss":0},{"damage_healed":0,"gold_gain":0,"player_choice":"Paid","damage_taken":0,"relics_obtained":["Red Mask"],"max_hp_gain":0,"max_hp_loss":0,"event_name":"Tomb of Lord Red Mask","floor":39,"gold_loss":144},{"damage_healed":63,"gold_gain":0,"player_choice":"Heal","damage_taken":0,"max_hp_gain":0,"max_hp_loss":0,"event_name":"MindBloom","floor":42,"gold_loss":0,"cards_obtained":["Doubt"]},{"damage_healed":0,"gold_gain":0,"player_choice":"Ignored","damage_taken":0,"max_hp_gain":0,"max_hp_loss":0,"event_name":"SecretPortal","floor":45,"gold_loss":0}],"is_beta":false,"boss_relics":[{"not_picked":["Runic Pyramid","FrozenCore"],"picked":"Pandora\u0027s Box"},{"not_picked":["Philosopher\u0027s Stone","Empty Cage"],"picked":"White Beast Statue"}],"items_purged_floors":[3,36],"is_endless":false,"potions_floor_spawned":[1,16,18,28,29,33,35,38,41,46,47,48],"killed_by":"Shield and Spear","ascension_level":4}