{"gold_per_floor":[111,111,111,111,127,150,75,75,75,75,75,75,75,95,95,223,223,241,225,225,125,138,138],"floor_reached":23,"playtime":1199,"items_purged":["Strike_B","Regret"],"score":251,"play_id":"bd11c373-6b49-486e-9f7e-8d27cfb1fce1","local_time":"20190201145732","is_ascension_mode":true,"campfire_choices":[{"data":"Self Repair","floor":10,"key":"SMITH"},{"data":"Dualcast","floor":12,"key":"SMITH"},{"data":"Seek","floor":15,"key":"SMITH"}],"neow_cost":"NONE","seed_source_timestamp":87910558348536,"circlet_count":0,"master_deck":["Defend_B","Defend_B","Defend_B","Defend_B","Zap","Dualcast+1","FTL","Seek+1","Zap","Self Repair+1","Leap","Leap","Sweeping Beam","Buffer","Cold Snap","Glacier+1","Enlightenment","White Noise"],"relics":["Cracked Core","Golden Idol","Bag of Marbles","Bronze Scales","Anchor","Empty Cage"],"potions_floor_usage":[14,19,23],"damage_taken":[{"damage":6,"enemies":"2 Louse","floor":1,"turns":2},{"damage":2,"enemies":"Jaw Worm","floor":5,"turns":3},{"damage":1,"enemies":"Cultist","floor":6,"turns":3},{"damage":2,"enemies":"3 Louse","floor":14,"turns":3},{"damage":36,"enemies":"The Guardian","floor":16,"turns":14},{"damage":23,"enemies":"Spheric Guardian","floor":18,"turns":4},{"damage":23,"enemies":"2 Thieves","floor":19,"turns":4},{"damage":22,"enemies":"Snake Plant","floor":22,"turns":5},{"damage":17,"enemies":"Slavers","floor":23,"turns":4}],"seed_played":"2767767241338514626","potions_obtained":[{"floor":6,"key":"Dexterity Potion"},{"floor":14,"key":"Block Potion"},{"floor":18,"key":"SkillPotion"}],"is_trial":false,"path_per_floor":["M","?","?","?","M","M","$","?","T","R","?","R","$","M","R","B",null,"M","M","?","$","M","E"],"character_chosen":"DEFECT","items_purchased":[],"campfire_rested":0,"item_purchase_floors":[],"current_hp_per_floor":[69,49,49,49,54,60,60,60,60,60,57,57,57,65,65,39,71,58,45,29,29,17,0],"gold":138,"neow_bonus":"TEN_PERCENT_HP_BONUS","is_prod":false,"is_daily":false,"chose_seed":false,"campfire_upgraded":3,"win_rate":0,"timestamp":1549051052,"path_taken":["M","?","?","?","M","?","$","?","T","R","?","R","?","M","R","BOSS","M","M","?","$","M","E"],"build_version":"2019-01-23","purchased_purges":2,"victory":false,"max_hp_per_floor":[82,82,82,82,82,82,82,82,82,82,82,82,82,82,82,82,82,82,82,82,82,82,82],"card_choices":[{"not_picked":["Ball Lightning","Stack"],"picked":"FTL","floor":1},{"not_picked":["Rip and Tear","Heatsinks"],"picked":"Leap","floor":5},{"not_picked":["Rebound","Genetic Algorithm"],"picked":"Leap","floor":6},{"not_picked":["Beam Cell","Redo"],"picked":"Sweeping Beam","floor":14},{"not_picked":["Multi-Cast","Machine Learning"],"picked":"Buffer","floor":16},{"not_picked":["Chill","Turbo"],"picked":"Cold Snap","floor":18},{"not_picked":["FTL","Cold Snap+1"],"picked":"Glacier+1","floor":19},{"not_picked":["Gash","Conserve Battery"],"picked":"White Noise","floor":22}],"player_experience":2071498,"relics_obtained":[{"floor":9,"key":"Bronze Scales"}],"event_choices":[{"damage_healed":0,"gold_gain":0,"player_choice":"Take Damage","damage_taken":20,"relics_obtained":["Golden Idol"],"max_hp_gain":0,"max_hp_loss":0,"event_name":"Golden Idol","floor":2,"gold_loss":0},{"damage_healed":0,"gold_gain":0,"cards_transformed":["Strike_B"],"player_choice":"Change","damage_taken":0,"max_hp_gain":0,"max_hp_loss":0,"event_name":"Living Wall","floor":3,"gold_loss":0,"cards_obtained":["Seek"]},{"damage_healed":0,"gold_gain":0,"player_choice":"2 cards matched","damage_taken":0,"max_hp_gain":0,"max_hp_loss":0,"event_name":"Match and Keep!","floor":4,"gold_loss":0,"cards_obtained":["Zap","Self Repair"]},{"damage_healed":0,"gold_gain":0,"player_choice":"Box","damage_taken":0,"relics_obtained":["Bag of Marbles"],"max_hp_gain":0,"max_hp_loss":0,"event_name":"Big Fish","floor":8,"gold_loss":0,"cards_obtained":["Regret"]},{"damage_healed":0,"gold_gain":0,"player_choice":"Success","damage_taken":3,"relics_obtained":["Anchor"],"max_hp_gain":0,"max_hp_loss":0,"event_name":"Scrap Ooze","floor":11,"gold_loss":0},{"damage_healed":0,"gold_gain":0,"player_choice":"CARD ","damage_taken":16,"max_hp_gain":0,"max_hp_loss":0,"event_name":"Knowing Skull","floor":20,"potions_obtained":[],"gold_loss":0,"cards_obtained":["Enlightenment"]}],"is_beta":false,"boss_relics":[{"not_picked":["Philosopher\u0027s Stone","Calling Bell"],"picked":"Empty Cage"}],"items_purged_floors":[7,21],"is_endless":false,"potions_floor_spawned":[6,14,18],"killed_by":"Slavers","ascension_level":8}