{"gold_per_floor":[117,42,42,42,62,62,92,104,104,120,47,47,47,0,0,101,101,114,213,128,152,89,101,124,136,172,216,228,257,285,297],"floor_reached":31,"playtime":1128,"items_purged":["Strike_B"],"score":306,"play_id":"6325d356-082f-455b-afbe-4b7e1ec1efe3","local_time":"20181226203046","is_ascension_mode":true,"campfire_choices":[{"floor":6,"key":"RECALL"},{"data":"Zap","floor":12,"key":"SMITH"},{"data":"Dualcast","floor":15,"key":"SMITH"},{"data":"Gash","floor":23,"key":"SMITH"},{"floor":28,"key":"REST"}],"neow_cost":"NONE","seed_source_timestamp":291667181747813,"circlet_count":0,"master_deck":["Strike_B+1","Defend_B","Defend_B","Zap+1","Dualcast+1","Coolheaded+1","Recycle+1","Gash+1","Leap","Loop+1","Conserve Battery+1","Loop+1","Sweeping Beam","All For One","Defragment+1","Scrape+1","Self Repair+1","Machine Learning+1","Defragment+1"],"relics":["Cracked Core","NeowsBlessing","Frozen Egg 2","Dodecahedron","Empty Cage","MawBank","Mummified Hand","Ancient Tea Set","War Paint"],"potions_floor_usage":[16,18,21,27],"damage_taken":[{"damage":0,"enemies":"Jaw Worm","floor":1,"turns":1},{"damage":0,"enemies":"Small Slimes","floor":5,"turns":1},{"damage":0,"enemies":"3 Sentries","floor":7,"turns":1},{"damage":0,"enemies":"Cultist","floor":8,"turns":4},{"damage":9,"enemies":"Red Slaver","floor":10,"turns":3},{"damage":13,"enemies":"The Guardian","floor":16,"turns":9},{"damage":0,"enemies":"Chosen","floor":18,"turns":6},{"damage":20,"enemies":"2 Thieves","floor":21,"turns":4},{"damage":0,"enemies":"Snecko","floor":24,"turns":3},{"damage":32,"enemies":"Slavers","floor":27,"turns":3},{"damage":19,"enemies":"Shelled Parasite and Fungi","floor":29,"turns":3},{"damage":7,"enemies":"Chosen and Byrds","floor":30,"turns":3},{"damage":30,"enemies":"Snake Plant","floor":31,"turns":2}],"seed_played":"1792183968332731442","potions_obtained":[{"floor":5,"key":"Weak Potion"},{"floor":10,"key":"Weak Potion"},{"floor":16,"key":"LiquidBronze"},{"floor":18,"key":"AttackPotion"},{"floor":29,"key":"Strength Potion"}],"is_trial":false,"path_per_floor":["M","$","?","?","M","R","E","M","T","M","$","R","?","$","R","B",null,"M","?","?","M","?","R","M","T","T","E","R","M","M","M"],"character_chosen":"DEFECT","items_purchased":["Loop+1","Sweeping Beam"],"campfire_rested":1,"item_purchase_floors":[11,14],"current_hp_per_floor":[75,75,68,68,68,68,68,68,68,59,59,59,44,44,44,31,75,75,75,75,55,55,55,55,55,55,23,45,26,29,0],"gold":297,"neow_bonus":"THREE_ENEMY_KILL","is_prod":false,"is_daily":false,"chose_seed":false,"campfire_upgraded":3,"win_rate":0,"timestamp":1545874246,"path_taken":["M","$","?","?","M","R","E","M","T","?","?","R","?","$","R","BOSS","M","?","?","M","?","R","M","?","T","E","R","M","?","M"],"build_version":"2018-12-20","purchased_purges":1,"victory":false,"max_hp_per_floor":[75,75,75,75,75,75,75,75,75,75,75,75,75,75,75,75,75,75,75,75,75,75,75,75,75,75,75,75,75,75,75],"card_choices":[{"not_picked":["Go for the Eyes","Scrape"],"picked":"Coolheaded","floor":1},{"not_picked":["Rebound","Aggregate"],"picked":"Gash","floor":5},{"not_picked":["Hello World+1","Streamline"],"picked":"Leap","floor":7},{"not_picked":["Streamline","Ball Lightning"],"picked":"Loop+1","floor":8},{"not_picked":["Gash","Cold Snap"],"picked":"Conserve Battery","floor":10},{"not_picked":["Seek","Meteor Strike"],"picked":"All For One","floor":16},{"not_picked":["Redo","Reprogram+1"],"picked":"Defragment+1","floor":18},{"not_picked":["Tempest","Chill"],"picked":"Scrape+1","floor":21},{"not_picked":["Ball Lightning","Conserve Battery"],"picked":"Self Repair+1","floor":24},{"not_picked":["Gash","Tempest+1"],"picked":"Machine Learning+1","floor":27},{"not_picked":["Cold Snap","Coolheaded+1","Barrage+1"],"picked":"SKIP","floor":29},{"not_picked":["Steam Power","Leap"],"picked":"Defragment+1","floor":30}],"player_experience":166809,"relics_obtained":[{"floor":7,"key":"Dodecahedron"},{"floor":25,"key":"Mummified Hand"},{"floor":26,"key":"Ancient Tea Set"},{"floor":27,"key":"War Paint"}],"event_choices":[{"damage_healed":0,"gold_gain":0,"player_choice":"Success","damage_taken":7,"relics_obtained":["Frozen Egg 2"],"max_hp_gain":0,"max_hp_loss":0,"event_name":"Scrap Ooze","floor":3,"gold_loss":0},{"damage_healed":0,"gold_gain":0,"cards_transformed":["Defend_B"],"player_choice":"Transformed","damage_taken":0,"max_hp_gain":0,"max_hp_loss":0,"event_name":"Transmorgrifier","floor":4,"gold_loss":0,"cards_obtained":["Recycle"]},{"damage_healed":0,"gold_gain":0,"player_choice":"Entered Light","damage_taken":15,"max_hp_gain":0,"max_hp_loss":0,"event_name":"Shining Light","floor":13,"gold_loss":0,"cards_upgraded":["Strike_B","Recycle"]},{"damage_healed":0,"gold_gain":99,"player_choice":"Stole From Cult","damage_taken":0,"max_hp_gain":0,"max_hp_loss":0,"event_name":"Nest","floor":19,"gold_loss":0},{"damage_healed":0,"gold_gain":0,"player_choice":"Obtained Relic","damage_taken":0,"relics_obtained":["MawBank"],"max_hp_gain":0,"max_hp_loss":0,"event_name":"Addict","floor":20,"gold_loss":85},{"cards_removed":["Strike_B"],"damage_healed":0,"gold_gain":0,"player_choice":"Gave Gold","damage_taken":0,"max_hp_gain":0,"max_hp_loss":0,"event_name":"Beggar","floor":22,"gold_loss":75}],"is_beta":false,"boss_relics":[{"not_picked":["Runic Dome","Philosopher\u0027s Stone"],"picked":"Empty Cage"}],"items_purged_floors":[2],"is_endless":false,"potions_floor_spawned":[5,10,16,18,29],"killed_by":"Snake Plant","ascension_level":2}