{"gold_per_floor":[109,109,72,26,26,62,86,117,117,117,148,148,148,66,66,66],"floor_reached":16,"playtime":766,"items_purged":[],"score":167,"play_id":"1a8c2b1c-290f-4788-8fc9-6e284c6a56cf","local_time":"20181224115104","is_ascension_mode":true,"campfire_choices":[{"floor":10,"key":"REST"},{"data":"Strike_G","floor":12,"key":"PURGE"},{"floor":15,"key":"REST"}],"neow_cost":"NONE","seed_source_timestamp":225255144764652,"circlet_count":0,"master_deck":["Defend_G","Defend_G","Defend_G","Defend_G","Defend_G+1","Strike_G","Strike_G","Strike_G","Strike_G+1","Survivor","Neutralize","Cloak And Dagger","Footwork","Poisoned Stab","Dodge and Roll","Cloak And Dagger","Poisoned Stab","Noxious Fumes+1"],"relics":["Ring of the Snake","NeowsBlessing","CultistMask","Golden Idol","Frozen Egg 2","Singing Bowl","Peace Pipe","Blood Vial"],"potions_floor_usage":[11,16],"damage_taken":[{"damage":0,"enemies":"Cultist","floor":1,"turns":1},{"damage":0,"enemies":"Lagavulin","floor":6,"turns":1},{"damage":0,"enemies":"Small Slimes","floor":7,"turns":1},{"damage":29,"enemies":"3 Sentries","floor":8,"turns":14},{"damage":31,"enemies":"Gremlin Nob","floor":11,"turns":4},{"damage":35,"enemies":"Slime Boss","floor":16,"turns":8}],"seed_played":"-8030987302004085906","potions_obtained":[{"floor":7,"key":"Poison Potion"},{"floor":11,"key":"Block Potion"}],"is_trial":false,"path_per_floor":["M","?","$","$","?","E","M","E","T","R","E","R","?","$","R","B"],"character_chosen":"THE_SILENT","items_purchased":["Footwork","Poisoned Stab","Noxious Fumes+1"],"campfire_rested":2,"item_purchase_floors":[3,4,14],"current_hp_per_floor":[70,70,70,70,53,53,53,24,24,45,16,16,2,2,23,0],"gold":66,"neow_bonus":"THREE_ENEMY_KILL","is_prod":false,"is_daily":false,"chose_seed":false,"campfire_upgraded":0,"win_rate":0,"timestamp":1545673864,"path_taken":["M","?","?","$","?","E","M","E","T","R","E","R","?","?","R","BOSS"],"build_version":"2018-12-20","purchased_purges":0,"victory":false,"max_hp_per_floor":[70,70,70,70,70,70,70,70,70,70,72,72,72,72,72,72],"card_choices":[{"not_picked":["Prepared","Outmaneuver"],"picked":"Cloak And Dagger","floor":1},{"not_picked":["Concentrate","Blade Dance"],"picked":"Dodge and Roll","floor":6},{"not_picked":["Blade Dance","Accuracy+1"],"picked":"Cloak And Dagger","floor":7},{"not_picked":["Distraction","Flying Knee"],"picked":"Poisoned Stab","floor":8},{"not_picked":["Tools of the Trade+1","Dodge and Roll","Sucker Punch"],"picked":"Singing Bowl","floor":11}],"player_experience":251500,"relics_obtained":[{"floor":6,"key":"Frozen Egg 2"},{"floor":8,"key":"Singing Bowl"},{"floor":9,"key":"Peace Pipe"},{"floor":11,"key":"Blood Vial"}],"event_choices":[{"damage_healed":0,"gold_gain":0,"player_choice":"Trade","damage_taken":0,"relics_obtained":["CultistMask"],"max_hp_gain":0,"max_hp_loss":0,"event_name":"FaceTrader","floor":2,"gold_loss":0},{"damage_healed":0,"gold_gain":0,"player_choice":"Take Damage","damage_taken":17,"relics_obtained":["Golden Idol"],"max_hp_gain":0,"max_hp_loss":0,"event_name":"Golden Idol","floor":5,"gold_loss":0},{"damage_healed":0,"gold_gain":0,"player_choice":"Entered Light","damage_taken":14,"max_hp_gain":0,"max_hp_loss":0,"event_name":"Shining Light","floor":13,"gold_loss":0,"cards_upgraded":["Strike_G","Defend_G"]}],"is_beta":false,"boss_relics":[],"items_purged_floors":[],"is_endless":false,"potions_floor_spawned":[7,11],"killed_by":"Slime Boss","ascension_level":4}