{"path_per_floor":["M","?","?","?","T","R","M","R","T","M","M","$","R","E","R","B",null,"M","?","M","?","M","R","$","M","T","R"],"character_chosen":"THE_SILENT","items_purchased":["Footwork","Cloak And Dagger"],"gold_per_floor":[111,111,111,111,111,111,127,127,182,196,209,41,41,66,66,165,165,165,165,165,165,165,165,65,65,65,65,65],"floor_reached":28,"campfire_rested":0,"playtime":1811,"item_purchase_floors":[12,12],"current_hp_per_floor":[63,63,63,63,63,63,59,59,59,59,55,55,55,49,49,40,63,39,39,33,33,29,29,29,23,23,23,23],"items_purged":["Defend_G","Strike_G"],"gold":65,"score":335,"play_id":"2c26b2e4-2412-46e1-aec7-35bc93929b0a","local_time":"20180621224351","is_prod":false,"is_daily":false,"chose_seed":false,"is_ascension_mode":true,"campfire_upgraded":6,"win_rate":0,"timestamp":1529613831,"campfire_choices":[{"data":"Defend_G","floor":6,"key":"SMITH"},{"data":"Strike_G","floor":8,"key":"SMITH"},{"data":"Footwork","floor":13,"key":"SMITH"},{"data":"Leg Sweep","floor":15,"key":"SMITH"},{"data":"Malaise","floor":23,"key":"SMITH"},{"data":"Infinite Blades","floor":27,"key":"SMITH"}],"path_taken":["M","?","?","?","?","R","M","R","T","M","?","$","R","E","R","BOSS","M","?","M","?","M","R","$","M","T","R","M"],"build_version":"2018-06-14v2","seed_source_timestamp":435325962753268,"purchased_purges":2,"victory":false,"master_deck":["Defend_G+1","Defend_G+1","Defend_G+1","Strike_G+1","Strike_G","Strike_G","Survivor","Neutralize+1","AscendersBane","Poisoned Stab","Footwork+1","Cloak And Dagger","Leg Sweep+1","Phantasmal Killer","Backflip","Malaise+1","Infinite Blades+1"],"max_hp_per_floor":[70,70,70,70,70,70,70,70,70,70,70,70,70,70,70,70,70,70,70,70,70,70,70,70,70,70,70,70],"relics":["Busted Crown","Centennial Puzzle","Art of War","War Paint","Ectoplasm","Lantern"],"card_choices":[{"not_picked":["Sucker Punch"],"picked":"SKIP","floor":1},{"not_picked":["Outmaneuver"],"picked":"SKIP","floor":7},{"not_picked":["Expertise"],"picked":"SKIP","floor":10},{"not_picked":[],"picked":"Poisoned Stab","floor":11},{"not_picked":[],"picked":"Leg Sweep","floor":14},{"not_picked":[],"picked":"Phantasmal Killer","floor":16},{"not_picked":["Prepared"],"picked":"SKIP","floor":18},{"not_picked":[],"picked":"Malaise","floor":20},{"not_picked":["Flying Knee"],"picked":"SKIP","floor":22},{"not_picked":[],"picked":"Infinite Blades","floor":25}],"player_experience":340767,"potions_floor_usage":[22,22],"damage_taken":[{"damage":0,"enemies":"Small Slimes","floor":1,"turns":3},{"damage":4,"enemies":"Cultist","floor":7,"turns":4},{"damage":0,"enemies":"2 Louse","floor":10,"turns":2},{"damage":4,"enemies":"Blue Slaver","floor":11,"turns":4},{"damage":6,"enemies":"3 Sentries","floor":14,"turns":10},{"damage":9,"enemies":"The Guardian","floor":16,"turns":18},{"damage":24,"enemies":"Chosen","floor":18,"turns":8},{"damage":6,"enemies":"3 Byrds","floor":20,"turns":7},{"damage":4,"enemies":"3 Cultists","floor":22,"turns":9},{"damage":6,"enemies":"Centurion and Healer","floor":25,"turns":17},{"damage":0,"enemies":"Chosen and Byrds","floor":28,"turns":7}],"relics_obtained":[{"floor":5,"key":"Centennial Puzzle"},{"floor":9,"key":"Art of War"},{"floor":14,"key":"War Paint"},{"floor":26,"key":"Lantern"}],"event_choices":[{"event_name":"Accursed Blacksmith","player_choice":"Forge","floor":2,"damage_taken":0},{"event_name":"Purifier","player_choice":"One Purge","floor":3,"damage_taken":0},{"event_name":"Living Wall","player_choice":"Forget","floor":4,"damage_taken":0},{"event_name":"The Library","player_choice":"Read","floor":19,"damage_taken":0},{"event_name":"Cursed Tome","player_choice":"Ignored","floor":21,"damage_taken":0}],"boss_relics":[{"not_picked":["White Beast Statue","Runic Dome"],"picked":"Ectoplasm"}],"items_purged_floors":[12,24],"is_endless":false,"potions_floor_spawned":[10,16,25],"seed_played":"827826394696064299","killed_by":"Chosen and Byrds","ascension_level":11,"potions_obtained":[{"floor":10,"key":"Energy Potion"},{"floor":16,"key":"EssenceOfSteel"},{"floor":25,"key":"SteroidPotion"}],"is_trial":false}