{"gold_per_floor":[14,14,14,32,47,47,147,165,237,266,278,306,287,126,126,202,202,214,69,344,360,113,113],"floor_reached":23,"playtime":953,"items_purged":["Regret"],"score":312,"play_id":"22e481fa-48c4-4c44-a614-d1ca40cc57c0","local_time":"20190331005833","is_ascension_mode":true,"campfire_choices":[{"data":"Dualcast","floor":6,"key":"SMITH"},{"data":"Barrage","floor":11,"key":"SMITH"},{"floor":15,"key":"REST"}],"neow_cost":"NO_GOLD","seed_source_timestamp":94394372428700,"circlet_count":0,"master_deck":["AscendersBane","Strike_B+1","Strike_B","Strike_B","Strike_B","Defend_B","Defend_B","Defend_B","Defend_B","Zap+1","Dualcast+1","Barrage+1","Cold Snap","Skim","FTL","Meteor Strike","Loop","HandOfGreed","Echo Form","Coolheaded+1","Steam"],"relics":["Cracked Core","Cables","MawBank","Busted Crown","PreservedInsect","Regal Pillow"],"potions_floor_usage":[16,18,23],"damage_taken":[{"damage":0,"enemies":"Small Slimes","floor":1,"turns":2},{"damage":6,"enemies":"2 Louse","floor":4,"turns":2},{"damage":0,"enemies":"Jaw Worm","floor":5,"turns":4},{"damage":11,"enemies":"Large Slime","floor":8,"turns":5},{"damage":11,"enemies":"Gremlin Nob","floor":10,"turns":3},{"damage":12,"enemies":"Lots of Slimes","floor":12,"turns":3},{"damage":16,"enemies":"Hexaghost","floor":16,"turns":13},{"damage":36,"enemies":"3 Byrds","floor":18,"turns":5},{"damage":25,"enemies":"Spheric Guardian","floor":21,"turns":4},{"damage":19,"enemies":"Book of Stabbing","floor":23,"turns":5}],"seed_played":"8696432305579956716","potions_obtained":[{"floor":4,"key":"SkillPotion"},{"floor":8,"key":"Dexterity Potion"},{"floor":16,"key":"Ancient Potion"},{"floor":21,"key":"Weak Potion"}],"is_trial":false,"path_per_floor":["M","?","?","M","M","R","?","M","T","E","R","M","?","$","R","B",null,"M","$","?","M","$","E"],"character_chosen":"DEFECT","items_purchased":["HandOfGreed","PreservedInsect","Regal Pillow","Steam"],"campfire_rested":1,"item_purchase_floors":[14,19,22,22],"current_hp_per_floor":[82,82,64,58,58,58,58,47,47,36,36,24,24,24,50,34,75,39,39,39,14,14,0],"gold":113,"neow_bonus":"TWENTY_PERCENT_HP_BONUS","is_prod":false,"is_daily":false,"chose_seed":false,"campfire_upgraded":2,"win_rate":0,"timestamp":1554008313,"path_taken":["M","?","?","M","?","R","?","?","T","E","R","M","?","?","R","BOSS","M","$","?","M","$","E"],"build_version":"2019-01-23","purchased_purges":1,"victory":false,"max_hp_per_floor":[89,89,89,89,89,89,89,89,89,89,89,89,89,89,89,89,89,89,89,89,89,89,89],"card_choices":[{"not_picked":["Steam","Stack"],"picked":"Barrage","floor":1},{"not_picked":["Leap","Gash"],"picked":"Cold Snap","floor":4},{"not_picked":["Turbo","Steam"],"picked":"Skim","floor":5},{"not_picked":["Loop","Rebound"],"picked":"FTL","floor":8},{"not_picked":["Lockon","Steam"],"picked":"Meteor Strike","floor":10},{"not_picked":["Barrage","Reprogram"],"picked":"Loop","floor":12},{"not_picked":["Buffer","Meteor Strike"],"picked":"Echo Form","floor":16},{"not_picked":[],"picked":"Coolheaded+1","floor":18},{"not_picked":["Turbo"],"picked":"SKIP","floor":21}],"player_experience":2558546,"relics_obtained":[{"floor":9,"key":"Cables"},{"floor":10,"key":"MawBank"}],"event_choices":[{"damage_healed":0,"gold_gain":0,"player_choice":"Leave","damage_taken":0,"max_hp_gain":0,"max_hp_loss":0,"event_name":"The Cleric","floor":2,"gold_loss":0},{"damage_healed":0,"gold_gain":0,"player_choice":"Entered Light","damage_taken":18,"max_hp_gain":0,"max_hp_loss":0,"event_name":"Shining Light","floor":3,"gold_loss":0,"cards_upgraded":["Zap","Strike_B"]},{"damage_healed":0,"gold_gain":100,"player_choice":"Pray","damage_taken":0,"max_hp_gain":0,"max_hp_loss":0,"event_name":"Golden Shrine","floor":7,"gold_loss":0},{"damage_healed":0,"gold_gain":0,"player_choice":"Left Gold","damage_taken":0,"max_hp_gain":0,"max_hp_loss":0,"event_name":"World of Goop","floor":13,"gold_loss":31},{"damage_healed":0,"gold_gain":275,"player_choice":"Desecrate","damage_taken":0,"max_hp_gain":0,"max_hp_loss":0,"event_name":"Golden Shrine","floor":20,"gold_loss":0,"cards_obtained":["Regret"]}],"is_beta":false,"boss_relics":[{"not_picked":["White Beast Statue","Snecko Eye"],"picked":"Busted Crown"}],"items_purged_floors":[22],"is_endless":false,"potions_floor_spawned":[4,8,16,21],"killed_by":"Book of Stabbing","ascension_level":13}