{"gold_per_floor":[111,36,36,36,111,111,127,27,109,109,109,109,109,139,139,241,241,259,259,270,170,190,190,190],"floor_reached":24,"playtime":721,"items_purged":["Strike_R","Defend_R","Strike_R+1"],"score":190,"play_id":"b80504bc-9aa4-4202-a15d-98339d4e7464","local_time":"20190521230149","is_ascension_mode":false,"campfire_choices":[{"data":"Bash","floor":6.0,"key":"SMITH"},{"data":"Strike_R","floor":11.0,"key":"SMITH"},{"data":"Defend_R","floor":13.0,"key":"SMITH"},{"data":"Strike_R","floor":15,"key":"SMITH"},{"floor":23,"key":"REST"}],"neow_cost":"NONE","seed_source_timestamp":468681314355335,"circlet_count":0,"master_deck":["Strike_R+1","Strike_R+1","Defend_R+1","Defend_R","Bash+1"],"special_seed":0,"relics":["Burning Blood","Juzu Bracelet","The Courier","Happy Flower","Turnip","Empty Cage"],"potions_floor_usage":[14,16,16,24,24,24],"damage_taken":[{"damage":4.0,"enemies":"2 Louse","floor":1.0,"turns":3.0},{"damage":1.0,"enemies":"Cultist","floor":7.0,"turns":3.0},{"damage":19,"enemies":"Gremlin Nob","floor":14,"turns":4},{"damage":13,"enemies":"Slime Boss","floor":16,"turns":11},{"damage":12,"enemies":"Chosen","floor":18,"turns":4},{"damage":34,"enemies":"2 Thieves","floor":20,"turns":4},{"damage":21,"enemies":"Centurion and Healer","floor":22,"turns":9},{"damage":61,"enemies":"Slavers","floor":24,"turns":6}],"seed_played":"1025485582058306220","potions_obtained":[{"floor":3.0,"key":"Strength Potion"},{"floor":3.0,"key":"SpeedPotion"},{"floor":3.0,"key":"SteroidPotion"},{"floor":14,"key":"PowerPotion"},{"floor":20,"key":"Ancient Potion"},{"floor":22,"key":"Block Potion"}],"is_trial":false,"path_per_floor":["M","$","?","$","?","R","M","$","T","?","R","?","R","E","R","B",null,"M","?","M","$","M","R","E"],"character_chosen":"IRONCLAD","items_purchased":[],"campfire_rested":1,"item_purchase_floors":[],"current_hp_per_floor":[80,80,80,80,69,69,74,74,74,79,79,72,72,59,59,52,85,79,79,51,51,36,61,0],"gold":190,"neow_bonus":"RANDOM_COMMON_RELIC","is_prod":false,"is_daily":false,"chose_seed":false,"campfire_upgraded":4,"win_rate":0,"timestamp":1558450909,"path_taken":["M","$","?","?","?","R","M","$","T","?","R","?","R","E","R","BOSS","M","?","M","$","M","R","E"],"build_version":"2019-01-23","purchased_purges":3,"victory":false,"max_hp_per_floor":[80,80,80,80,80,80,80,80,80,85,85,85,85,85,85,85,85,85,85,85,85,85,85,85],"card_choices":[{"not_picked":["True Grit","Anger","Armaments"],"picked":"SKIP","floor":1.0},{"not_picked":["True Grit","Twin Strike","Searing Blow"],"picked":"SKIP","floor":7.0},{"not_picked":["Sentinel","Twin Strike","Rampage"],"picked":"SKIP","floor":14},{"not_picked":["Twin Strike+1","Intimidate+1","Seeing Red"],"picked":"SKIP","floor":18},{"not_picked":["Feel No Pain","Sword Boomerang","Havoc"],"picked":"SKIP","floor":20},{"not_picked":["Sword Boomerang+1","Sentinel","Uppercut"],"picked":"SKIP","floor":22}],"player_experience":556037,"relics_obtained":[{"floor":9.0,"key":"The Courier"},{"floor":14,"key":"Turnip"}],"event_choices":[{"damage_healed":0.0,"max_hp_gain":0.0,"max_hp_loss":0.0,"gold_gain":0.0,"event_name":"Lab","player_choice":"Got Potions","floor":3.0,"gold_loss":0.0,"damage_taken":0.0},{"damage_healed":0.0,"max_hp_gain":0.0,"max_hp_loss":0.0,"gold_gain":75.0,"event_name":"World of Goop","player_choice":"Gather Gold","floor":5.0,"gold_loss":0.0,"damage_taken":11.0},{"damage_healed":0.0,"max_hp_gain":5.0,"max_hp_loss":0.0,"gold_gain":0.0,"event_name":"Big Fish","player_choice":"Donut","floor":10.0,"gold_loss":0.0,"damage_taken":0.0},{"damage_healed":0.0,"max_hp_gain":0.0,"max_hp_loss":0.0,"gold_gain":0.0,"event_name":"Scrap Ooze","player_choice":"Success","floor":12.0,"gold_loss":0.0,"damage_taken":7.0,"relics_obtained":["Happy Flower"]},{"damage_healed":0,"gold_gain":0,"player_choice":"Forge","damage_taken":0,"max_hp_gain":0,"max_hp_loss":0,"event_name":"Accursed Blacksmith","floor":19,"gold_loss":0,"cards_upgraded":["Strike_R"]}],"is_beta":false,"boss_relics":[{"not_picked":["Calling Bell","Sozu"],"picked":"Empty Cage"}],"items_purged_floors":[2,8,21],"is_endless":false,"potions_floor_spawned":[14,20,22],"killed_by":"Slavers","ascension_level":0}