{"path_per_floor":["M","$","?","M","M","E","?","?","T","$","M","R","T","E","R","B",null,"M","$","?","$","?","R","M","E","T","E","R","M","E","M","R"],"character_chosen":"THE_SILENT","items_purchased":[],"gold_per_floor":[112,37,37,50,64,92,92,92,118,68,78,78,126,154,154,259,259,242,192,192,142,142,142,159,223,223,253,253,263,292,303,303,303],"floor_reached":33,"campfire_rested":0,"playtime":2289,"item_purchase_floors":[],"current_hp_per_floor":[70,70,70,70,69,67,60,60,60,60,60,60,60,49,49,44,70,61,61,61,61,61,61,61,59,59,59,59,52,44,43,43,0],"items_purged":["Strike_G","Regret","Wraith Form v2+1","Defend_G"],"gold":303,"score":403,"play_id":"3f7bc89a-07d0-4235-ad3a-33fa2c2db3c7","local_time":"20180608004423","is_prod":false,"is_daily":false,"chose_seed":false,"is_ascension_mode":true,"campfire_upgraded":5,"win_rate":0,"timestamp":1528411463,"campfire_choices":[{"data":"Backflip","floor":12.0,"key":"SMITH"},{"data":"Catalyst","floor":15.0,"key":"SMITH"},{"data":"After Image","floor":23.0,"key":"SMITH"},{"data":"Neutralize","floor":28,"key":"SMITH"},{"data":"Bouncing Flask","floor":32,"key":"SMITH"}],"path_taken":["M","$","?","M","M","E","?","?","T","$","M","R","?","E","R","BOSS","M","$","?","$","?","R","M","E","T","E","R","M","E","M","R","BOSS"],"build_version":"2018-05-31","seed_source_timestamp":0,"purchased_purges":4,"victory":false,"master_deck":["Defend_G+1","Strike_G+1","Strike_G+1","Survivor+1","Neutralize+1","Catalyst+1","Bouncing Flask+1","Backflip+1","Deflect","After Image+1","Escape Plan+1","Glass Knife+1","Acrobatics","Deadly Poison","Deadly Poison","Deflect","Poisoned Stab+1"],"max_hp_per_floor":[70,70,70,70,70,70,70,70,70,70,70,70,70,70,70,70,70,70,70,70,70,70,70,70,70,70,70,70,70,70,70,70,70],"relics":["Ring of the Snake","War Paint","Whetstone","Smiling Mask","Snake Skull","Regal Pillow","Torii","Astrolabe","Toolbox","Tiny Chest","Bottled Lightning","Gremlin Horn","Potion Belt"],"card_choices":[{"not_picked":["Prepared","Leg Sweep"],"picked":"Catalyst","floor":1.0},{"not_picked":["Quick Slash","Deflect","Sucker Punch"],"picked":"SKIP","floor":4.0},{"not_picked":["Escape Plan","Dodge and Roll"],"picked":"Bouncing Flask","floor":5.0},{"not_picked":["Phantasmal Killer","Flechettes","Flying Knee"],"picked":"SKIP","floor":6.0},{"not_picked":["Bane","Underhanded Strike"],"picked":"Backflip","floor":11.0},{"not_picked":["Dagger Throw","Underhanded Strike"],"picked":"Deflect","floor":14.0},{"not_picked":["Envenom","Tools of the Trade"],"picked":"After Image","floor":16.0},{"not_picked":["Dagger Spray","Underhanded Strike"],"picked":"Acrobatics","floor":18.0},{"not_picked":["Expertise","Flying Knee","Choke"],"picked":"SKIP","floor":24},{"not_picked":["Caltrops","Eviscerate"],"picked":"Deadly Poison","floor":25},{"not_picked":["Heel Hook","Dash"],"picked":"Deflect","floor":27},{"not_picked":["Riddle With Holes","Infinite Blades+1","Reflex"],"picked":"SKIP","floor":29},{"not_picked":["Dodge and Roll","Dash"],"picked":"Poisoned Stab+1","floor":30},{"not_picked":["Cloak And Dagger+1","Slice","Skewer"],"picked":"SKIP","floor":31}],"player_experience":241986,"potions_floor_usage":[25,31,33,33],"damage_taken":[{"damage":0.0,"enemies":"Jaw Worm","floor":1.0,"turns":4.0},{"damage":0.0,"enemies":"Cultist","floor":4.0,"turns":5.0},{"damage":1.0,"enemies":"Small Slimes","floor":5.0,"turns":5.0},{"damage":2.0,"enemies":"Gremlin Nob","floor":6.0,"turns":3.0},{"damage":0.0,"enemies":"Blue Slaver","floor":11.0,"turns":4.0},{"damage":11.0,"enemies":"Lagavulin","floor":14.0,"turns":5.0},{"damage":5.0,"enemies":"Hexaghost","floor":16.0,"turns":6.0},{"damage":9.0,"enemies":"2 Thieves","floor":18.0,"turns":4.0},{"damage":0.0,"enemies":"3 Byrds","floor":24.0,"turns":5.0},{"damage":2,"enemies":"Slavers","floor":25,"turns":8},{"damage":0,"enemies":"Book of Stabbing","floor":27,"turns":5},{"damage":7,"enemies":"Snake Plant","floor":29,"turns":4},{"damage":8,"enemies":"Gremlin Leader","floor":30,"turns":4},{"damage":1,"enemies":"3 Cultists","floor":31,"turns":5},{"damage":44,"enemies":"Collector","floor":33,"turns":6}],"relics_obtained":[{"floor":6.0,"key":"Whetstone"},{"floor":9.0,"key":"Snake Skull"},{"floor":13.0,"key":"Regal Pillow"},{"floor":14.0,"key":"Torii"},{"floor":25,"key":"Tiny Chest"},{"floor":26,"key":"Bottled Lightning"},{"floor":27,"key":"Gremlin Horn"},{"floor":30,"key":"Potion Belt"}],"event_choices":[{"event_name":"Wheel of Change","player_choice":"Card Removal","floor":3.0,"damage_taken":0.0},{"event_name":"Golden Wing","player_choice":"Card Removal","floor":7.0,"damage_taken":0.0},{"event_name":"Big Fish","player_choice":"Box","floor":8.0,"damage_taken":0.0},{"event_name":"Match and Keep!","player_choice":"1 cards matched","floor":20.0,"damage_taken":0.0},{"event_name":"The Mausoleum","player_choice":"Yes","floor":22.0,"damage_taken":0.0}],"boss_relics":[],"items_purged_floors":[],"potions_floor_spawned":[4,14,16,25,31],"seed_played":"-3152179687943624518","killed_by":"Collector","ascension_level":4,"potions_obtained":[{"floor":4.0,"key":"Energy Potion"},{"floor":14.0,"key":"GhostInAJar"},{"floor":16.0,"key":"Explosive Potion"},{"floor":25,"key":"Weak Potion"},{"floor":31,"key":"Fire Potion"}],"is_trial":false}