{"gold_per_floor":[118,118,139,26,26,26,39,39,39,39,73,92,92,110,110,231,231,252,252,252,277,301,301,321,321,346,346,365,380,380,380,380,380],"floor_reached":33,"playtime":1676,"items_purged":["Strike_B"],"score":383,"play_id":"7a135d71-e38b-414a-aa87-19c0e076b391","local_time":"20190213232755","is_ascension_mode":true,"campfire_choices":[{"data":"Zap","floor":6,"key":"SMITH"},{"data":"Creative AI","floor":8,"key":"SMITH"},{"data":"Double Energy","floor":10,"key":"SMITH"},{"floor":15,"key":"REST"},{"data":"Reboot","floor":23,"key":"SMITH"},{"data":"Fusion","floor":25,"key":"SMITH"},{"floor":27,"key":"REST"},{"data":"Ghostly","floor":32,"key":"SMITH"}],"neow_cost":"NONE","seed_source_timestamp":3445997319041,"circlet_count":0,"master_deck":["Defend_B+1","Defend_B+1","Zap+1","Dualcast","Creative AI+1","Melter","Storm","Heatsinks","Double Energy+1","Reboot+1","Fusion+1","Genetic Algorithm","Amplify","Rebound+1","Reprogram+1","Melter+1","Rip and Tear+1","Amplify","Go for the Eyes","Double Energy+1","Force Field+1","Cold Snap","Capacitor+1","Ghostly+1","Ghostly","Ghostly","Ghostly","Ghostly"],"relics":["Cracked Core","Golden Idol","War Paint","Gremlin Horn","Mummified Hand","Astrolabe","Art of War"],"potions_floor_usage":[3,7,14],"damage_taken":[{"damage":10,"enemies":"Small Slimes","floor":1,"turns":3},{"damage":9,"enemies":"2 Louse","floor":3,"turns":3},{"damage":2,"enemies":"Jaw Worm","floor":7,"turns":3},{"damage":21,"enemies":"Gremlin Nob","floor":11,"turns":4},{"damage":14,"enemies":"Looter","floor":12,"turns":3},{"damage":1,"enemies":"Large Slime","floor":14,"turns":5},{"damage":28,"enemies":"Hexaghost","floor":16,"turns":8},{"damage":4,"enemies":"Chosen","floor":18,"turns":3},{"damage":0,"enemies":"Spheric Guardian","floor":21,"turns":2},{"damage":15,"enemies":"Cultist and Chosen","floor":22,"turns":5},{"damage":8,"enemies":"3 Cultists","floor":24,"turns":3},{"damage":33,"enemies":"Centurion and Healer","floor":28,"turns":7},{"damage":3,"enemies":"Snecko","floor":29,"turns":5},{"damage":33,"enemies":"Collector","floor":33,"turns":2}],"seed_played":"988870826408664374","potions_obtained":[{"floor":1,"key":"Energy Potion"},{"floor":3,"key":"Poison Potion"},{"floor":12,"key":"Dexterity Potion"},{"floor":18,"key":"LiquidBronze"},{"floor":29,"key":"Ancient Potion"}],"is_trial":false,"path_per_floor":["M","?","M","$","?","R","M","R","T","R","E","M","?","M","R","B",null,"M","?","?","M","M","R","M","R","T","R","M","M","?","?","R","B"],"character_chosen":"DEFECT","items_purchased":["Heatsinks"],"campfire_rested":2,"item_purchase_floors":[4],"current_hp_per_floor":[58,40,31,31,56,56,54,54,54,54,33,19,19,18,40,12,59,55,55,55,55,40,40,32,32,32,54,21,18,18,18,18,0],"gold":380,"neow_bonus":"ONE_RANDOM_RARE_CARD","is_prod":false,"is_daily":false,"chose_seed":false,"campfire_upgraded":6,"win_rate":0,"timestamp":1550118475,"path_taken":["M","?","M","$","?","R","M","R","T","R","E","?","?","M","R","BOSS","M","?","?","M","M","R","M","R","T","R","?","?","?","?","R","BOSS"],"build_version":"2019-01-23","purchased_purges":1,"victory":false,"max_hp_per_floor":[75,75,75,75,75,75,75,75,75,75,75,75,75,75,75,75,75,75,75,75,75,75,75,75,75,75,75,75,75,75,37,37,37],"card_choices":[{"not_picked":["Beam Cell","Turbo"],"picked":"Melter","floor":1},{"not_picked":["Doom and Gloom","Ball Lightning"],"picked":"Storm","floor":3},{"not_picked":["Leap","Barrage"],"picked":"Double Energy","floor":7},{"not_picked":["Rebound","Leap"],"picked":"Reboot","floor":11},{"not_picked":["Streamline","Hologram"],"picked":"Fusion","floor":12},{"not_picked":["Beam Cell","Coolheaded"],"picked":"Genetic Algorithm","floor":14},{"not_picked":["Electrodynamics","Multi-Cast"],"picked":"Amplify","floor":16},{"not_picked":["Sweeping Beam","Turbo"],"picked":"Rip and Tear+1","floor":18},{"not_picked":["Recycle+1","Reinforced Body"],"picked":"Force Field+1","floor":21},{"not_picked":["Barrage","Rebound","Streamline"],"picked":"SKIP","floor":22},{"not_picked":["Steam","BootSequence"],"picked":"Cold Snap","floor":24},{"not_picked":["Genetic Algorithm+1","Streamline","Sunder+1"],"picked":"SKIP","floor":28},{"not_picked":["Reprogram+1","Rip and Tear+1"],"picked":"Capacitor+1","floor":29}],"player_experience":626576,"relics_obtained":[{"floor":9,"key":"War Paint"},{"floor":11,"key":"Gremlin Horn"},{"floor":26,"key":"Art of War"}],"event_choices":[{"damage_healed":0,"gold_gain":0,"player_choice":"Take Damage","damage_taken":18,"relics_obtained":["Golden Idol"],"max_hp_gain":0,"max_hp_loss":0,"event_name":"Golden Idol","floor":2,"gold_loss":0},{"damage_healed":25,"gold_gain":0,"player_choice":"Banana","damage_taken":0,"max_hp_gain":0,"max_hp_loss":0,"event_name":"Big Fish","floor":5,"gold_loss":0},{"damage_healed":0,"gold_gain":0,"player_choice":"Searched \u00272\u0027 times","damage_taken":0,"relics_obtained":["Mummified Hand"],"max_hp_gain":0,"max_hp_loss":0,"event_name":"Dead Adventurer","floor":13,"gold_loss":0},{"damage_healed":0,"gold_gain":0,"cards_transformed":["Strike_B","Strike_B"],"player_choice":"Became Test Subject","damage_taken":0,"max_hp_gain":0,"max_hp_loss":0,"event_name":"Drug Dealer","floor":19,"gold_loss":0,"cards_obtained":["Amplify","Go for the Eyes"]},{"damage_healed":0,"gold_gain":0,"player_choice":"Copied","damage_taken":0,"max_hp_gain":0,"max_hp_loss":0,"event_name":"Duplicator","floor":20,"gold_loss":0,"cards_obtained":["Double Energy"]},{"damage_healed":0,"gold_gain":0,"player_choice":"Ignored","damage_taken":0,"max_hp_gain":0,"max_hp_loss":0,"event_name":"Vampires","floor":30,"gold_loss":0},{"damage_healed":0,"gold_gain":0,"player_choice":"Became a Ghost","damage_taken":0,"max_hp_gain":0,"max_hp_loss":38,"event_name":"Ghosts","floor":31,"gold_loss":0,"cards_obtained":["Ghostly","Ghostly","Ghostly","Ghostly","Ghostly"]}],"is_beta":false,"boss_relics":[{"not_picked":["Runic Dome","Inserter"],"picked":"Astrolabe"}],"items_purged_floors":[4],"is_endless":false,"potions_floor_spawned":[1,3,12,18,29],"killed_by":"Collector","ascension_level":9}