{"gold_per_floor":[117,67,67,81,95,124,124,158,185,185,202,202,217,250,250,250],"floor_reached":16,"playtime":1568,"items_purged":[],"score":126,"play_id":"5ad20540-e77b-445a-b916-5563f427bc70","local_time":"20181225233328","is_ascension_mode":true,"campfire_choices":[{"floor":7,"key":"REST"},{"floor":10,"key":"REST"},{"floor":15,"key":"REST"}],"neow_cost":"NONE","seed_source_timestamp":353003367984586,"circlet_count":0,"master_deck":["Defend_G","Defend_G","Defend_G","Defend_G+1","Defend_G","Strike_G","Strike_G","Strike_G","Strike_G","Survivor+1","Neutralize","Flechettes","Cloak And Dagger","Quick Slash","Cloak And Dagger","Predator"],"relics":["Ring of the Snake","War Paint","FaceOfCleric","Lantern","Orichalcum","Gambling Chip","Frozen Egg 2"],"potions_floor_usage":[6,6,16,16],"damage_taken":[{"damage":6,"enemies":"Jaw Worm","floor":1,"turns":6},{"damage":1,"enemies":"Cultist","floor":4,"turns":5},{"damage":0,"enemies":"2 Louse","floor":5,"turns":2},{"damage":66,"enemies":"Lagavulin","floor":6,"turns":14},{"damage":19,"enemies":"Gremlin Nob","floor":8,"turns":5},{"damage":3,"enemies":"2 Fungi Beasts","floor":11,"turns":3},{"damage":7,"enemies":"Exordium Thugs","floor":13,"turns":5},{"damage":8,"enemies":"3 Sentries","floor":14,"turns":10},{"damage":66,"enemies":"Slime Boss","floor":16,"turns":11}],"seed_played":"-6120193803649097428","potions_obtained":[{"floor":1,"key":"SteroidPotion"},{"floor":4,"key":"Regen Potion"},{"floor":8,"key":"Regen Potion"},{"floor":14,"key":"SkillPotion"}],"is_trial":false,"path_per_floor":["M","?","?","M","M","E","R","E","T","R","M","T","M","E","R","B"],"character_chosen":"THE_SILENT","items_purchased":[],"campfire_rested":3,"item_purchase_floors":[],"current_hp_per_floor":[64,64,64,64,65,15,36,18,18,40,38,38,32,25,48,0],"gold":250,"neow_bonus":"RANDOM_COMMON_RELIC","is_prod":false,"is_daily":false,"chose_seed":false,"campfire_upgraded":0,"win_rate":0,"timestamp":1545802408,"path_taken":["M","?","?","M","M","E","R","E","T","R","?","?","M","E","R","BOSS"],"build_version":"2018-12-20","purchased_purges":0,"victory":false,"max_hp_per_floor":[70,70,70,71,72,73,73,74,74,74,75,75,76,77,77,77],"card_choices":[{"not_picked":["Expertise","Blade Dance"],"picked":"Flechettes","floor":1},{"not_picked":["PiercingWail","Setup"],"picked":"Cloak And Dagger","floor":4},{"not_picked":["Outmaneuver","Masterful Stab","Concentrate"],"picked":"SKIP","floor":5},{"not_picked":["All Out Attack","Expertise"],"picked":"Quick Slash","floor":6},{"not_picked":["Blade Dance","Flechettes","Quick Slash"],"picked":"SKIP","floor":8},{"not_picked":["Dagger Spray","Endless Agony"],"picked":"Cloak And Dagger","floor":11},{"not_picked":["Skewer","Infinite Blades"],"picked":"Predator","floor":13},{"not_picked":["Dodge and Roll","Blade Dance","Acrobatics"],"picked":"SKIP","floor":14}],"player_experience":303501,"relics_obtained":[{"floor":6,"key":"Lantern"},{"floor":8,"key":"Orichalcum"},{"floor":12,"key":"Gambling Chip"},{"floor":14,"key":"Frozen Egg 2"}],"event_choices":[{"cards_removed":["Strike_G"],"damage_healed":0,"gold_gain":0,"player_choice":"Card Removal","damage_taken":0,"max_hp_gain":0,"max_hp_loss":0,"event_name":"The Cleric","floor":2,"gold_loss":50},{"damage_healed":0,"gold_gain":0,"player_choice":"Trade","damage_taken":0,"relics_obtained":["FaceOfCleric"],"max_hp_gain":0,"max_hp_loss":0,"event_name":"FaceTrader","floor":3,"gold_loss":0}],"is_beta":false,"boss_relics":[],"items_purged_floors":[],"is_endless":false,"potions_floor_spawned":[1,4,8,14],"killed_by":"Slime Boss","ascension_level":1}