{"gold_per_floor":[15,15,15,26,26,26,54,69,69,69,132,132,149,164,164,243,243,257,257,6,105,24,24],"floor_reached":23,"playtime":886,"items_purged":[],"score":309,"play_id":"fd923770-541b-48fb-96e1-4726ae03594c","local_time":"20190406222844","is_ascension_mode":true,"campfire_choices":[{"data":"Defragment","floor":6,"key":"SMITH"},{"floor":12,"key":"REST"},{"floor":15,"key":"REST"}],"neow_cost":"NO_GOLD","seed_source_timestamp":339755500948800,"circlet_count":0,"master_deck":["AscendersBane","Strike_B","Strike_B","Strike_B","Strike_B","Defend_B","Defend_B","Defend_B","Defend_B","Zap","Dualcast","Genetic Algorithm+1","Defragment+1","Steam","Double Energy","Static Discharge","Melter","Storm","Machine Learning","Tempest+1","J.A.X.","HandOfGreed","Self Repair","Heatsinks"],"relics":["Cracked Core","Pocketwatch","Orichalcum","Matryoshka","Shuriken","Inserter"],"potions_floor_usage":[11,16],"damage_taken":[{"damage":2,"enemies":"Jaw Worm","floor":1,"turns":3},{"damage":1,"enemies":"Small Slimes","floor":4,"turns":4},{"damage":40,"enemies":"Gremlin Nob","floor":7,"turns":4},{"damage":0,"enemies":"2 Louse","floor":8,"turns":3},{"damage":12,"enemies":"3 Sentries","floor":11,"turns":9},{"damage":8,"enemies":"Exordium Thugs","floor":13,"turns":4},{"damage":8,"enemies":"Red Slaver","floor":14,"turns":3},{"damage":12,"enemies":"Slime Boss","floor":16,"turns":9},{"damage":20,"enemies":"Shell Parasite","floor":18,"turns":4},{"damage":53,"enemies":"Gremlin Leader","floor":23,"turns":6}],"seed_played":"-3684292715681013332","potions_obtained":[{"floor":1,"key":"FearPotion"},{"floor":7,"key":"LiquidBronze"},{"floor":11,"key":"Ancient Potion"},{"floor":13,"key":"Explosive Potion"},{"floor":18,"key":"Ancient Potion"}],"is_trial":false,"path_per_floor":["M","?","?","M","$","R","E","M","T","$","?","R","M","M","R","B",null,"M","?","$","?","$","E"],"character_chosen":"DEFECT","items_purchased":["HandOfGreed","Self Repair","Heatsinks"],"campfire_rested":2,"item_purchase_floors":[20,20,22],"current_hp_per_floor":[66,66,66,65,65,65,25,25,25,25,13,35,27,19,41,29,64,44,44,44,44,44,0],"gold":24,"neow_bonus":"ONE_RARE_RELIC","is_prod":false,"is_daily":false,"chose_seed":false,"campfire_upgraded":1,"win_rate":0,"timestamp":1554604124,"path_taken":["M","?","?","M","?","R","E","M","T","$","?","R","?","M","R","BOSS","M","?","$","?","$","E"],"build_version":"2019-01-23","purchased_purges":0,"victory":false,"max_hp_per_floor":[75,75,75,75,75,75,75,75,75,75,75,75,75,75,75,75,75,75,75,75,75,75,75],"card_choices":[{"not_picked":["Rip and Tear","Turbo"],"picked":"Genetic Algorithm","floor":1},{"not_picked":["Streamline","Go for the Eyes"],"picked":"Defragment","floor":4},{"not_picked":["Barrage","Redo"],"picked":"Steam","floor":7},{"not_picked":["Ball Lightning","Conserve Battery"],"picked":"Double Energy","floor":8},{"not_picked":["Beam Cell","Reinforced Body"],"picked":"Static Discharge","floor":11},{"not_picked":["Beam Cell","Genetic Algorithm"],"picked":"Melter","floor":13},{"not_picked":["Go for the Eyes","Loop"],"picked":"Storm","floor":14},{"not_picked":["Core Surge","All For One"],"picked":"Machine Learning","floor":16},{"not_picked":["Conserve Battery","Gash"],"picked":"Tempest+1","floor":18}],"player_experience":2597776,"relics_obtained":[{"floor":7,"key":"Orichalcum"},{"floor":9,"key":"Matryoshka"},{"floor":11,"key":"Shuriken"}],"event_choices":[{"damage_healed":0,"gold_gain":0,"player_choice":"Leave","damage_taken":0,"max_hp_gain":0,"max_hp_loss":0,"event_name":"The Cleric","floor":2,"gold_loss":0},{"damage_healed":0,"gold_gain":0,"player_choice":"Grow","damage_taken":0,"max_hp_gain":0,"max_hp_loss":0,"event_name":"Living Wall","floor":3,"gold_loss":0,"cards_upgraded":["Genetic Algorithm"]},{"damage_healed":0,"gold_gain":0,"player_choice":"Searched \u00271\u0027 times","damage_taken":0,"max_hp_gain":0,"max_hp_loss":0,"event_name":"Dead Adventurer","floor":11,"gold_loss":0},{"damage_healed":0,"gold_gain":0,"player_choice":"Obtain J.A.X.","damage_taken":0,"max_hp_gain":0,"max_hp_loss":0,"event_name":"Drug Dealer","floor":19,"gold_loss":0,"cards_obtained":["J.A.X."]},{"damage_healed":0,"gold_gain":99,"player_choice":"Stole From Cult","damage_taken":0,"max_hp_gain":0,"max_hp_loss":0,"event_name":"Nest","floor":21,"gold_loss":0}],"is_beta":false,"boss_relics":[{"not_picked":["Runic Dome","Cursed Key"],"picked":"Inserter"}],"items_purged_floors":[],"is_endless":false,"potions_floor_spawned":[1,7,11,13,18],"killed_by":"Gremlin Leader","ascension_level":13}