{"gold_per_floor":[113,123,50,50,70,96,106,106,129,94,125,125,27,54,54,154,154,172,16,116,28,28,62,108,108,162,173,173,183,183,203,203,301,351,366,466,466,481,496,496,78,78,78,88,40,50,61,61],"floor_reached":48,"playtime":5307,"items_purged":["Blizzard"],"score":791,"play_id":"42faed66-895d-4603-ba13-c71dbfef0555","local_time":"20190203230751","is_ascension_mode":true,"campfire_choices":[{"data":"Zap","floor":8.0,"key":"SMITH"},{"data":"Dualcast","floor":12.0,"key":"SMITH"},{"floor":15.0,"key":"REST"},{"floor":25.0,"key":"REST"},{"data":"Buffer","floor":28.0,"key":"SMITH"},{"floor":30.0,"key":"REST"},{"floor":32.0,"key":"REST"},{"floor":40.0,"key":"REST"},{"floor":42.0,"key":"RECALL"}],"neow_cost":"NONE","seed_source_timestamp":0,"circlet_count":0,"master_deck":["Zap+1","Dualcast+1","Doom and Gloom+1","Undo","Loop+1","Genetic Algorithm+1","Buffer+1","Capacitor","Flash of Steel","Cold Snap","Rainbow","Barrage","Recycle","Machine Learning","Tempest","Reinforced Body+1","Static Discharge+1","Amplify","Steam","Undo","Conserve Battery","RitualDagger","Machine Learning+1","Stack","Force Field","Glacier","Darkness","Core Surge+1","Auto Shields+1","Seek","White Noise","Loop+1","Reboot","Conserve Battery+1","Stack+1"],"special_seed":0,"relics":["Cracked Core","Bag of Preparation","Strawberry","Dream Catcher","Blue Candle","Pandora\u0027s Box","War Paint","Du-Vu Doll","Frozen Egg 2","Matryoshka","Molten Egg 2","Ancient Tea Set","Blood Vial","Tiny House","Incense Burner","Medical Kit","Shuriken"],"potions_floor_usage":[47,47,48],"damage_taken":[{"damage":0.0,"enemies":"Small Slimes","floor":1.0,"turns":3.0},{"damage":0.0,"enemies":"2 Louse","floor":2.0,"turns":2.0},{"damage":2.0,"enemies":"Jaw Worm","floor":5.0,"turns":3.0},{"damage":34.0,"enemies":"3 Sentries","floor":6.0,"turns":5.0},{"damage":11.0,"enemies":"Exordium Wildlife","floor":7.0,"turns":4.0},{"damage":35.0,"enemies":"Gremlin Nob","floor":11.0,"turns":4.0},{"damage":6.0,"enemies":"3 Sentries","floor":14.0,"turns":6.0},{"damage":0.0,"enemies":"The Guardian","floor":16.0,"turns":9.0},{"damage":12.0,"enemies":"Spheric Guardian","floor":18.0,"turns":5.0},{"damage":13.0,"enemies":"Colosseum Slavers","floor":20.0,"turns":2.0},{"damage":24.0,"enemies":"Colosseum Nobs","floor":20.0,"turns":4.0},{"damage":20.0,"enemies":"Gremlin Leader","floor":23.0,"turns":6.0},{"damage":6.0,"enemies":"Shell Parasite","floor":27.0,"turns":5.0},{"damage":0.0,"enemies":"Snecko","floor":29.0,"turns":5.0},{"damage":38.0,"enemies":"Cultist and Chosen","floor":31.0,"turns":9.0},{"damage":0.0,"enemies":"Champ","floor":33.0,"turns":12.0},{"damage":53.0,"enemies":"3 Darklings","floor":35.0,"turns":6.0},{"damage":17.0,"enemies":"Mind Bloom Boss Battle","floor":36.0,"turns":9.0},{"damage":6.0,"enemies":"3 Shapes","floor":38.0,"turns":6.0},{"damage":0.0,"enemies":"Maw","floor":39.0,"turns":10.0},{"damage":0.0,"enemies":"4 Shapes","floor":44.0,"turns":9.0},{"damage":23.0,"enemies":"Writhing Mass","floor":46.0,"turns":7.0},{"damage":23,"enemies":"Jaw Worm Horde","floor":47,"turns":2},{"damage":13,"enemies":"Reptomancer","floor":48,"turns":6}],"seed_played":"-1136972405573935059","potions_obtained":[{"floor":1.0,"key":"Regen Potion"},{"floor":2.0,"key":"Dexterity Potion"},{"floor":7.0,"key":"SteroidPotion"},{"floor":18.0,"key":"SteroidPotion"},{"floor":20.0,"key":"Block Potion"},{"floor":23.0,"key":"PowerPotion"},{"floor":27.0,"key":"EntropicBrew"},{"floor":34.0,"key":"PowerPotion"},{"floor":37.0,"key":"Fruit Juice"},{"floor":37.0,"key":"SkillPotion"},{"floor":37.0,"key":"Strength Potion"},{"floor":39.0,"key":"SpeedPotion"},{"floor":47,"key":"EssenceOfSteel"}],"is_trial":false,"path_per_floor":["M","M","$","?","M","E","M","R","T","?","E","R","$","E","R","B",null,"M","$","?","$","?","E","T","R","T","M","R","M","R","M","R","B",null,"M","?","?","M","M","R","$","R","T","M","$","M","M","E"],"character_chosen":"DEFECT","items_purchased":["Loop","Flash of Steel","War Paint","Undo","Conserve Battery","Medical Kit","White Noise","Loop+1","AttackPotion"],"campfire_rested":5,"item_purchase_floors":[3,13,19,21,21,41,41,41,45],"current_hp_per_floor":[82,82,82,66,64,30,28,28,35,57,22,22,22,16,42,42,77,65,65,28,28,22,2,2,28,28,24,24,26,52,16,42,44,83,32,17,22,18,20,49,49,49,49,51,51,30,9,0],"gold":61,"neow_bonus":"TEN_PERCENT_HP_BONUS","is_prod":false,"is_daily":false,"chose_seed":false,"campfire_upgraded":3,"win_rate":0,"timestamp":1549256871,"path_taken":["M","M","$","?","M","E","M","R","T","?","E","R","$","E","R","BOSS","M","$","?","$","?","E","?","R","T","M","R","M","R","M","R","BOSS","M","?","?","?","M","R","$","R","T","M","?","M","M","E"],"build_version":"2019-01-23","purchased_purges":1,"victory":false,"max_hp_per_floor":[82,82,82,82,82,82,82,82,89,89,89,89,89,89,89,89,89,89,89,89,89,89,89,89,89,89,89,89,89,89,89,89,89,94,94,94,99,99,99,99,99,99,99,99,99,99,99,99],"card_choices":[{"not_picked":["Lockon","Aggregate"],"picked":"Doom and Gloom","floor":1.0},{"not_picked":["Cold Snap","Streamline"],"picked":"Undo","floor":2.0},{"not_picked":["Compile Driver","Scrape"],"picked":"Genetic Algorithm","floor":5.0},{"not_picked":["Storm","Rebound","Turbo"],"picked":"SKIP","floor":6.0},{"not_picked":["Genetic Algorithm","Cold Snap"],"picked":"Buffer","floor":7.0},{"not_picked":["Streamline","Glacier"],"picked":"Capacitor","floor":11.0},{"not_picked":["Sweeping Beam","Rip and Tear","Streamline"],"picked":"SKIP","floor":14.0},{"not_picked":["Beam Cell","Sweeping Beam"],"picked":"Cold Snap","floor":15.0},{"not_picked":["Amplify","Thunder Strike"],"picked":"Rainbow","floor":16.0},{"not_picked":["Self Repair+1","Rebound","Go for the Eyes+1"],"picked":"SKIP","floor":18.0},{"not_picked":["Sweeping Beam+1","Beam Cell"],"picked":"Steam","floor":20.0},{"not_picked":["Static Discharge+1","Genetic Algorithm+1"],"picked":"Machine Learning+1","floor":23.0},{"not_picked":["Go for the Eyes+1","Turbo"],"picked":"Stack","floor":25.0},{"not_picked":["Streamline+1","Barrage+1"],"picked":"Force Field","floor":27.0},{"not_picked":["Compile Driver+1","Turbo"],"picked":"Glacier","floor":29.0},{"not_picked":["Rebound+1","Blizzard+1","Leap"],"picked":"SKIP","floor":31.0},{"not_picked":["Aggregate","Barrage+1"],"picked":"Darkness","floor":32.0},{"not_picked":["Biased Cognition+1","Machine Learning+1"],"picked":"Core Surge+1","floor":33.0},{"not_picked":["Tempest","Steam+1"],"picked":"Auto Shields+1","floor":34.0},{"not_picked":["Beam Cell+1","Ball Lightning+1","Melter+1"],"picked":"SKIP","floor":35.0},{"not_picked":["Scrape+1","Coolheaded","Stack+1"],"picked":"SKIP","floor":38.0},{"not_picked":["Ball Lightning+1","Fusion+1"],"picked":"Seek","floor":39.0},{"not_picked":["Compile Driver+1","Go for the Eyes+1"],"picked":"Reboot","floor":44.0},{"not_picked":["Sweeping Beam+1","Steam"],"picked":"Conserve Battery+1","floor":46.0},{"not_picked":["Streamline+1","Rip and Tear+1"],"picked":"Stack+1","floor":47}],"player_experience":590232,"relics_obtained":[{"floor":6.0,"key":"Bag of Preparation"},{"floor":9.0,"key":"Strawberry"},{"floor":11.0,"key":"Dream Catcher"},{"floor":14.0,"key":"Blue Candle"},{"floor":20.0,"key":"Du-Vu Doll"},{"floor":20.0,"key":"Frozen Egg 2"},{"floor":23.0,"key":"Matryoshka"},{"floor":24.0,"key":"Molten Egg 2"},{"floor":26.0,"key":"Ancient Tea Set"},{"floor":26.0,"key":"Blood Vial"},{"floor":36.0,"key":"Incense Burner"},{"floor":43.0,"key":"Shuriken"}],"event_choices":[{"damage_healed":0.0,"max_hp_gain":0.0,"max_hp_loss":0.0,"gold_gain":0.0,"event_name":"Shining Light","player_choice":"Entered Light","floor":4.0,"gold_loss":0.0,"damage_taken":16.0,"cards_upgraded":["Loop","Doom and Gloom"]},{"damage_healed":22.0,"max_hp_gain":0.0,"max_hp_loss":0.0,"gold_gain":0.0,"event_name":"The Cleric","player_choice":"Healed","floor":10.0,"gold_loss":35.0,"damage_taken":0.0},{"damage_healed":0.0,"max_hp_gain":0.0,"max_hp_loss":0.0,"gold_gain":0.0,"event_name":"Colosseum","player_choice":"Fight","floor":20.0,"gold_loss":0.0,"damage_taken":0.0},{"damage_healed":0.0,"max_hp_gain":0.0,"max_hp_loss":0.0,"gold_gain":0.0,"event_name":"Colosseum","player_choice":"Fought Nobs","floor":20.0,"gold_loss":0.0,"damage_taken":0.0},{"damage_healed":0.0,"max_hp_gain":0.0,"max_hp_loss":0.0,"gold_gain":0.0,"event_name":"Nest","player_choice":"Joined the Cult","floor":22.0,"gold_loss":0.0,"damage_taken":6.0,"cards_obtained":["RitualDagger"]},{"damage_healed":0.0,"max_hp_gain":0.0,"max_hp_loss":0.0,"gold_gain":0.0,"event_name":"MindBloom","player_choice":"Fight","floor":36.0,"gold_loss":0.0,"damage_taken":0.0},{"damage_healed":0.0,"max_hp_gain":0.0,"max_hp_loss":0.0,"gold_gain":0.0,"event_name":"Lab","player_choice":"Got Potions","floor":37.0,"gold_loss":0.0,"damage_taken":0.0}],"is_beta":false,"boss_relics":[{"not_picked":["Black Star","Nuclear Battery"],"picked":"Pandora\u0027s Box"},{"not_picked":["Runic Dome","Lizard Tail"],"picked":"Tiny House"}],"items_purged_floors":[41],"is_endless":false,"potions_floor_spawned":[1,2,7,18,20,23,27,39,46,47],"killed_by":"Reptomancer","ascension_level":5}