{"gold_per_floor":[113,113,129,129,145,145,3,3,3,3,3,32,45,80,80,156,206,224,224,234,250,250,250,150,167,167,167,178,178,197,3,3,76,76,87,105,105,117,117,117,134,134,134,166,16,16],"floor_reached":46,"playtime":3916,"items_purged":["Defend_G","Defend_G","Strike_G","Strike_G"],"score":779,"play_id":"00ed4bd2-3d42-4188-92aa-b0fdffd569f5","local_time":"20180810232325","is_ascension_mode":true,"campfire_choices":[{"data":"Neutralize","floor":6.0,"key":"SMITH"},{"data":"Footwork","floor":8.0,"key":"SMITH"},{"data":"Poisoned Stab","floor":10.0,"key":"SMITH"},{"data":"Tools of the Trade","floor":15.0,"key":"SMITH"},{"data":"Phantasmal Killer","floor":23.0,"key":"SMITH"},{"data":"Noxious Fumes","floor":27.0,"key":"SMITH"},{"data":"Caltrops","floor":29.0,"key":"SMITH"},{"data":"Footwork","floor":32.0,"key":"SMITH"},{"floor":40.0,"key":"REST"},{"data":"Burst","floor":42,"key":"SMITH"}],"neow_cost":"TEN_PERCENT_HP_LOSS","seed_source_timestamp":0,"circlet_count":0,"master_deck":["Defend_G+1","Defend_G","Defend_G","Strike_G+1","Strike_G","Survivor","Neutralize+1","AscendersBane","Adrenaline","Poisoned Stab+1","Dark Shackles","Acrobatics","Cloak And Dagger+1","Escape Plan","Footwork+1","Cloak And Dagger","Well Laid Plans","Tools of the Trade+1","Phantasmal Killer+1","Noxious Fumes+1","Prepared+1","Infinite Blades","Caltrops+1","Footwork+1","Burst+1","Infinite Blades"],"special_seed":0,"relics":["Ring of the Snake","Meat on the Bone","Molten Egg 2","Happy Flower","Tiny House","War Paint","Pear","Runic Dome","StoneCalendar","Juzu Bracelet"],"potions_floor_usage":[44,44],"damage_taken":[{"damage":4.0,"enemies":"Small Slimes","floor":1.0,"turns":4.0},{"damage":1.0,"enemies":"Cultist","floor":3.0,"turns":4.0},{"damage":0.0,"enemies":"2 Louse","floor":5.0,"turns":2.0},{"damage":15.0,"enemies":"Lagavulin","floor":12.0,"turns":6.0},{"damage":0.0,"enemies":"Large Slime","floor":13.0,"turns":8.0},{"damage":6.0,"enemies":"3 Sentries","floor":14.0,"turns":11.0},{"damage":3.0,"enemies":"The Guardian","floor":16.0,"turns":13.0},{"damage":10.0,"enemies":"Chosen","floor":18.0,"turns":6.0},{"damage":5.0,"enemies":"Shell Parasite","floor":20.0,"turns":8.0},{"damage":6.0,"enemies":"Chosen and Byrds","floor":21.0,"turns":7.0},{"damage":8.0,"enemies":"3 Cultists","floor":25.0,"turns":6.0},{"damage":2.0,"enemies":"Sentry and Sphere","floor":28.0,"turns":8.0},{"damage":11.0,"enemies":"Cultist and Chosen","floor":30.0,"turns":6.0},{"damage":18.0,"enemies":"Automaton","floor":33.0,"turns":11.0},{"damage":37.0,"enemies":"3 Darklings","floor":35.0,"turns":6.0},{"damage":0.0,"enemies":"3 Shapes","floor":36.0,"turns":7.0},{"damage":32.0,"enemies":"Sphere and 2 Shapes","floor":38.0,"turns":7.0},{"damage":20,"enemies":"Spire Growth","floor":41,"turns":8},{"damage":3,"enemies":"Giant Head","floor":44,"turns":7},{"damage":53,"enemies":"Flame Bruiser 2 Orb","floor":46,"turns":2}],"seed_played":"6529542810850433857","potions_obtained":[{"floor":5.0,"key":"SkillPotion"},{"floor":14.0,"key":"Swift Potion"},{"floor":17.0,"key":"Fire Potion"},{"floor":18.0,"key":"FearPotion"},{"floor":25.0,"key":"GhostInAJar"},{"floor":28.0,"key":"GamblersBrew"},{"floor":36.0,"key":"Fire Potion"},{"floor":38.0,"key":"LiquidBronze"},{"floor":41,"key":"SteroidPotion"}],"is_trial":false,"path_per_floor":["M","?","M","?","M","R","$","R","T","R","$","E","M","E","R","B",null,"M","?","M","M","?","R","$","M","T","R","M","R","M","$","R","B",null,"M","M","?","M","$","R","M","R","T","E","$"],"character_chosen":"THE_SILENT","items_purchased":["Footwork","Footwork"],"campfire_rested":1,"item_purchase_floors":[7,31],"current_hp_per_floor":[55,55,54,54,54,54,54,54,54,54,54,39,39,33,33,42,61,51,51,46,40,61,61,61,53,63,63,61,61,50,50,50,44,67,42,42,42,22,22,44,36,36,36,45,45,0],"gold":16,"neow_bonus":"THREE_RARE_CARDS","is_prod":false,"is_daily":false,"chose_seed":false,"campfire_upgraded":9,"win_rate":0,"timestamp":1533936205,"path_taken":["M","?","M","?","M","R","$","R","T","R","?","E","?","E","R","BOSS","M","?","M","M","?","R","$","?","T","R","M","R","M","$","R","BOSS","M","M","?","M","$","R","M","R","T","E","$","M"],"build_version":"2018-08-09","purchased_purges":4,"victory":false,"max_hp_per_floor":[60,60,60,60,60,60,60,60,60,60,60,60,60,60,60,60,65,65,65,65,65,65,65,65,65,75,75,75,75,75,75,75,75,75,75,75,75,75,75,75,75,75,75,75,75,75],"card_choices":[{"not_picked":["Grand Finale","Wraith Form v2"],"picked":"Adrenaline","floor":0.0},{"not_picked":["Flying Knee","Dagger Spray"],"picked":"Poisoned Stab","floor":1.0},{"not_picked":["Flying Knee","Distraction"],"picked":"Cloak And Dagger","floor":3.0},{"not_picked":["Riddle With Holes","Deflect"],"picked":"Escape Plan","floor":5.0},{"not_picked":["Bullet Time","Deflect"],"picked":"Cloak And Dagger","floor":12.0},{"not_picked":["Outmaneuver","Dagger Spray+1"],"picked":"Well Laid Plans","floor":13.0},{"not_picked":["Well Laid Plans","All Out Attack+1"],"picked":"Tools of the Trade","floor":14.0},{"not_picked":["Glass Knife+1","Tools of the Trade"],"picked":"Phantasmal Killer","floor":16.0},{"not_picked":["Deadly Poison","Prepared"],"picked":"Noxious Fumes","floor":17.0},{"not_picked":["Expertise","Finisher+1"],"picked":"Prepared+1","floor":18.0},{"not_picked":["All Out Attack+1","Deflect"],"picked":"Infinite Blades","floor":20.0},{"not_picked":["Dash+1","Concentrate","All Out Attack+1"],"picked":"SKIP","floor":21.0},{"not_picked":["All Out Attack+1","Dagger Spray+1","Acrobatics"],"picked":"SKIP","floor":25.0},{"not_picked":["Riddle With Holes+1","Cloak And Dagger"],"picked":"Caltrops","floor":28.0},{"not_picked":["PiercingWail","Die Die Die+1","Slice+1"],"picked":"SKIP","floor":30.0},{"not_picked":["Glass Knife+1","Phantasmal Killer"],"picked":"Burst","floor":33.0},{"not_picked":["Concentrate","Dagger Throw+1"],"picked":"Infinite Blades","floor":35.0},{"not_picked":["Backflip","Backstab+1","Dagger Spray+1"],"picked":"SKIP","floor":36.0},{"not_picked":["Cloak And Dagger","Grand Finale+1","Sucker Punch+1"],"picked":"SKIP","floor":38.0},{"not_picked":["Heel Hook+1","Prepared","Flying Knee+1"],"picked":"SKIP","floor":41},{"not_picked":["Dodge and Roll","Deadly Poison","PiercingWail"],"picked":"SKIP","floor":44}],"player_experience":453654,"relics_obtained":[{"floor":9.0,"key":"Meat on the Bone"},{"floor":12.0,"key":"Molten Egg 2"},{"floor":14.0,"key":"Happy Flower"},{"floor":26.0,"key":"Pear"},{"floor":43,"key":"StoneCalendar"},{"floor":44,"key":"Juzu Bracelet"}],"event_choices":[{"event_name":"Match and Keep!","player_choice":"2 cards matched","floor":2.0,"damage_taken":0.0},{"event_name":"Wheel of Change","player_choice":"Card Removal","floor":4.0,"damage_taken":0.0},{"event_name":"WeMeetAgain","player_choice":"Potion","floor":19.0,"damage_taken":0.0},{"event_name":"The Library","player_choice":"Heal","floor":22.0,"damage_taken":0.0},{"event_name":"SensoryStone","player_choice":"Memory 1","floor":37.0,"damage_taken":0.0}],"is_beta":false,"boss_relics":[{"not_picked":["Ring of the Serpent","Astrolabe"],"picked":"Tiny House"},{"not_picked":["Lizard Tail","Runic Pyramid"],"picked":"Runic Dome"}],"items_purged_floors":[7,24,31,45],"is_endless":false,"potions_floor_spawned":[5,14,18,25,28,36,38,41],"killed_by":"Flame Bruiser 2 Orb","ascension_level":14}