{"gold_per_floor":[116,116,130,55,74,74,74,114,137,163,63,63,78,5,5,5],"floor_reached":16,"playtime":653,"items_purged":["Strike_R","Strike_R"],"score":172,"play_id":"5aa89524-bc0d-4ab7-ae96-537163b0b069","local_time":"20190520084624","is_ascension_mode":true,"campfire_choices":[{"data":"Dual Wield","floor":6,"key":"SMITH"},{"data":"Metallicize","floor":12,"key":"SMITH"},{"data":"Feel No Pain","floor":15,"key":"SMITH"}],"neow_cost":"TEN_PERCENT_HP_LOSS","seed_source_timestamp":4389322283781457,"circlet_count":0,"master_deck":["AscendersBane","Strike_R","Strike_R","Strike_R","Defend_R","Defend_R","Defend_R","Defend_R","Bash","Feed","Corruption","Metallicize+1","Dual Wield+1","Feel No Pain+1","Flame Barrier"],"relics":["Burning Blood","Golden Idol","PreservedInsect","Strawberry","Art of War"],"potions_floor_usage":[16,16],"damage_taken":[{"damage":9,"enemies":"Jaw Worm","floor":1,"turns":5},{"damage":10,"enemies":"Small Slimes","floor":3,"turns":3},{"damage":8,"enemies":"2 Louse","floor":5,"turns":3},{"damage":65,"enemies":"Gremlin Nob","floor":8,"turns":6},{"damage":2,"enemies":"Large Slime","floor":13,"turns":8},{"damage":28,"enemies":"The Guardian","floor":16,"turns":6}],"seed_played":"-5137755997172728876","potions_obtained":[{"floor":3,"key":"Dexterity Potion"},{"floor":8,"key":"Poison Potion"}],"is_trial":false,"path_per_floor":["M","?","M","$","M","R","?","E","T","T","$","R","M","$","R","B"],"character_chosen":"IRONCLAD","items_purchased":["Flame Barrier"],"campfire_rested":0,"item_purchase_floors":[14],"current_hp_per_floor":[68,64,63,63,64,64,69,10,17,17,17,17,27,27,27,0],"gold":5,"neow_bonus":"THREE_RARE_CARDS","is_prod":false,"is_daily":false,"chose_seed":false,"campfire_upgraded":3,"win_rate":0,"timestamp":1558334784,"path_taken":["M","?","M","$","M","R","?","E","T","?","$","R","M","$","R","BOSS"],"build_version":"2019-01-23","purchased_purges":2,"victory":false,"max_hp_per_floor":[71,64,67,67,70,70,75,75,82,82,82,82,88,88,88,88],"card_choices":[{"not_picked":["Juggernaut","Demon Form"],"picked":"Feed","floor":0},{"not_picked":["Heavy Blade","Blood for Blood"],"picked":"Corruption","floor":1},{"not_picked":["Power Through","Wild Strike"],"picked":"Metallicize","floor":3},{"not_picked":["Havoc","Sword Boomerang"],"picked":"Dual Wield","floor":5},{"not_picked":["Seeing Red","Infernal Blade"],"picked":"Feel No Pain","floor":8},{"not_picked":["Headbutt","Heavy Blade","Wild Strike"],"picked":"SKIP","floor":13}],"player_experience":565920,"relics_obtained":[{"floor":8,"key":"PreservedInsect"},{"floor":9,"key":"Strawberry"},{"floor":10,"key":"Art of War"}],"event_choices":[{"damage_healed":0,"gold_gain":0,"player_choice":"Lose Max HP","damage_taken":0,"relics_obtained":["Golden Idol"],"max_hp_gain":0,"max_hp_loss":7,"event_name":"Golden Idol","floor":2,"gold_loss":0},{"damage_healed":0,"gold_gain":0,"player_choice":"Donut","damage_taken":0,"max_hp_gain":5,"max_hp_loss":0,"event_name":"Big Fish","floor":7,"gold_loss":0}],"is_beta":false,"boss_relics":[],"items_purged_floors":[4,11],"is_endless":false,"potions_floor_spawned":[3,8],"killed_by":"The Guardian","ascension_level":15}