{"gold_per_floor":[109,109,109,109,109,109,109,109,134,134,94,108,135,186,186,262,262,274,274,290,52,63,63,95,115,115,131,81,81,94,107,107,178,178,191,1190,1190,2,20,52,52,8,8,8,23,35,1,17,17,17],"floor_reached":51,"playtime":3235,"items_purged":["Strike_R","Normality"],"score":1567,"play_id":"34cbd9cc-9f06-4ff3-8a5c-dd2ca7612391","local_time":"20190429133648","is_ascension_mode":true,"campfire_choices":[{"floor":6.0,"key":"REST"},{"data":"Defend_R","floor":8.0,"key":"SMITH"},{"data":"Defend_R","floor":10.0,"key":"SMITH"},{"data":"Corruption","floor":15.0,"key":"SMITH"},{"floor":23.0,"key":"REST"},{"floor":29.0,"key":"REST"},{"data":"True Grit","floor":32.0,"key":"SMITH"},{"floor":41.0,"key":"REST"},{"floor":44.0,"key":"REST"},{"floor":49,"key":"REST"}],"neow_cost":"NONE","seed_source_timestamp":325236850194422,"circlet_count":0,"master_deck":["AscendersBane","Strike_R","Defend_R+1","Defend_R+1","Defend_R","Defend_R+1","Bash","Body Slam+1","Corruption+1","Shrug It Off","Barricade","True Grit+1","Shrug It Off","Shrug It Off","Seeing Red","Rampage","Entrench","Infernal Blade","Body Slam","Shrug It Off","Warcry","Immolate","Limit Break","Heavy Blade+1","Normality","Impervious","Exhume","Shrug It Off","True Grit","Warcry+1","Body Slam+1","Infernal Blade","Reaper"],"special_seed":0,"relics":["Burning Blood","NeowsBlessing","Dead Branch","Potion Belt","The Courier","Strawberry","Mark of Pain","Boot","Du-Vu Doll","Empty Cage","Bird Faced Urn","Pear","Vajra","Shuriken","PreservedInsect","Darkstone Periapt"],"potions_floor_usage":[50,50],"damage_taken":[{"damage":0.0,"enemies":"Jaw Worm","floor":1.0,"turns":1.0},{"damage":0.0,"enemies":"Small Slimes","floor":12.0,"turns":1.0},{"damage":0.0,"enemies":"3 Sentries","floor":13.0,"turns":2.0},{"damage":49.0,"enemies":"The Guardian","floor":16.0,"turns":13.0},{"damage":59.0,"enemies":"3 Byrds","floor":18.0,"turns":6.0},{"damage":0.0,"enemies":"Spheric Guardian","floor":20.0,"turns":3.0},{"damage":7.0,"enemies":"Snecko","floor":22.0,"turns":5.0},{"damage":9.0,"enemies":"Book of Stabbing","floor":24.0,"turns":3.0},{"damage":24.0,"enemies":"Cultist and Chosen","floor":25.0,"turns":7.0},{"damage":6.0,"enemies":"Shelled Parasite and Fungi","floor":27.0,"turns":1.0},{"damage":20.0,"enemies":"Centurion and Healer","floor":30.0,"turns":5.0},{"damage":0.0,"enemies":"Snecko","floor":31.0,"turns":3.0},{"damage":27.0,"enemies":"Champ","floor":33.0,"turns":15.0},{"damage":28.0,"enemies":"Orb Walker","floor":35.0,"turns":5.0},{"damage":3.0,"enemies":"3 Shapes","floor":39.0,"turns":4.0},{"damage":66.0,"enemies":"Reptomancer","floor":40.0,"turns":6.0},{"damage":23.0,"enemies":"Writhing Mass","floor":45.0,"turns":3.0},{"damage":13.0,"enemies":"Spire Growth","floor":46.0,"turns":3.0},{"damage":36,"enemies":"Transient","floor":48,"turns":6},{"damage":0,"enemies":"Awakened One","floor":50,"turns":4}],"seed_played":"7342036248841672675","potions_obtained":[{"floor":1.0,"key":"SteroidPotion"},{"floor":19.0,"key":"Energy Potion"},{"floor":19.0,"key":"Block Potion"},{"floor":22.0,"key":"SkillPotion"},{"floor":24.0,"key":"Weak Potion"},{"floor":27.0,"key":"Fruit Juice"},{"floor":31.0,"key":"BloodPotion"},{"floor":35.0,"key":"AttackPotion"},{"floor":46.0,"key":"Strength Potion"},{"floor":48,"key":"GamblersBrew"}],"is_trial":false,"path_per_floor":["M","?","?","$","?","R","$","R","T","R","$","M","E","T","R","B",null,"M","?","M","$","M","R","E","M","T","M","?","R","M","M","R","B",null,"M","?","?","$","M","E","R","$","T","R","M","M","$","M","R","B",null],"character_chosen":"IRONCLAD","items_purchased":["Corruption","Shrug It Off","Seeing Red","Rampage","Bird Faced Urn","Pear","Vajra","Shuriken","Impervious","Exhume","Shrug It Off","True Grit","Energy Potion","Infernal Blade"],"campfire_rested":6,"item_purchase_floors":[11,21,21,21,38,38,38,38,38,38,38,38,42,47],"current_hp_per_floor":[74,48,41,41,18,40,40,40,40,40,40,46,52,59,59,16,66,13,13,19,19,18,42,39,21,21,26,26,52,38,44,44,31,73,51,51,51,61,66,12,41,41,41,70,57,54,54,32,61,75],"gold":17,"neow_bonus":"THREE_ENEMY_KILL","is_prod":false,"is_daily":false,"chose_seed":false,"campfire_upgraded":4,"win_rate":0,"timestamp":1556554008,"path_taken":["M","?","?","$","?","R","?","R","T","R","$","?","E","?","R","BOSS","M","?","M","$","M","R","E","?","T","M","?","R","M","?","R","BOSS","M","?","?","$","M","E","R","$","T","R","M","M","?","M","R","BOSS"],"build_version":"2019-01-23","purchased_purges":2,"victory":true,"max_hp_per_floor":[75,75,75,75,75,75,75,75,75,75,75,75,75,82,82,82,82,82,82,82,82,82,82,82,82,82,87,87,87,87,87,87,87,87,87,87,87,97,97,97,97,97,97,97,97,97,97,97,97,97],"card_choices":[{"not_picked":["Dual Wield","Sever Soul"],"picked":"Body Slam","floor":1.0},{"not_picked":["Pummel","Perfected Strike"],"picked":"Shrug It Off","floor":12.0},{"not_picked":["Headbutt","Hemokinesis","Anger"],"picked":"SKIP","floor":13.0},{"not_picked":["Exhume","Dark Embrace"],"picked":"Barricade","floor":16.0},{"not_picked":["Second Wind","Fire Breathing"],"picked":"True Grit","floor":18.0},{"not_picked":["Havoc","Perfected Strike"],"picked":"Shrug It Off","floor":20.0},{"not_picked":["Ghostly Armor","Anger"],"picked":"Entrench","floor":22.0},{"not_picked":["Pommel Strike","Bludgeon"],"picked":"Infernal Blade","floor":24.0},{"not_picked":["Iron Wave","Headbutt+1"],"picked":"Body Slam","floor":25.0},{"not_picked":["Thunderclap","Inflame+1"],"picked":"Shrug It Off","floor":27.0},{"not_picked":["Intimidate","Thunderclap"],"picked":"Warcry","floor":30.0},{"not_picked":["Whirlwind","Carnage"],"picked":"Immolate","floor":31.0},{"not_picked":["Barricade","Reaper"],"picked":"Limit Break","floor":33.0},{"not_picked":["Armaments","Combust"],"picked":"Heavy Blade+1","floor":35.0},{"not_picked":["Iron Wave","Cleave","Flex"],"picked":"SKIP","floor":39.0},{"not_picked":["Shrug It Off","Shockwave+1"],"picked":"Warcry+1","floor":40.0},{"not_picked":["Thunderclap+1","Wild Strike","Flex"],"picked":"SKIP","floor":45.0},{"not_picked":["Headbutt","Clash"],"picked":"Body Slam+1","floor":46.0},{"not_picked":["Clash+1","Iron Wave"],"picked":"Reaper","floor":48}],"player_experience":1160701,"relics_obtained":[{"floor":9.0,"key":"Potion Belt"},{"floor":13.0,"key":"The Courier"},{"floor":14.0,"key":"Strawberry"},{"floor":24.0,"key":"Boot"},{"floor":26.0,"key":"Du-Vu Doll"},{"floor":40.0,"key":"PreservedInsect"},{"floor":43.0,"key":"Darkstone Periapt"}],"event_choices":[{"damage_healed":0.0,"max_hp_gain":0.0,"max_hp_loss":0.0,"gold_gain":0.0,"event_name":"Scrap Ooze","player_choice":"Success","floor":2.0,"gold_loss":0.0,"damage_taken":26.0,"relics_obtained":["Dead Branch"]},{"cards_removed":["Strike_R"],"damage_healed":0.0,"max_hp_gain":0.0,"max_hp_loss":0.0,"gold_gain":0.0,"event_name":"Golden Wing","player_choice":"Card Removal","floor":3.0,"gold_loss":0.0,"damage_taken":7.0},{"damage_healed":0.0,"max_hp_gain":0.0,"max_hp_loss":0.0,"gold_gain":0.0,"event_name":"Shining Light","player_choice":"Entered Light","floor":5.0,"gold_loss":0.0,"damage_taken":23.0,"cards_upgraded":["Defend_R","Body Slam"]},{"damage_healed":0.0,"max_hp_gain":0.0,"max_hp_loss":0.0,"gold_gain":0.0,"event_name":"Lab","player_choice":"Got Potions","floor":19.0,"gold_loss":0.0,"damage_taken":0.0},{"damage_healed":0.0,"max_hp_gain":0.0,"max_hp_loss":0.0,"gold_gain":0.0,"event_name":"The Joust","player_choice":"Bet on Murderer","floor":28.0,"gold_loss":50.0,"damage_taken":0.0},{"damage_healed":0.0,"max_hp_gain":0.0,"max_hp_loss":0.0,"gold_gain":999.0,"event_name":"MindBloom","player_choice":"Gold","floor":36.0,"gold_loss":0.0,"damage_taken":0.0,"cards_obtained":["Normality","Normality"]},{"damage_healed":0.0,"max_hp_gain":0.0,"max_hp_loss":0.0,"gold_gain":0.0,"event_name":"Mysterious Sphere","player_choice":"Ignored","floor":37.0,"gold_loss":0.0,"damage_taken":0.0}],"is_beta":false,"boss_relics":[{"not_picked":["Pandora\u0027s Box","Fusion Hammer"],"picked":"Mark of Pain"},{"not_picked":["Philosopher\u0027s Stone","Black Star"],"picked":"Empty Cage"}],"items_purged_floors":[21,38],"is_endless":false,"potions_floor_spawned":[1,22,24,27,31,35,46,48],"ascension_level":17}