{"path_per_floor":["M","?","$","M","M","R","E","?","T","E","T","M","M","?","R","B",null,"M","?","?","?","M","E","R","M","T","$","R","M","$","?","R","B",null,"M","?","?","M","M","R","E","R","T","R","M","$","M","M","R","B"],"character_chosen":"THE_SILENT","items_purchased":["After Image","Cloak And Dagger","War Paint","Expertise","Well Laid Plans"],"gold_per_floor":[109,109,34,54,64,64,96,96,96,124,124,124,136,197,197,293,293,310,310,310,310,326,361,361,377,450,146,146,158,33,33,33,135,135,145,245,245,245,262,262,292,292,292,292,308,55,73,84,84,84],"floor_reached":51,"campfire_rested":0,"playtime":3060,"item_purchase_floors":[27,27,46,46,46],"current_hp_per_floor":[62,62,62,62,62,62,61,70,70,61,61,60,59,57,57,54,66,65,70,70,70,70,69,70,70,70,70,70,70,70,70,70,70,70,70,70,70,70,70,70,55,63,63,70,70,70,70,70,70,40],"items_purged":["Concentrate+1","Defend_G","Strike_G"],"gold":84,"score":1182,"play_id":"cd99600d-fb0c-460d-bbff-a4db450174ad","local_time":"20180622023853","is_prod":false,"is_daily":false,"chose_seed":false,"is_ascension_mode":true,"campfire_upgraded":9,"win_rate":0,"timestamp":1529627933,"campfire_choices":[{"data":"Noxious Fumes","floor":6,"key":"SMITH"},{"data":"Caltrops","floor":15,"key":"SMITH"},{"data":"Blade Dance","floor":24,"key":"SMITH"},{"data":"After Image","floor":28,"key":"SMITH"},{"data":"Cloak And Dagger","floor":32,"key":"SMITH"},{"data":"Catalyst","floor":40,"key":"SMITH"},{"data":"Backflip","floor":42,"key":"SMITH"},{"data":"Envenom","floor":44,"key":"SMITH"},{"data":"Expertise","floor":49,"key":"SMITH"}],"path_taken":["M","?","$","M","M","R","E","?","T","E","?","M","M","?","R","BOSS","M","?","?","?","M","E","R","M","T","$","R","?","$","?","R","BOSS","M","?","?","M","?","R","E","R","T","R","M","$","M","M","R","BOSS"],"build_version":"2018-06-14v2","seed_source_timestamp":448169115722814,"purchased_purges":3,"victory":true,"master_deck":["Defend_G","Defend_G","Strike_G","Strike_G","Survivor+1","AscendersBane","After Image+1","Sucker Punch+1","Noxious Fumes+1","Deadly Poison+1","Caltrops","Poisoned Stab","Leg Sweep","Caltrops+1","After Image+1","After Image+1","Backflip+1","Blade Dance+1","After Image+1","Cloak And Dagger+1","Noxious Fumes+1","Envenom+1","Dash","Catalyst+1","Expertise+1","Well Laid Plans"],"max_hp_per_floor":[70,70,70,70,70,70,70,70,70,70,70,70,70,70,70,70,70,70,70,70,70,70,70,70,70,70,70,70,70,70,70,70,70,70,70,70,70,70,70,70,70,70,70,70,70,70,70,70,70,70],"relics":["Astrolabe","Mummified Hand","Ninja Scroll","Dodecahedron","Torii","Centennial Puzzle","Eternal Feather","Calipers","Letter Opener","Busted Crown","Pantograph","Bottled Flame","War Paint"],"card_choices":[{"not_picked":["PiercingWail","Outmaneuver"],"picked":"Noxious Fumes","floor":1},{"not_picked":["Predator","Quick Slash","Concentrate"],"picked":"SKIP","floor":4},{"not_picked":["Cloak And Dagger","Bouncing Flask"],"picked":"Deadly Poison","floor":5},{"not_picked":["Crippling Poison","Skewer"],"picked":"Caltrops","floor":7},{"not_picked":["Backstab","Well Laid Plans"],"picked":"Poisoned Stab","floor":10},{"not_picked":["Bane","PiercingWail"],"picked":"Leg Sweep","floor":12},{"not_picked":["Expertise","Slice","Prepared"],"picked":"SKIP","floor":13},{"not_picked":["Flying Knee","Dagger Throw"],"picked":"Caltrops","floor":14},{"not_picked":["Grand Finale","Storm of Steel"],"picked":"After Image","floor":16},{"not_picked":["PiercingWail","Bane+1","Prepared+1"],"picked":"SKIP","floor":18},{"not_picked":["Poisoned Stab+1","Deadly Poison"],"picked":"Backflip","floor":22},{"not_picked":["Acrobatics","Quick Slash+1"],"picked":"Blade Dance","floor":23},{"not_picked":["Skewer","Dodge and Roll","Dagger Throw"],"picked":"SKIP","floor":25},{"not_picked":["PiercingWail","Distraction+1"],"picked":"Noxious Fumes+1","floor":29},{"not_picked":["Phantasmal Killer","Doppelganger"],"picked":"Envenom","floor":33},{"not_picked":[],"picked":"Dash","floor":35},{"not_picked":[],"picked":"Catalyst","floor":39},{"not_picked":["Choke+1"],"picked":"SKIP","floor":41},{"not_picked":["Predator"],"picked":"SKIP","floor":45},{"not_picked":["Quick Slash"],"picked":"SKIP","floor":47},{"not_picked":["Calculated Gamble"],"picked":"SKIP","floor":48}],"player_experience":346563,"potions_floor_usage":[7,23,33,38,50],"damage_taken":[{"damage":1,"enemies":"2 Louse","floor":1,"turns":5},{"damage":0,"enemies":"Cultist","floor":4,"turns":5},{"damage":0,"enemies":"Small Slimes","floor":5,"turns":6},{"damage":15,"enemies":"Lagavulin","floor":7,"turns":7},{"damage":9,"enemies":"Gremlin Nob","floor":10,"turns":5},{"damage":1,"enemies":"3 Louse","floor":12,"turns":4},{"damage":1,"enemies":"Red Slaver","floor":13,"turns":4},{"damage":2,"enemies":"Gremlin Nob","floor":14,"turns":4},{"damage":3,"enemies":"Hexaghost","floor":16,"turns":8},{"damage":1,"enemies":"Shell Parasite","floor":18,"turns":5},{"damage":0,"enemies":"3 Byrds","floor":22,"turns":4},{"damage":1,"enemies":"Slavers","floor":23,"turns":5},{"damage":0,"enemies":"Centurion and Healer","floor":25,"turns":8},{"damage":0,"enemies":"Snake Plant","floor":29,"turns":5},{"damage":0,"enemies":"Automaton","floor":33,"turns":9},{"damage":0,"enemies":"3 Shapes","floor":35,"turns":6},{"damage":0,"enemies":"3 Darklings","floor":38,"turns":2},{"damage":0,"enemies":"Sphere and 2 Shapes","floor":39,"turns":6},{"damage":15,"enemies":"2 Orb Walkers","floor":41,"turns":6},{"damage":0,"enemies":"4 Shapes","floor":45,"turns":7},{"damage":0,"enemies":"3 Darklings","floor":47,"turns":5},{"damage":0,"enemies":"Maw","floor":48,"turns":6},{"damage":30,"enemies":"Awakened One","floor":50,"turns":14}],"relics_obtained":[{"floor":7,"key":"Mummified Hand"},{"floor":9,"key":"Ninja Scroll"},{"floor":10,"key":"Dodecahedron"},{"floor":11,"key":"Torii"},{"floor":23,"key":"Calipers"},{"floor":26,"key":"Letter Opener"},{"floor":41,"key":"Pantograph"},{"floor":43,"key":"Bottled Flame"}],"event_choices":[{"event_name":"The Lab","player_choice":"Got Potions","floor":2,"damage_taken":0},{"event_name":"Wheel of Change","player_choice":"Full Heal","floor":8,"damage_taken":0},{"event_name":"Dead Adventurer","player_choice":"Searched \u00273\u0027 times","floor":14,"damage_taken":0},{"event_name":"The Library","player_choice":"Heal","floor":19,"damage_taken":0},{"event_name":"Accursed Blacksmith","player_choice":"Forge","floor":20,"damage_taken":0},{"event_name":"Duplicator","player_choice":"One dupe","floor":21,"damage_taken":0},{"event_name":"Back to Basics","player_choice":"Elegance","floor":31,"damage_taken":0},{"event_name":"Golden Shrine","player_choice":"Pray","floor":36,"damage_taken":0},{"event_name":"Falling","player_choice":"Removed Attack","floor":37,"damage_taken":0}],"boss_relics":[{"not_picked":["Cursed Key","Calling Bell"],"picked":"Eternal Feather"},{"not_picked":["Coffee Dripper","Velvet Choker"],"picked":"Busted Crown"}],"items_purged_floors":[3,27,30],"is_endless":false,"potions_floor_spawned":[1,4,13,16,22,23,25,38,45],"seed_played":"-6698650952482754361","ascension_level":11,"potions_obtained":[{"floor":1,"key":"Poison Potion"},{"floor":2,"key":"Regen Potion"},{"floor":2,"key":"Explosive Potion"},{"floor":13,"key":"Energy Potion"},{"floor":22,"key":"LiquidBronze"},{"floor":23,"key":"SmokeBomb"},{"floor":45,"key":"AttackPotion"}],"is_trial":false}