{"gold_per_floor":[109,126,51,51,61,61,61,61,61,80,91,106,106,137,137,236,236,217,132,151,11,22,22,48,48,75,87,87,87,104,118,118,219,219,232,1231,1106,1126,1139,776,776,776,776,146,162,182,182,198,198,198],"floor_reached":51,"playtime":2393,"items_purged":["Defend_R","Defend_R","Defend_R","Defend_R","Doubt"],"score":1057,"play_id":"bfcca8c8-39af-44ed-b969-da2b6626892e","local_time":"20180803193846","is_ascension_mode":true,"campfire_choices":[{"data":"Feed","floor":6,"key":"SMITH"},{"data":"Iron Wave","floor":8,"key":"SMITH"},{"data":"Iron Wave","floor":13,"key":"SMITH"},{"data":"Bash","floor":15,"key":"SMITH"},{"data":"Inflame","floor":23,"key":"SMITH"},{"floor":25,"key":"REST"},{"data":"Feed","floor":28,"key":"SMITH"},{"floor":32,"key":"REST"},{"data":"Double Tap","floor":41,"key":"SMITH"},{"data":"Panache","floor":47,"key":"SMITH"},{"floor":49,"key":"REST"}],"neow_cost":"NONE","seed_source_timestamp":4138825829755100,"circlet_count":0,"master_deck":["Strike_R","Strike_R","Strike_R","Strike_R","Strike_R","Bash+1","AscendersBane","Feed+1","Iron Wave+1","Rage+1","Iron Wave+1","Clash","Feed+1","Cleave+1","Inflame+1","Double Tap+1","Panache+1","Madness"],"relics":["Burning Blood","Torii","Blue Candle","Lantern","Runic Pyramid","Omamori","Shuriken","Orichalcum","Cursed Key","Ornamental Fan","Kunai","Strange Spoon"],"potions_floor_usage":[14,16,18,22,33,39,50],"damage_taken":[{"damage":2,"enemies":"Small Slimes","floor":1,"turns":4},{"damage":0,"enemies":"Cultist","floor":2,"turns":4},{"damage":7,"enemies":"Jaw Worm","floor":5,"turns":3},{"damage":6,"enemies":"Looter","floor":10,"turns":4},{"damage":2,"enemies":"Exordium Wildlife","floor":11,"turns":7},{"damage":1,"enemies":"Gremlin Gang","floor":12,"turns":6},{"damage":13,"enemies":"Lagavulin","floor":14,"turns":5},{"damage":52,"enemies":"Slime Boss","floor":16,"turns":15},{"damage":12,"enemies":"2 Thieves","floor":18,"turns":4},{"damage":17,"enemies":"3 Byrds","floor":20,"turns":6},{"damage":10,"enemies":"Snake Plant","floor":22,"turns":4},{"damage":68,"enemies":"Gremlin Leader","floor":24,"turns":6},{"damage":12,"enemies":"Snecko","floor":27,"turns":3},{"damage":5,"enemies":"Chosen and Byrds","floor":30,"turns":4},{"damage":7,"enemies":"Cultist and Chosen","floor":31,"turns":4},{"damage":81,"enemies":"Champ","floor":33,"turns":13},{"damage":1,"enemies":"Orb Walker","floor":35,"turns":3},{"damage":13,"enemies":"Flame Bruiser 1 Orb","floor":38,"turns":4},{"damage":26,"enemies":"3 Darklings","floor":39,"turns":4},{"damage":21,"enemies":"Sphere and 2 Shapes","floor":45,"turns":5},{"damage":11,"enemies":"Flame Bruiser 2 Orb","floor":46,"turns":4},{"damage":1,"enemies":"Spire Growth","floor":48,"turns":3},{"damage":54,"enemies":"Time Eater","floor":50,"turns":8}],"seed_played":"9222847719394461890","potions_obtained":[{"floor":5,"key":"GamblersBrew"},{"floor":10,"key":"Swift Potion"},{"floor":11,"key":"Explosive Potion"},{"floor":16,"key":"Ancient Potion"},{"floor":18,"key":"FairyPotion"},{"floor":20,"key":"AttackPotion"},{"floor":24,"key":"GamblersBrew"},{"floor":33,"key":"FearPotion"},{"floor":38,"key":"Block Potion"}],"is_trial":false,"path_per_floor":["M","M","$","?","M","R","?","R","T","M","M","M","R","E","R","B",null,"M","?","M","$","M","R","E","R","T","M","R","?","M","M","R","B",null,"M","?","$","M","M","$","R","?","T","$","M","M","R","M","R","B"],"character_chosen":"IRONCLAD","items_purchased":["Inflame","Panache","Kunai","Strange Spoon"],"campfire_rested":3,"item_purchase_floors":[21,40,44,44],"current_hp_per_floor":[79,86,86,86,88,88,76,76,76,76,84,93,93,90,90,44,87,85,85,81,81,81,81,23,59,59,53,53,53,62,69,109,38,115,120,120,120,117,101,101,101,101,101,101,90,85,85,94,140,96],"gold":198,"neow_bonus":"ONE_RANDOM_RARE_CARD","is_prod":false,"is_daily":false,"chose_seed":false,"campfire_upgraded":8,"win_rate":0,"timestamp":1533317926,"path_taken":["M","M","$","?","M","R","?","R","T","M","M","?","R","E","R","BOSS","M","?","M","$","M","R","E","R","T","?","R","?","?","M","R","BOSS","M","?","$","M","M","$","R","?","T","$","M","M","R","M","R","BOSS"],"build_version":"2018-08-02","purchased_purges":5,"victory":true,"max_hp_per_floor":[83,86,86,86,89,89,89,89,89,89,93,97,97,101,101,101,101,105,105,112,112,116,116,120,120,120,120,120,120,128,136,136,140,140,140,140,140,144,148,148,148,148,148,148,152,152,152,156,156,160],"card_choices":[{"not_picked":["Pommel Strike","Body Slam"],"picked":"Iron Wave","floor":1},{"not_picked":["Evolve","Blood for Blood"],"picked":"Rage","floor":2},{"not_picked":["Anger","Armaments","Twin Strike"],"picked":"SKIP","floor":5},{"not_picked":["Intimidate","Metallicize"],"picked":"Iron Wave","floor":10},{"not_picked":["Heavy Blade","Infernal Blade"],"picked":"Clash","floor":11},{"not_picked":["Headbutt","Heavy Blade","Perfected Strike"],"picked":"SKIP","floor":12},{"not_picked":["Clothesline","Immolate","Combust"],"picked":"SKIP","floor":14},{"not_picked":["Reaper","Bludgeon"],"picked":"Feed","floor":16},{"not_picked":["Sever Soul","Corruption"],"picked":"Cleave+1","floor":18},{"not_picked":["Cleave+1","Evolve","Corruption"],"picked":"SKIP","floor":20},{"not_picked":["Cleave+1","Combust","Bloodletting"],"picked":"SKIP","floor":22},{"not_picked":["Sentinel","Perfected Strike","Ghostly Armor"],"picked":"SKIP","floor":24},{"not_picked":["Clothesline","Armaments","Havoc"],"picked":"SKIP","floor":27},{"not_picked":["Power Through","Whirlwind","Dual Wield"],"picked":"SKIP","floor":30},{"not_picked":["Pommel Strike","Warcry","Evolve"],"picked":"SKIP","floor":31},{"not_picked":["Offering","Juggernaut"],"picked":"Double Tap","floor":33},{"not_picked":["Flex","Evolve+1","Iron Wave"],"picked":"SKIP","floor":35},{"not_picked":["Rupture+1","Headbutt","Anger"],"picked":"SKIP","floor":38},{"not_picked":["Headbutt","Clothesline+1","True Grit+1"],"picked":"SKIP","floor":39},{"not_picked":["Dark Shackles","Mind Blast"],"picked":"Madness","floor":42},{"not_picked":["Thunderclap+1","True Grit","Combust"],"picked":"SKIP","floor":45},{"not_picked":["Rampage","Flame Barrier","Reckless Charge+1"],"picked":"SKIP","floor":46},{"not_picked":["Anger+1","Ghostly Armor+1","Perfected Strike"],"picked":"SKIP","floor":48}],"player_experience":442287,"relics_obtained":[{"floor":9,"key":"Blue Candle"},{"floor":14,"key":"Lantern"},{"floor":24,"key":"Shuriken"},{"floor":26,"key":"Orichalcum"},{"floor":43,"key":"Ornamental Fan"}],"event_choices":[{"event_name":"Upgrade Shrine","player_choice":"Upgraded","floor":4,"damage_taken":0},{"event_name":"Scrap Ooze","player_choice":"success","floor":7,"damage_taken":12},{"event_name":"Addict","player_choice":"Obtained Relic","floor":19,"damage_taken":0},{"event_name":"The Mausoleum","player_choice":"No","floor":29,"damage_taken":0},{"event_name":"MindBloom","player_choice":"Gold","floor":36,"damage_taken":0},{"event_name":"SensoryStone","player_choice":"Memory 1","floor":42,"damage_taken":0}],"is_beta":false,"boss_relics":[{"not_picked":["Black Blood","Eternal Feather"],"picked":"Runic Pyramid"},{"not_picked":["Tiny House","Velvet Choker"],"picked":"Cursed Key"}],"items_purged_floors":[3,21,37,40,44],"is_endless":false,"potions_floor_spawned":[5,10,11,16,18,20,24,33,38],"ascension_level":10}