{"gold_per_floor":[15,15,26,39,39,39,39,54,54,68,68,68,68,78,78,78],"floor_reached":16,"playtime":472,"items_purged":[],"score":166,"play_id":"84938035-8691-403c-b38d-2ec912166060","local_time":"20190504083244","is_ascension_mode":true,"campfire_choices":[{"data":"Static Discharge","floor":6,"key":"SMITH"},{"floor":11,"key":"REST"},{"data":"Reinforced Body","floor":13,"key":"SMITH"},{"data":"Dualcast","floor":15,"key":"SMITH"}],"neow_cost":"NO_GOLD","seed_source_timestamp":23808722530300,"circlet_count":0,"master_deck":["AscendersBane","Strike_B","Strike_B","Defend_B","Defend_B+1","Defend_B","Zap","Dualcast+1","Double Energy+1","Ball Lightning","Static Discharge+1","Heatsinks","Reinforced Body+1","Undo"],"relics":["Cracked Core","Anchor","Bottled Flame"],"potions_floor_usage":[16,16],"damage_taken":[{"damage":2,"enemies":"Jaw Worm","floor":1,"turns":3},{"damage":0,"enemies":"2 Louse","floor":3,"turns":2},{"damage":1,"enemies":"Cultist","floor":4,"turns":3},{"damage":16,"enemies":"3 Louse","floor":8,"turns":3},{"damage":12,"enemies":"Large Slime","floor":10,"turns":5},{"damage":8,"enemies":"Blue Slaver","floor":14,"turns":3},{"damage":34,"enemies":"Slime Boss","floor":16,"turns":5}],"seed_played":"4905183573240164342","potions_obtained":[{"floor":1,"key":"Weak Potion"},{"floor":10,"key":"AttackPotion"}],"is_trial":false,"path_per_floor":["M","?","M","M","?","R","$","M","T","M","R","T","R","M","R","B"],"character_chosen":"DEFECT","items_purchased":[],"campfire_rested":1,"item_purchase_floors":[],"current_hp_per_floor":[62,41,41,40,40,40,40,24,24,12,33,33,33,25,25,0],"gold":78,"neow_bonus":"REMOVE_TWO","is_prod":false,"is_daily":false,"chose_seed":false,"campfire_upgraded":3,"win_rate":0,"timestamp":1556973164,"path_taken":["M","?","M","M","?","R","$","M","T","M","R","?","R","M","R","BOSS"],"build_version":"2019-01-23","purchased_purges":0,"victory":false,"max_hp_per_floor":[71,71,71,71,71,71,71,71,71,71,71,71,71,71,71,71],"card_choices":[{"not_picked":["Conserve Battery","Leap"],"picked":"Double Energy","floor":1},{"not_picked":["Beam Cell","Leap"],"picked":"Ball Lightning","floor":3},{"not_picked":["Coolheaded","Turbo"],"picked":"Static Discharge","floor":4},{"not_picked":["Blizzard","Chaos"],"picked":"Reinforced Body","floor":8},{"not_picked":["Beam Cell","Blizzard","Rebound"],"picked":"SKIP","floor":10},{"not_picked":["Cold Snap","Turbo"],"picked":"Undo","floor":14}],"player_experience":2886763,"relics_obtained":[{"floor":9,"key":"Anchor"},{"floor":12,"key":"Bottled Flame"}],"event_choices":[{"damage_healed":0,"gold_gain":0,"player_choice":"Entered Light","damage_taken":21,"max_hp_gain":0,"max_hp_loss":0,"event_name":"Shining Light","floor":2,"gold_loss":0,"cards_upgraded":["Double Energy","Defend_B"]},{"damage_healed":0,"gold_gain":0,"cards_transformed":["Strike_B"],"player_choice":"Change","damage_taken":0,"max_hp_gain":0,"max_hp_loss":0,"event_name":"Living Wall","floor":5,"gold_loss":0,"cards_obtained":["Heatsinks"]}],"is_beta":false,"boss_relics":[],"items_purged_floors":[],"is_endless":false,"potions_floor_spawned":[1,10,14],"killed_by":"Slime Boss","ascension_level":16}