{"path_per_floor":["M","$","?","?","?","R","E","M","T","E","$","$","E","M","R","B",null,"M","M","?","?","?","R","E","$","T","M","M","E","M","M","R","B",null,"M","$","?","M","$","E","M","?","T","R","E","M","E","M","R","B"],"character_chosen":"THE_SILENT","items_purchased":["Acrobatics","Noxious Fumes","Lantern","Paper Crane"],"gold_per_floor":[117,42,42,42,42,42,73,86,164,198,76,0,25,45,45,147,147,159,174,174,174,174,174,499,227,300,314,328,354,370,386,386,490,490,509,98,0,15,15,41,60,60,140,140,169,182,217,236,236,236],"floor_reached":51,"campfire_rested":1,"playtime":4543,"item_purchase_floors":[11,12,25,36],"current_hp_per_floor":[70,70,75,68,68,68,55,55,55,31,31,31,27,27,49,40,75,75,68,52,52,52,52,32,32,32,29,29,29,29,29,29,29,75,75,75,75,59,59,59,52,52,52,52,50,50,50,50,50,43],"items_purged":["Strike_G","Strike_G","Strike_G","Defend_G"],"gold":236,"score":918,"play_id":"592305f5-69b3-4db0-a134-4b4fcb1b4be8","local_time":"20180531215805","is_prod":false,"is_daily":false,"chose_seed":false,"is_ascension_mode":false,"campfire_upgraded":5,"win_rate":0,"timestamp":1527796685,"campfire_choices":[{"data":"Neutralize","floor":6,"key":"SMITH"},{"floor":15,"key":"REST"},{"data":"Noxious Fumes","floor":23,"key":"SMITH"},{"data":"Calculated Gamble","floor":32,"key":"SMITH"},{"data":"Envenom","floor":44,"key":"SMITH"},{"data":"Footwork","floor":49,"key":"SMITH"}],"path_taken":["M","$","?","?","?","R","E","M","T","E","?","$","E","?","R","BOSS","M","M","?","?","?","R","E","?","T","M","M","E","M","M","R","BOSS","M","$","?","M","$","E","M","?","T","R","E","M","E","M","R","BOSS"],"build_version":"2018-05-24","seed_source_timestamp":1292449583813290,"purchased_purges":4,"victory":true,"master_deck":["Defend_G","Defend_G","Defend_G","Defend_G","Strike_G+1","Survivor","Neutralize+1","Noxious Fumes+1","Backstab+1","Prepared","Calculated Gamble+1","Acrobatics","Noxious Fumes+1","Blur","Adrenaline","Prepared+1","Footwork+1","Backflip+1","Poisoned Stab","Deflect+1","Envenom+1","Dodge and Roll+1","Deflect+1","Footwork+1","Catalyst+1","Catalyst+1","Prepared+1"],"max_hp_per_floor":[70,70,75,75,75,75,75,75,75,75,75,75,75,75,75,75,75,75,75,75,75,75,75,75,75,75,75,75,75,75,75,75,75,75,75,75,75,75,75,75,75,75,75,75,75,75,75,75,75,75],"relics":["Ring of the Snake","Gambling Chip","Mercury Hourglass","Art of War","Snake Skull","Black Star","Enchiridion","Old Coin","Tingsha","Lantern","Gremlin Horn","Torii","Prayer Wheel","Sozu","Paper Crane","Red Mask","Mummified Hand","Matryoshka","Whetstone","Tiny Chest","Thread and Needle","The Specimen","Bag of Preparation","Vajra"],"card_choices":[{"not_picked":["Poisoned Stab","Slice"],"picked":"Noxious Fumes","floor":1},{"not_picked":["Blade Dance","Bane"],"picked":"Backstab","floor":7},{"not_picked":["Malaise","Bane"],"picked":"Prepared","floor":8},{"not_picked":["Footwork","Masterful Stab"],"picked":"Calculated Gamble","floor":10},{"not_picked":["Accuracy","Doppelganger"],"picked":"Blur","floor":13},{"not_picked":["Finisher","Underhanded Strike","Slice"],"picked":"SKIP","floor":14},{"not_picked":["Venomology","Tactician"],"picked":"Adrenaline","floor":16},{"not_picked":["PiercingWail+1","Reflex"],"picked":"Prepared+1","floor":18},{"not_picked":["PiercingWail","Distraction","Malaise"],"picked":"SKIP","floor":19},{"not_picked":["Flying Knee","Quick Slash+1","Prepared"],"picked":"SKIP","floor":24},{"not_picked":["Predator+1","Dagger Throw","Deflect"],"picked":"SKIP","floor":27},{"not_picked":["Slice+1","Cloak And Dagger+1"],"picked":"Footwork+1","floor":28},{"not_picked":["Blade Dance","All Out Attack"],"picked":"Backflip+1","floor":29},{"not_picked":["Flying Knee","Doppelganger"],"picked":"Poisoned Stab","floor":30},{"not_picked":["PiercingWail","Dagger Spray"],"picked":"Deflect+1","floor":30},{"not_picked":["Crippling Poison","Outmaneuver+1","Expertise"],"picked":"SKIP","floor":31},{"not_picked":["Underhanded Strike","Acrobatics+1","Dagger Throw"],"picked":"SKIP","floor":31},{"not_picked":["Phantasmal Killer","Glass Knife"],"picked":"Envenom","floor":33},{"not_picked":["Cloak And Dagger","Distraction"],"picked":"Dodge and Roll+1","floor":35},{"not_picked":["Acrobatics+1","Dodge and Roll","Caltrops+1"],"picked":"SKIP","floor":35},{"not_picked":["PiercingWail+1","Poisoned Stab"],"picked":"Deflect+1","floor":38},{"not_picked":["Sucker Punch+1","Backflip"],"picked":"Footwork","floor":38},{"not_picked":["Poisoned Stab+1","Crippling Poison+1"],"picked":"Catalyst+1","floor":40},{"not_picked":["PiercingWail+1","Sucker Punch+1"],"picked":"Catalyst+1","floor":41},{"not_picked":["Dodge and Roll","PiercingWail+1","Sucker Punch+1"],"picked":"SKIP","floor":41},{"not_picked":["Quick Slash","Bullet Time","Flying Knee+1"],"picked":"SKIP","floor":45},{"not_picked":["Cloak And Dagger","Poisoned Stab","Underhanded Strike"],"picked":"SKIP","floor":46},{"not_picked":["Slice+1","Dagger Spray","Catalyst+1"],"picked":"SKIP","floor":46},{"not_picked":["Accuracy+1","Escape Plan","Backflip+1"],"picked":"SKIP","floor":47},{"not_picked":["Eviscerate","Backflip+1"],"picked":"Prepared+1","floor":48},{"not_picked":["Prepared","Blade Dance","Expertise+1"],"picked":"SKIP","floor":48}],"player_experience":134861,"potions_floor_usage":[8,24,24,33,33,33,45],"damage_taken":[{"damage":0,"enemies":"2 Louse","floor":1,"turns":3},{"damage":13,"enemies":"3 Sentries","floor":7,"turns":8},{"damage":0,"enemies":"Small Slimes","floor":8,"turns":4},{"damage":24,"enemies":"Gremlin Nob","floor":10,"turns":5},{"damage":4,"enemies":"Lagavulin","floor":13,"turns":7},{"damage":0,"enemies":"Jaw Worm","floor":14,"turns":5},{"damage":9,"enemies":"The Guardian","floor":16,"turns":10},{"damage":0,"enemies":"Shell Parasite","floor":18,"turns":6},{"damage":7,"enemies":"3 Byrds","floor":19,"turns":4},{"damage":20,"enemies":"Gremlin Leader","floor":24,"turns":7},{"damage":3,"enemies":"Centurion and Healer","floor":27,"turns":6},{"damage":0,"enemies":"Snake Plant","floor":28,"turns":4},{"damage":0,"enemies":"Book of Stabbing","floor":29,"turns":6},{"damage":0,"enemies":"Chosen and Byrds","floor":30,"turns":5},{"damage":0,"enemies":"Snecko","floor":31,"turns":4},{"damage":0,"enemies":"Automaton","floor":33,"turns":8},{"damage":0,"enemies":"Orb Walker","floor":35,"turns":3},{"damage":16,"enemies":"3 Darklings","floor":38,"turns":3},{"damage":0,"enemies":"Giant Head","floor":40,"turns":10},{"damage":7,"enemies":"Sphere and 2 Shapes","floor":41,"turns":4},{"damage":2,"enemies":"2 Orb Walkers","floor":45,"turns":5},{"damage":0,"enemies":"4 Shapes","floor":46,"turns":4},{"damage":0,"enemies":"Giant Head","floor":47,"turns":7},{"damage":0,"enemies":"Maw","floor":48,"turns":3},{"damage":7,"enemies":"Donu and Deca","floor":50,"turns":7}],"relics_obtained":[{"floor":7,"key":"Gambling Chip"},{"floor":9,"key":"Mercury Hourglass"},{"floor":10,"key":"Art of War"},{"floor":13,"key":"Snake Skull"},{"floor":20,"key":"Enchiridion"},{"floor":24,"key":"Old Coin"},{"floor":24,"key":"Tingsha"},{"floor":26,"key":"Gremlin Horn"},{"floor":29,"key":"Torii"},{"floor":29,"key":"Prayer Wheel"},{"floor":40,"key":"Mummified Hand"},{"floor":40,"key":"Matryoshka"},{"floor":43,"key":"Whetstone"},{"floor":43,"key":"Tiny Chest"},{"floor":45,"key":"Thread and Needle"},{"floor":45,"key":"The Specimen"},{"floor":47,"key":"Bag of Preparation"},{"floor":47,"key":"Vajra"}],"event_choices":[{"event_name":"Big Fish","player_choice":"Donut","floor":3,"damage_taken":0},{"event_name":"Golden Wing","player_choice":"Card Removal","floor":4,"damage_taken":0},{"event_name":"The Cleric","player_choice":"Leave","floor":5,"damage_taken":0},{"event_name":"Cursed Tome","player_choice":"Obtained Book","floor":20,"damage_taken":0},{"event_name":"Drug Dealer","player_choice":"Ignored","floor":21,"damage_taken":0},{"event_name":"Upgrade Shrine","player_choice":"Upgraded","floor":22,"damage_taken":0},{"event_name":"Tomb of Lord Red Mask","player_choice":"Paid","floor":37,"damage_taken":0},{"event_name":"SensoryStone","player_choice":"Memory 1","floor":42,"damage_taken":0}],"boss_relics":[{"not_picked":["Tiny House","Cursed Key"],"picked":"Black Star"},{"not_picked":["Lizard Tail","Astrolabe"],"picked":"Sozu"}],"items_purged_floors":[2,11,25,36],"potions_floor_spawned":[7,8,16,19,27,31,33,45,46,47],"seed_played":"2759968729629710344","ascension_level":0,"potions_obtained":[{"floor":7,"key":"SkillPotion"},{"floor":8,"key":"Strength Potion"},{"floor":16,"key":"SkillPotion"},{"floor":19,"key":"Energy Potion"},{"floor":27,"key":"Swift Potion"},{"floor":31,"key":"SkillPotion"},{"floor":33,"key":"Block Potion"}],"is_trial":false}