{"gold_per_floor":[113,3,23,34,53,53,128,144,144,164,164],"floor_reached":11,"playtime":421,"items_purged":["Strike_R"],"score":107,"play_id":"1625994d-c1e4-49d6-94b4-317cb6bee817","local_time":"20190513002839","is_ascension_mode":true,"campfire_choices":[{"data":"Immolate","floor":6,"key":"SMITH"}],"neow_cost":"TEN_PERCENT_HP_LOSS","seed_source_timestamp":3754870328862600,"circlet_count":0,"master_deck":["AscendersBane","Strike_R","Strike_R","Strike_R","Strike_R","Defend_R","Defend_R","Defend_R","Defend_R","Bash","Immolate+1","Evolve","Feel No Pain","Seeing Red","Seeing Red","True Grit"],"relics":["Burning Blood","Question Card"],"potions_floor_usage":[10],"damage_taken":[{"damage":0,"enemies":"2 Louse","floor":1,"turns":1},{"damage":10,"enemies":"Cultist","floor":3,"turns":5},{"damage":0,"enemies":"Jaw Worm","floor":4,"turns":3},{"damage":6,"enemies":"Looter","floor":5,"turns":2},{"damage":19,"enemies":"Exordium Thugs","floor":8,"turns":4},{"damage":27,"enemies":"Lots of Slimes","floor":10,"turns":3},{"damage":29,"enemies":"Gremlin Nob","floor":11,"turns":4}],"seed_played":"-1218252322811058566","potions_obtained":[{"floor":3,"key":"PowerPotion"},{"floor":10,"key":"Ancient Potion"}],"is_trial":false,"path_per_floor":["M","$","M","M","M","R","?","M","T","M","E"],"character_chosen":"IRONCLAD","items_purchased":["Feel No Pain"],"campfire_rested":0,"item_purchase_floors":[2],"current_hp_per_floor":[72,72,68,72,72,72,65,52,52,31,2],"gold":164,"neow_bonus":"THREE_RARE_CARDS","is_prod":false,"is_daily":false,"chose_seed":false,"campfire_upgraded":1,"win_rate":0,"timestamp":1557700119,"path_taken":["M","$","M","M","M","R","?","M","T","?","E"],"build_version":"2019-01-23","purchased_purges":1,"victory":false,"max_hp_per_floor":[72,72,72,72,72,72,72,72,72,72,72],"card_choices":[{"not_picked":["Barricade","Fiend Fire"],"picked":"Immolate","floor":0},{"not_picked":["Armaments","Clothesline"],"picked":"Evolve","floor":1},{"not_picked":["Pummel","Anger","Reckless Charge"],"picked":"SKIP","floor":3},{"not_picked":["Iron Wave","Pommel Strike"],"picked":"Seeing Red","floor":4},{"not_picked":["Ghostly Armor","Anger"],"picked":"Seeing Red","floor":5},{"not_picked":["Rampage","Armaments","Fire Breathing"],"picked":"SKIP","floor":8},{"not_picked":["Twin Strike","Rampage","Flex"],"picked":"True Grit","floor":10}],"player_experience":533561,"relics_obtained":[{"floor":9,"key":"Question Card"}],"event_choices":[{"damage_healed":0,"gold_gain":75,"player_choice":"Touch","damage_taken":7,"max_hp_gain":0,"max_hp_loss":0,"event_name":"FaceTrader","floor":7,"gold_loss":0}],"is_beta":false,"boss_relics":[],"items_purged_floors":[2],"is_endless":false,"potions_floor_spawned":[3,10],"killed_by":"Gremlin Nob","ascension_level":12}