{"gold_per_floor":[111,36,47,63,78,78,153,153,179,43,43,96,114,114,114,114],"floor_reached":16,"playtime":592,"items_purged":["Strike_R","Defend_R"],"score":158,"play_id":"b33d195d-35c5-4591-8aaf-1474627cd577","local_time":"20190520132804","is_ascension_mode":true,"campfire_choices":[{"data":"Metallicize","floor":6,"key":"SMITH"},{"data":"Shrug It Off","floor":11,"key":"SMITH"},{"data":"Thunderclap","floor":15,"key":"SMITH"}],"neow_cost":"NONE","seed_source_timestamp":4406282987174518,"circlet_count":0,"master_deck":["AscendersBane","Strike_R","Strike_R","Strike_R+1","Defend_R","Defend_R","Defend_R","Bash","Metallicize+1","Shrug It Off+1","Shrug It Off+1","Battle Trance","Thunderclap+1"],"relics":["Burning Blood","Bag of Marbles","Anchor","Boot"],"potions_floor_usage":[16,16],"damage_taken":[{"damage":10,"enemies":"Cultist","floor":1,"turns":5},{"damage":8,"enemies":"Jaw Worm","floor":3,"turns":4},{"damage":4,"enemies":"2 Louse","floor":4,"turns":4},{"damage":5,"enemies":"Blue Slaver","floor":5,"turns":6},{"damage":1,"enemies":"Exordium Thugs","floor":13,"turns":4},{"damage":39,"enemies":"Slime Boss","floor":16,"turns":11}],"seed_played":"-4459055541009699320","potions_obtained":[{"floor":3,"key":"BloodPotion"},{"floor":5,"key":"Swift Potion"},{"floor":13,"key":"Fruit Juice"}],"is_trial":false,"path_per_floor":["M","$","M","M","M","R","?","?","T","$","R","T","M","?","R","B"],"character_chosen":"IRONCLAD","items_purchased":["Battle Trance"],"campfire_rested":0,"item_purchase_floors":[10],"current_hp_per_floor":[64,64,62,64,65,65,54,31,31,31,31,31,36,36,36,2],"gold":114,"neow_bonus":"REMOVE_CARD","is_prod":false,"is_daily":false,"chose_seed":false,"campfire_upgraded":3,"win_rate":0,"timestamp":1558351684,"path_taken":["M","$","M","M","?","R","?","?","T","$","R","?","?","?","R","BOSS"],"build_version":"2019-01-23","purchased_purges":2,"victory":false,"max_hp_per_floor":[75,75,75,75,75,75,75,75,75,75,75,75,75,75,75,80],"card_choices":[{"not_picked":["Body Slam","Clothesline","Anger"],"picked":"SKIP","floor":1},{"not_picked":["Searing Blow","Rage"],"picked":"Metallicize","floor":3},{"not_picked":["Spot Weakness","Twin Strike"],"picked":"Shrug It Off","floor":4},{"not_picked":["Wild Strike","Flame Barrier"],"picked":"Shrug It Off","floor":5},{"not_picked":["Feel No Pain","Havoc"],"picked":"Thunderclap","floor":13}],"player_experience":571463,"relics_obtained":[{"floor":9,"key":"Bag of Marbles"},{"floor":12,"key":"Anchor"}],"event_choices":[{"damage_healed":0,"gold_gain":75,"player_choice":"Gather Gold","damage_taken":11,"max_hp_gain":0,"max_hp_loss":0,"event_name":"World of Goop","floor":7,"gold_loss":0},{"damage_healed":0,"gold_gain":0,"player_choice":"Entered Light","damage_taken":23,"max_hp_gain":0,"max_hp_loss":0,"event_name":"Shining Light","floor":8,"gold_loss":0,"cards_upgraded":["Shrug It Off","Strike_R"]},{"damage_healed":0,"gold_gain":0,"player_choice":"Searched \u00271\u0027 times","damage_taken":0,"relics_obtained":["Boot"],"max_hp_gain":0,"max_hp_loss":0,"event_name":"Dead Adventurer","floor":14,"gold_loss":0}],"is_beta":false,"boss_relics":[],"items_purged_floors":[2,10],"is_endless":false,"potions_floor_spawned":[3,5,13],"killed_by":"Slime Boss","ascension_level":15}