{"gold_per_floor":[10,10,26,41,41,41,55,55,55,75,75,75,75,36,36,141,141,161,161,161,175,141,141,156,156,179,179,189,206,220,232,232,232],"floor_reached":33,"playtime":1951,"items_purged":[],"score":324,"play_id":"182811f2-60e6-475f-b622-04db0ce49e9d","local_time":"20190220192656","is_ascension_mode":true,"campfire_choices":[{"data":"1","floor":6,"key":"LIFT"},{"data":"2","floor":8,"key":"LIFT"},{"data":"3","floor":11,"key":"LIFT"},{"data":"Crippling Poison","floor":13,"key":"SMITH"},{"data":"Choke","floor":15,"key":"SMITH"},{"floor":23,"key":"REST"},{"data":"Bullet Time","floor":25,"key":"SMITH"},{"floor":32,"key":"REST"}],"neow_cost":"NO_GOLD","seed_source_timestamp":175847652100300,"circlet_count":0,"master_deck":["Defend_G","Defend_G","Defend_G","Defend_G","Defend_G","Survivor","Neutralize","Sucker Punch","Crippling Poison+1","Dodge and Roll","Terror","Dagger Spray","Concentrate","Choke+1","Bullet Time+1","Dodge and Roll+1","Bite","Bite","Bite","Bite","Bite","Blur","Well Laid Plans+1","Quick Slash+1","Writhe","Endless Agony+1","Tactician","After Image+1","Setup"],"relics":["Ring of the Serpent","Girya","Nunchaku","Frozen Egg 2","Strawberry","Bronze Scales"],"potions_floor_usage":[16,16,21,24,31,33],"damage_taken":[{"damage":1,"enemies":"Cultist","floor":1,"turns":5},{"damage":0,"enemies":"Small Slimes","floor":3,"turns":3},{"damage":2,"enemies":"2 Louse","floor":4,"turns":3},{"damage":0,"enemies":"2 Fungi Beasts","floor":7,"turns":4},{"damage":4,"enemies":"Looter","floor":10,"turns":4},{"damage":27,"enemies":"The Guardian","floor":16,"turns":13},{"damage":6,"enemies":"Shell Parasite","floor":18,"turns":4},{"damage":16,"enemies":"Spheric Guardian","floor":21,"turns":4},{"damage":6,"enemies":"Chosen and Byrds","floor":24,"turns":5},{"damage":0,"enemies":"Snecko","floor":28,"turns":4},{"damage":11,"enemies":"3 Cultists","floor":29,"turns":4},{"damage":12,"enemies":"Centurion and Healer","floor":30,"turns":5},{"damage":10,"enemies":"Shelled Parasite and Fungi","floor":31,"turns":4},{"damage":73,"enemies":"Champ","floor":33,"turns":12}],"seed_played":"-5453379606017754811","potions_obtained":[{"floor":1,"key":"SkillPotion"},{"floor":3,"key":"Regen Potion"},{"floor":10,"key":"SpeedPotion"},{"floor":16,"key":"Energy Potion"},{"floor":21,"key":"Strength Potion"},{"floor":30,"key":"Explosive Potion"},{"floor":31,"key":"Ancient Potion"}],"is_trial":false,"path_per_floor":["M","$","M","M","?","R","M","R","T","M","R","?","R","$","R","B",null,"M","?","?","M","$","R","M","R","T","?","M","M","M","M","R","B"],"character_chosen":"THE_SILENT","items_purchased":["Choke","Well Laid Plans+1"],"campfire_rested":2,"item_purchase_floors":[14,22],"current_hp_per_floor":[69,69,69,67,60,60,60,60,60,56,56,56,56,56,56,44,64,58,58,49,35,35,49,44,44,51,51,56,47,45,41,56,0],"gold":232,"neow_bonus":"ONE_RARE_RELIC","is_prod":false,"is_daily":false,"chose_seed":false,"campfire_upgraded":3,"win_rate":0,"timestamp":1550708816,"path_taken":["M","$","?","M","?","R","M","R","T","M","R","?","R","$","R","BOSS","M","?","?","M","$","R","M","R","T","?","M","M","?","M","R","BOSS"],"build_version":"2019-01-23","purchased_purges":0,"victory":false,"max_hp_per_floor":[70,70,70,70,70,70,70,70,70,70,70,70,70,70,70,70,70,70,70,49,49,49,49,49,49,56,56,56,56,56,56,56,56],"card_choices":[{"not_picked":["Heel Hook","Slice"],"picked":"Sucker Punch","floor":1},{"not_picked":["Endless Agony","Reflex"],"picked":"Crippling Poison","floor":3},{"not_picked":["Backflip","Caltrops"],"picked":"Dodge and Roll","floor":4},{"not_picked":["Blur","Predator"],"picked":"Terror","floor":7},{"not_picked":["Cloak And Dagger","Backflip"],"picked":"Dagger Spray","floor":10},{"not_picked":["Storm of Steel","Malaise"],"picked":"Bullet Time","floor":16},{"not_picked":["Prepared","Cloak And Dagger"],"picked":"Dodge and Roll+1","floor":18},{"not_picked":["Deflect","PiercingWail"],"picked":"Blur","floor":21},{"not_picked":["Backflip","Leg Sweep"],"picked":"Quick Slash+1","floor":24},{"not_picked":["Underhanded Strike","All Out Attack"],"picked":"Endless Agony+1","floor":28},{"not_picked":["All Out Attack","Flying Knee"],"picked":"Tactician","floor":29},{"not_picked":["Masterful Stab","Dagger Throw"],"picked":"After Image+1","floor":30},{"not_picked":["Flying Knee","Deflect"],"picked":"Setup","floor":31}],"player_experience":2194980,"relics_obtained":[{"floor":9,"key":"Frozen Egg 2"},{"floor":26,"key":"Strawberry"}],"event_choices":[{"damage_healed":0,"gold_gain":0,"player_choice":"Success","damage_taken":7,"relics_obtained":["Nunchaku"],"max_hp_gain":0,"max_hp_loss":0,"event_name":"Scrap Ooze","floor":5,"gold_loss":0},{"damage_healed":0,"gold_gain":0,"cards_transformed":["Strike_G"],"player_choice":"Change","damage_taken":0,"max_hp_gain":0,"max_hp_loss":0,"event_name":"Living Wall","floor":12,"gold_loss":0,"cards_obtained":["Concentrate"]},{"damage_healed":0,"gold_gain":0,"player_choice":"Ignored","damage_taken":0,"max_hp_gain":0,"max_hp_loss":0,"event_name":"Ghosts","floor":19,"gold_loss":0},{"damage_healed":0,"gold_gain":0,"player_choice":"Became a vampire","damage_taken":0,"max_hp_gain":0,"max_hp_loss":21,"event_name":"Vampires","floor":20,"gold_loss":0,"cards_obtained":["Bite","Bite","Bite","Bite","Bite"]},{"damage_healed":0,"gold_gain":0,"player_choice":"Opened","damage_taken":0,"relics_obtained":["Bronze Scales"],"max_hp_gain":0,"max_hp_loss":0,"event_name":"The Mausoleum","floor":27,"gold_loss":0,"cards_obtained":["Writhe"]}],"is_beta":false,"boss_relics":[{"not_picked":["Fusion Hammer","Empty Cage"],"picked":"Ring of the Serpent"}],"items_purged_floors":[],"is_endless":false,"potions_floor_spawned":[1,3,10,16,21,30,31],"killed_by":"Champ","ascension_level":5}