{"path_per_floor":["M","M","?","?","M","R","M","M","T","$","M","$","R","M","R","B",null,"M","$","M","M","$","R","M","M","T","R","M","$","M","M","R","B",null,"M","?"],"character_chosen":"THE_SILENT","items_purchased":["Backstab","Finisher"],"gold_per_floor":[115,132,132,132,148,148,173,187,234,159,183,47,47,60,60,185,185,198,73,98,123,123,123,147,171,171,171,190,116,130,144,144,267,267,281,281,281],"floor_reached":37,"campfire_rested":1,"playtime":3666,"item_purchase_floors":[12,29],"current_hp_per_floor":[70,69,69,69,69,69,62,62,62,62,62,62,62,62,62,4,70,70,70,70,63,63,63,61,49,59,80,78,78,53,53,53,28,80,79,79,0],"items_purged":["Injury","Defend_G","Strike_G"],"gold":281,"score":367,"play_id":"77d2d722-1b8b-44cc-bf3d-38bc1e73ccf1","local_time":"20180530180017","is_prod":false,"is_daily":false,"chose_seed":false,"is_ascension_mode":false,"campfire_upgraded":5,"win_rate":0.0,"timestamp":1527696017,"campfire_choices":[{"data":"Backstab","floor":6,"key":"SMITH"},{"data":"Night Terror","floor":13,"key":"SMITH"},{"data":"Backstab","floor":15,"key":"SMITH"},{"data":"Tools of the Trade","floor":23,"key":"SMITH"},{"floor":27,"key":"REST"},{"data":"Infinite Blades","floor":32,"key":"SMITH"}],"path_taken":["M","M","?","?","M","R","M","?","T","$","M","?","R","M","R","BOSS","M","$","M","M","$","R","M","M","T","R","M","?","?","M","R","BOSS","M","?","BOSS"],"build_version":"2018-05-24","seed_source_timestamp":1192670216122210,"purchased_purges":3,"victory":false,"master_deck":["Defend_G","Defend_G","Defend_G","Strike_G","Strike_G","Strike_G","Strike_G","Survivor","Neutralize","Dagger Spray","Leg Sweep","Prepared","Backstab+1","Night Terror+1","Acrobatics","Underhanded Strike","Backstab+1","Tools of the Trade+1","Endless Agony","Underhanded Strike+1","Infinite Blades","Finisher","Infinite Blades+1","Finisher","Phantasmal Killer","Choke"],"max_hp_per_floor":[70,70,70,70,70,70,70,70,70,70,70,70,70,70,70,70,70,70,70,70,70,70,70,70,70,80,80,80,80,80,80,80,80,80,80,80,80],"relics":["Ring of the Snake","Golden Idol","Anchor","Lizard Tail","Pear","White Beast Statue"],"card_choices":[{"not_picked":["Quick Slash","Deadly Poison"],"picked":"Dagger Spray","floor":1},{"not_picked":["Dodge and Roll","Predator"],"picked":"Leg Sweep","floor":2},{"not_picked":["Deflect","Slice"],"picked":"Backstab","floor":5},{"not_picked":["Dodge and Roll","Deflect"],"picked":"Night Terror","floor":7},{"not_picked":["Poisoned Stab","Deflect"],"picked":"Acrobatics","floor":8},{"not_picked":["Poisoned Stab","Dash"],"picked":"Underhanded Strike","floor":11},{"not_picked":["Terror","Slice","Sucker Punch"],"picked":"SKIP","floor":14},{"not_picked":["Bullet Time","Glass Knife"],"picked":"Tools of the Trade","floor":16},{"not_picked":["PiercingWail+1","Skewer+1","Quick Slash"],"picked":"SKIP","floor":18},{"not_picked":["Poisoned Stab","Outmaneuver","Flying Knee"],"picked":"SKIP","floor":20},{"not_picked":["Calculated Gamble","Backflip","Outmaneuver"],"picked":"SKIP","floor":21},{"not_picked":["Dagger Spray+1","Riddle With Holes"],"picked":"Endless Agony","floor":24},{"not_picked":["Tools of the Trade","Leg Sweep"],"picked":"Underhanded Strike+1","floor":25},{"not_picked":["Dash","Deadly Poison"],"picked":"Infinite Blades","floor":28},{"not_picked":["Flying Knee","Prepared"],"picked":"Infinite Blades","floor":30},{"not_picked":["Malaise","Dagger Spray"],"picked":"Finisher","floor":31},{"not_picked":["Tools of the Trade","Venomology"],"picked":"Phantasmal Killer","floor":33},{"not_picked":["Terror","Acrobatics"],"picked":"Choke","floor":35}],"player_experience":97065,"potions_floor_usage":[16,16,16,30,33,33,33,37,37],"damage_taken":[{"damage":0,"enemies":"2 Louse","floor":1,"turns":5},{"damage":1,"enemies":"Jaw Worm","floor":2,"turns":6},{"damage":0,"enemies":"Small Slimes","floor":5,"turns":4},{"damage":7,"enemies":"Exordium Thugs","floor":7,"turns":6},{"damage":0,"enemies":"Lots of Slimes","floor":8,"turns":3},{"damage":0,"enemies":"Looter","floor":11,"turns":2},{"damage":0,"enemies":"2 Fungi Beasts","floor":14,"turns":2},{"damage":58,"enemies":"The Guardian","floor":16,"turns":19},{"damage":0,"enemies":"3 Byrds","floor":18,"turns":5},{"damage":0,"enemies":"Shell Parasite","floor":20,"turns":6},{"damage":7,"enemies":"Snecko","floor":21,"turns":4},{"damage":2,"enemies":"3 Cultists","floor":24,"turns":4},{"damage":12,"enemies":"Snake Plant","floor":25,"turns":8},{"damage":2,"enemies":"Snecko","floor":28,"turns":3},{"damage":25,"enemies":"3 Cultists","floor":30,"turns":5},{"damage":0,"enemies":"Sentry and Sphere","floor":31,"turns":3},{"damage":66,"enemies":"Champ","floor":33,"turns":10},{"damage":1,"enemies":"Orb Walker","floor":35,"turns":3},{"damage":90,"enemies":"Awakened One","floor":37,"turns":4}],"relics_obtained":[{"floor":9,"key":"Anchor"},{"floor":26,"key":"Pear"}],"event_choices":[{"event_name":"Living Wall","player_choice":"Change","floor":3,"damage_taken":0},{"event_name":"Golden Idol","player_choice":"Take Wound","floor":4,"damage_taken":0},{"event_name":"SecretPortal","player_choice":"Took Portal.","floor":36,"damage_taken":0}],"boss_relics":[{"not_picked":["Cursed Key","Runic Pyramid"],"picked":"Lizard Tail"},{"not_picked":["Black Star","Tiny House"],"picked":"White Beast Statue"}],"items_purged_floors":[10,12,19],"potions_floor_spawned":[2,8,11,16,20,25,30,33,35],"seed_played":"-7416290838064016632","killed_by":"Awakened One","ascension_level":0,"potions_obtained":[{"floor":2,"key":"SpeedPotion"},{"floor":8,"key":"Energy Potion"},{"floor":11,"key":"Strength Potion"},{"floor":16,"key":"PowerPotion"},{"floor":20,"key":"Strength Potion"},{"floor":25,"key":"SpeedPotion"},{"floor":30,"key":"SkillPotion"},{"floor":33,"key":"Weak Potion"},{"floor":35,"key":"FearPotion"}],"is_trial":false}