{"path_per_floor":["M","M","$","?","M","R","M","R","T","E","M","M","M","M","R","B",null,"M","?","?","M","?","R","E","M","T","E","R","E","M","$","R"],"character_chosen":"THE_SILENT","items_purchased":["Underhanded Strike","Letter Opener"],"gold_per_floor":[116,127,26,26,38,38,51,51,78,111,124,139,149,163,163,267,267,285,318,318,329,329,329,363,373,398,427,427,456,467,116,116,116],"floor_reached":33,"campfire_rested":0,"playtime":2433,"item_purchase_floors":[3,31],"current_hp_per_floor":[70,70,70,75,74,74,59,59,59,42,42,42,41,41,41,32,75,75,75,75,75,75,75,75,63,63,58,58,56,56,56,56,0],"items_purged":["Strike_G","Bouncing Flask"],"gold":116,"score":392,"play_id":"06c00757-1fcb-4ebf-ab40-7cc2e41a0bca","local_time":"20180602015511","is_prod":false,"is_daily":false,"chose_seed":false,"is_ascension_mode":true,"campfire_upgraded":6,"win_rate":0,"timestamp":1527897311,"campfire_choices":[{"data":"Tools of the Trade","floor":6,"key":"SMITH"},{"data":"Neutralize","floor":8,"key":"SMITH"},{"data":"Phantasmal Killer","floor":15,"key":"SMITH"},{"data":"Expertise","floor":23,"key":"SMITH"},{"data":"Terror","floor":28,"key":"SMITH"},{"data":"Wraith Form v2","floor":32,"key":"SMITH"}],"path_taken":["M","M","$","?","M","R","M","R","T","E","M","M","?","M","R","BOSS","M","?","?","?","?","R","E","M","T","E","R","E","M","$","R","BOSS"],"build_version":"2018-05-31","seed_source_timestamp":1395196661975294,"purchased_purges":2,"victory":false,"master_deck":["Survivor","Neutralize+1","Tools of the Trade+1","All Out Attack","Flying Knee","Underhanded Strike","Deflect","Terror+1","Underhanded Strike","Dagger Spray","Phantasmal Killer+1","Die Die Die","Backflip","Acrobatics","Deflect","Outmaneuver","Underhanded Strike","Dash","Expertise+1","Prepared","Prepared+1","Wraith Form v2+1","Dagger Spray","Underhanded Strike","Backflip","Slice+1"],"max_hp_per_floor":[70,70,70,75,75,75,75,75,75,75,75,75,75,75,75,75,75,75,75,75,75,75,75,75,75,75,75,75,75,75,75,75,75],"relics":["Ring of the Snake","Lantern","Snake Skull","Pandora\u0027s Box","Red Mask","Dead Branch","Dream Catcher","Mummified Hand","Boot","Letter Opener"],"card_choices":[{"not_picked":["Dash","Terror"],"picked":"All Out Attack","floor":1},{"not_picked":["Poisoned Stab","Sucker Punch"],"picked":"Flying Knee","floor":2},{"not_picked":["Dash","Slice"],"picked":"Deflect","floor":5},{"not_picked":["Cloak And Dagger","Bane","Deadly Poison"],"picked":"SKIP","floor":7},{"not_picked":["Sucker Punch","Accuracy"],"picked":"Terror","floor":10},{"not_picked":["Leg Sweep","Terror"],"picked":"Underhanded Strike","floor":11},{"not_picked":["Outmaneuver","Accuracy"],"picked":"Dagger Spray","floor":12},{"not_picked":["Deflect","Well Laid Plans"],"picked":"Phantasmal Killer","floor":13},{"not_picked":["Bane","PiercingWail","Dash"],"picked":"SKIP","floor":14},{"not_picked":["Burst","Storm of Steel"],"picked":"Die Die Die","floor":16},{"not_picked":["Expertise","Deadly Poison"],"picked":"Prepared","floor":18},{"not_picked":["Catalyst","Backflip"],"picked":"Prepared+1","floor":19},{"not_picked":["Bane","Noxious Fumes"],"picked":"Dagger Spray","floor":21},{"not_picked":["Cloak And Dagger","Sucker Punch"],"picked":"Underhanded Strike","floor":24},{"not_picked":["Poisoned Stab+1","PiercingWail","Sucker Punch"],"picked":"SKIP","floor":25},{"not_picked":["Prepared+1","Bullet Time","Quick Slash"],"picked":"SKIP","floor":27},{"not_picked":["Outmaneuver+1","Bane"],"picked":"Backflip","floor":29},{"not_picked":["Cloak And Dagger","Prepared"],"picked":"Slice+1","floor":30}],"player_experience":176223,"potions_floor_usage":[7,13,13,18,29,33,33],"damage_taken":[{"damage":0,"enemies":"Jaw Worm","floor":1,"turns":5},{"damage":0,"enemies":"Small Slimes","floor":2,"turns":3},{"damage":1,"enemies":"Cultist","floor":5,"turns":3},{"damage":15,"enemies":"Lots of Slimes","floor":7,"turns":3},{"damage":17,"enemies":"Lagavulin","floor":10,"turns":8},{"damage":0,"enemies":"3 Louse","floor":11,"turns":2},{"damage":0,"enemies":"Large Slime","floor":12,"turns":4},{"damage":1,"enemies":"2 Fungi Beasts","floor":13,"turns":3},{"damage":0,"enemies":"Lots of Slimes","floor":14,"turns":3},{"damage":9,"enemies":"Slime Boss","floor":16,"turns":6},{"damage":0,"enemies":"2 Thieves","floor":18,"turns":2},{"damage":0,"enemies":"Masked Bandits","floor":19,"turns":2},{"damage":0,"enemies":"3 Byrds","floor":21,"turns":2},{"damage":0,"enemies":"Gremlin Leader","floor":24,"turns":3},{"damage":12,"enemies":"Centurion and Healer","floor":25,"turns":6},{"damage":5,"enemies":"Book of Stabbing","floor":27,"turns":5},{"damage":2,"enemies":"Slavers","floor":29,"turns":4},{"damage":0,"enemies":"3 Cultists","floor":30,"turns":2},{"damage":66,"enemies":"Champ","floor":33,"turns":6}],"relics_obtained":[{"floor":9,"key":"Lantern"},{"floor":10,"key":"Snake Skull"},{"floor":19,"key":"Red Mask"},{"floor":24,"key":"Dead Branch"},{"floor":26,"key":"Dream Catcher"},{"floor":27,"key":"Mummified Hand"},{"floor":29,"key":"Boot"}],"event_choices":[{"event_name":"Big Fish","player_choice":"Donut","floor":4,"damage_taken":0},{"event_name":"Masked Bandits","player_choice":"Fought over 285 gold","floor":19,"damage_taken":0},{"event_name":"Transmorgrifier","player_choice":"Transform","floor":20,"damage_taken":0},{"event_name":"Vampires","player_choice":"Ignored","floor":22,"damage_taken":0}],"boss_relics":[{"not_picked":["Lizard Tail","Runic Dome"],"picked":"Pandora\u0027s Box"}],"items_purged_floors":[3,31],"potions_floor_spawned":[1,5,10,12,13,14,18,21,29],"seed_played":"-8768020993924835557","killed_by":"Champ","ascension_level":2,"potions_obtained":[{"floor":1,"key":"Weak Potion"},{"floor":5,"key":"LiquidBronze"},{"floor":10,"key":"Swift Potion"},{"floor":12,"key":"GhostInAJar"},{"floor":13,"key":"Fire Potion"},{"floor":14,"key":"Dexterity Potion"},{"floor":18,"key":"AttackPotion"},{"floor":29,"key":"SkillPotion"}],"is_trial":false}