{"gold_per_floor":[113,113,63,16,91,91,53,69,69,82,82,96,21,41,41,41],"floor_reached":16,"playtime":652,"items_purged":["Defend_R"],"score":117,"play_id":"5cefa6b1-2d0c-4321-9a29-bbcf4a625d32","local_time":"20181007175348","is_ascension_mode":true,"campfire_choices":[{"data":"Armaments","floor":6,"key":"SMITH"},{"data":"Entrench","floor":11,"key":"SMITH"},{"data":"Flex","floor":15,"key":"SMITH"}],"neow_cost":"NONE","seed_source_timestamp":11073175367650,"circlet_count":0,"master_deck":["Strike_R","Strike_R","Strike_R","Defend_R","Defend_R","Defend_R","Bash+1","Burning Pact","Armaments+1","Evolve","Ghostly Armor","Entrench+1","Flex+1","Pommel Strike"],"relics":["Burning Blood","Dream Catcher"],"potions_floor_usage":[16],"damage_taken":[{"damage":2,"enemies":"2 Louse","floor":1,"turns":3},{"damage":2,"enemies":"Jaw Worm","floor":8,"turns":4},{"damage":1,"enemies":"Small Slimes","floor":10,"turns":4},{"damage":0,"enemies":"Exordium Wildlife","floor":12,"turns":5},{"damage":21,"enemies":"Large Slime","floor":14,"turns":9},{"damage":70,"enemies":"The Guardian","floor":16,"turns":13}],"seed_played":"-6198963996263915550","potions_obtained":[{"floor":8,"key":"Explosive Potion"},{"floor":14,"key":"GamblersBrew"}],"is_trial":false,"path_per_floor":["M","?","?","$","?","R","$","M","T","M","R","M","$","M","R"],"character_chosen":"IRONCLAD","items_purchased":["Armaments","Evolve"],"campfire_rested":0,"item_purchase_floors":[4,7],"current_hp_per_floor":[76,69,69,69,61,61,61,65,65,70,70,76,76,61,61,0],"gold":41,"neow_bonus":"UPGRADE_CARD","is_prod":false,"is_daily":false,"chose_seed":false,"campfire_upgraded":3,"win_rate":0,"timestamp":1538949228,"path_taken":["M","?","?","$","?","R","$","?","T","M","R","M","$","M","R","BOSS"],"build_version":"2018-10-04v2","purchased_purges":1,"victory":false,"max_hp_per_floor":[80,80,80,80,80,80,80,80,80,80,80,80,80,80,80,80],"card_choices":[{"not_picked":["True Grit","Thunderclap"],"picked":"Burning Pact","floor":1},{"not_picked":["Clash","True Grit"],"picked":"Ghostly Armor","floor":8},{"not_picked":["Warcry","Searing Blow"],"picked":"Entrench","floor":10},{"not_picked":["Iron Wave","Heavy Blade"],"picked":"Flex","floor":12},{"not_picked":["Pummel","Brutality"],"picked":"Pommel Strike","floor":14}],"player_experience":1215243,"relics_obtained":[{"floor":9,"key":"Dream Catcher"}],"event_choices":[{"event_name":"Golden Wing","player_choice":"Card Removal","floor":2,"damage_taken":0},{"event_name":"The Cleric","player_choice":"Card Removal","floor":3,"damage_taken":0},{"event_name":"FaceTrader","player_choice":"Touch","floor":5,"damage_taken":0}],"is_beta":false,"boss_relics":[],"items_purged_floors":[13],"is_endless":false,"potions_floor_spawned":[8,14],"killed_by":"The Guardian","ascension_level":6}