{"gold_per_floor":[111,36,48,48,68,68,104,125,125,125,46,11,30,43,43,166,166,189,189,189,202,20,20,59,59],"floor_reached":25,"playtime":1731,"items_purged":["Strike_B","Injury"],"score":232,"play_id":"4c6bb889-14ce-4861-ac66-70935b28f0aa","local_time":"20181130215647","is_ascension_mode":true,"campfire_choices":[{"floor":6,"key":"RECALL"},{"floor":15,"key":"REST"},{"data":"Jack Of All Trades","floor":23,"key":"SMITH"}],"neow_cost":"NONE","seed_source_timestamp":108750281795096,"circlet_count":0,"master_deck":["Strike_B","Defend_B+1","Defend_B","Zap","Dualcast","Capacitor","Cold Snap","Melter","Coolheaded+1","Fusion","Genetic Algorithm","Compile Driver","Echo Form","Tempest+1","Hello World+1","Rebound+1","Hologram","Scrape","Jack Of All Trades+1","Blizzard+1"],"relics":["Cracked Core","Golden Idol","Regal Pillow","Astrolabe","Calipers"],"potions_floor_usage":[7,16,18,24],"damage_taken":[{"damage":0,"enemies":"Small Slimes","floor":1,"turns":3},{"damage":6,"enemies":"Jaw Worm","floor":3,"turns":2},{"damage":9,"enemies":"2 Louse","floor":5,"turns":3},{"damage":15,"enemies":"3 Sentries","floor":7,"turns":13},{"damage":14,"enemies":"Blue Slaver","floor":8,"turns":4},{"damage":15,"enemies":"Lots of Slimes","floor":13,"turns":5},{"damage":11,"enemies":"Red Slaver","floor":14,"turns":4},{"damage":12,"enemies":"The Guardian","floor":16,"turns":13},{"damage":33,"enemies":"3 Byrds","floor":18,"turns":6},{"damage":20,"enemies":"Spheric Guardian","floor":21,"turns":4},{"damage":60,"enemies":"Slavers","floor":24,"turns":5},{"damage":26,"enemies":"Snecko","floor":25,"turns":3}],"seed_played":"-658972852155896663","potions_obtained":[{"floor":1,"key":"Dexterity Potion"},{"floor":13,"key":"Fire Potion"},{"floor":16,"key":"Fruit Juice"},{"floor":21,"key":"Regen Potion"}],"is_trial":false,"path_per_floor":["M","$","M","?","M","R","E","M","T","?","$","?","M","M","R","B",null,"M","?","?","M","$","R","E","M"],"character_chosen":"DEFECT","items_purchased":["Fusion","Jack Of All Trades"],"campfire_rested":1,"item_purchase_floors":[11,22],"current_hp_per_floor":[75,75,69,69,60,60,45,31,31,16,16,34,19,8,45,33,75,47,47,80,60,60,60,12,0],"gold":59,"neow_bonus":"REMOVE_CARD","is_prod":false,"is_daily":false,"chose_seed":false,"campfire_upgraded":1,"win_rate":0,"timestamp":1543633007,"path_taken":["M","$","M","?","M","R","E","M","T","?","?","?","M","M","R","BOSS","M","?","?","?","?","R","E","?"],"build_version":"2018-11-15","purchased_purges":2,"victory":false,"max_hp_per_floor":[75,75,75,75,75,75,75,75,75,75,75,75,75,75,75,75,75,80,80,80,80,80,80,80,80],"card_choices":[{"not_picked":["Double Energy","Rebound"],"picked":"Lockon","floor":1},{"not_picked":["Steam","Gash"],"picked":"Capacitor","floor":3},{"not_picked":["Darkness","Sweeping Beam"],"picked":"Cold Snap","floor":5},{"not_picked":["Redo","Conserve Battery"],"picked":"Melter","floor":7},{"not_picked":["Redo","Turbo"],"picked":"Coolheaded","floor":8},{"not_picked":["Beam Cell","Compile Driver"],"picked":"Genetic Algorithm","floor":13},{"not_picked":["Recycle","Reprogram"],"picked":"Compile Driver","floor":14},{"not_picked":["Buffer","Seek"],"picked":"Echo Form","floor":16},{"not_picked":["Coolheaded","Steam Power"],"picked":"Hologram","floor":18},{"not_picked":["Hologram","Leap"],"picked":"Scrape","floor":21},{"not_picked":["Leap+1","Compile Driver"],"picked":"Blizzard+1","floor":24}],"player_experience":66297,"relics_obtained":[{"floor":7,"key":"Regal Pillow"},{"floor":24,"key":"Calipers"}],"event_choices":[{"damage_healed":0,"gold_gain":0,"player_choice":"Take Wound","damage_taken":0,"relics_obtained":["Golden Idol"],"max_hp_gain":0,"max_hp_loss":0,"event_name":"Golden Idol","floor":4,"gold_loss":0,"cards_obtained":["Injury"]},{"damage_healed":0,"gold_gain":0,"player_choice":"Entered Light","damage_taken":15,"max_hp_gain":0,"max_hp_loss":0,"event_name":"Shining Light","floor":10,"gold_loss":0,"cards_upgraded":["Defend_B","Coolheaded"]},{"damage_healed":18,"gold_gain":0,"player_choice":"Healed","damage_taken":0,"max_hp_gain":0,"max_hp_loss":0,"event_name":"The Cleric","floor":12,"gold_loss":35},{"damage_healed":0,"gold_gain":0,"player_choice":"Ignored","damage_taken":0,"max_hp_gain":0,"max_hp_loss":0,"event_name":"Ghosts","floor":19,"gold_loss":0},{"cards_removed":["Lockon"],"damage_healed":33,"gold_gain":0,"player_choice":"Offered Uncommon","damage_taken":0,"max_hp_gain":0,"max_hp_loss":0,"event_name":"Bonfire Elementals","floor":20,"gold_loss":0}],"is_beta":false,"boss_relics":[{"not_picked":["Calling Bell","Busted Crown"],"picked":"Astrolabe"}],"items_purged_floors":[2,22],"is_endless":false,"potions_floor_spawned":[1,13,16,21],"killed_by":"Snecko","ascension_level":1}