{"gold_per_floor":[114,114,114,132,148,183,47,63,139,139,165,181,181,201,201,296,296,310,310,235,245,265,265,28,39,96,17,17,17,17,27,27,27],"floor_reached":33,"playtime":2011,"items_purged":["Strike_G"],"score":353,"play_id":"defe53dd-3004-480f-83dd-05006dc85359","local_time":"20180916021047","is_ascension_mode":true,"campfire_choices":[{"floor":10,"key":"REST"},{"data":"Footwork","floor":15,"key":"SMITH"},{"floor":23,"key":"REST"},{"floor":30,"key":"REST"},{"floor":32,"key":"REST"}],"neow_cost":"TEN_PERCENT_HP_LOSS","seed_source_timestamp":10289679158989,"circlet_count":0,"master_deck":["Defend_G","Defend_G","Defend_G","Defend_G","Defend_G","Strike_G","Strike_G","Survivor","Neutralize","Burst","Dodge and Roll","Neutralize+1","Quick Slash+1","Footwork+1","PiercingWail","Bouncing Flask","Die Die Die+1","PiercingWail","Dagger Throw+1","Flying Knee+1","Heel Hook+1","Corpse Explosion","Outmaneuver","Noxious Fumes","Backflip+1","Bane+1","Adrenaline","Bouncing Flask","Footwork","Adrenaline"],"relics":["Ring of the Snake","Sundial","Molten Egg 2","Matryoshka","Whetstone","Black Star","Tiny Chest","Vajra","Strawberry","Ginger","Darkstone Periapt"],"potions_floor_usage":[6,18,31],"damage_taken":[{"damage":3,"enemies":"Jaw Worm","floor":1,"turns":6},{"damage":2,"enemies":"Cultist","floor":4,"turns":4},{"damage":0,"enemies":"2 Louse","floor":5,"turns":4},{"damage":12,"enemies":"Lagavulin","floor":6,"turns":13},{"damage":0,"enemies":"Exordium Thugs","floor":8,"turns":4},{"damage":20,"enemies":"3 Sentries","floor":11,"turns":6},{"damage":0,"enemies":"Gremlin Gang","floor":12,"turns":2},{"damage":1,"enemies":"Red Slaver","floor":14,"turns":3},{"damage":0,"enemies":"Hexaghost","floor":16,"turns":8},{"damage":9,"enemies":"Shell Parasite","floor":18,"turns":2},{"damage":1,"enemies":"3 Byrds","floor":21,"turns":2},{"damage":38,"enemies":"Shelled Parasite and Fungi","floor":22,"turns":7},{"damage":17,"enemies":"Cultist and Chosen","floor":25,"turns":7},{"damage":11,"enemies":"Centurion and Healer","floor":31,"turns":5},{"damage":58,"enemies":"Automaton","floor":33,"turns":10}],"seed_played":"2266045363918449625","potions_obtained":[{"floor":1,"key":"Strength Potion"},{"floor":12,"key":"SkillPotion"},{"floor":25,"key":"Swift Potion"}],"is_trial":false,"path_per_floor":["M","?","T","M","M","E","$","M","T","R","E","M","?","M","R","B",null,"M","?","?","M","M","R","$","M","T","$","T","?","R","M","R"],"character_chosen":"THE_SILENT","items_purchased":["Die Die Die+1","Adrenaline","Footwork"],"campfire_rested":4,"item_purchase_floors":[7,24,27],"current_hp_per_floor":[60,60,60,58,58,46,46,46,46,63,43,43,43,42,42,42,63,54,54,54,53,15,33,33,16,16,16,23,23,44,33,54,0],"gold":27,"neow_bonus":"THREE_RARE_CARDS","is_prod":false,"is_daily":false,"chose_seed":false,"campfire_upgraded":1,"win_rate":0,"timestamp":1537078247,"path_taken":["M","?","?","M","?","E","?","M","T","R","E","M","?","M","R","BOSS","M","?","?","?","M","R","$","?","T","$","?","?","R","M","R","BOSS"],"build_version":"2018-09-06","purchased_purges":1,"victory":false,"max_hp_per_floor":[63,63,63,63,63,63,63,63,63,63,63,63,63,63,63,63,63,63,63,63,63,63,63,63,63,63,63,70,70,70,70,70,70],"card_choices":[{"not_picked":["Adrenaline","Wraith Form v2"],"picked":"Burst","floor":0},{"not_picked":["Calculated Gamble","Dagger Spray"],"picked":"Dodge and Roll","floor":1},{"not_picked":["Quick Slash","Flying Knee"],"picked":"Footwork","floor":4},{"not_picked":["Sucker Punch","Skewer"],"picked":"PiercingWail","floor":5},{"not_picked":["Masterful Stab","Dagger Throw"],"picked":"Bouncing Flask","floor":6},{"not_picked":["Skewer+1","Escape Plan"],"picked":"PiercingWail","floor":8},{"not_picked":["Calculated Gamble","Dodge and Roll"],"picked":"Dagger Throw+1","floor":11},{"not_picked":["Bane+1","Acrobatics"],"picked":"Flying Knee+1","floor":12},{"not_picked":["Dodge and Roll","Flying Knee+1"],"picked":"Heel Hook+1","floor":14},{"not_picked":["Doppelganger","Wraith Form v2"],"picked":"Corpse Explosion","floor":16},{"not_picked":["Cloak And Dagger","Reflex+1"],"picked":"Outmaneuver","floor":18},{"not_picked":["Blade Dance","Setup"],"picked":"Backflip+1","floor":21},{"not_picked":["Eviscerate+1","Dodge and Roll"],"picked":"Bane+1","floor":22},{"not_picked":["Dagger Throw+1","Poisoned Stab+1"],"picked":"Bouncing Flask","floor":25},{"not_picked":["Heel Hook+1","Outmaneuver+1"],"picked":"Adrenaline","floor":31}],"player_experience":846831,"relics_obtained":[{"floor":3,"key":"Sundial"},{"floor":6,"key":"Molten Egg 2"},{"floor":9,"key":"Matryoshka"},{"floor":11,"key":"Whetstone"},{"floor":26,"key":"Tiny Chest"},{"floor":26,"key":"Vajra"},{"floor":28,"key":"Strawberry"},{"floor":28,"key":"Ginger"}],"event_choices":[{"event_name":"Match and Keep!","player_choice":"2 cards matched","floor":2,"damage_taken":0},{"event_name":"Bonfire Elementals","player_choice":"BASIC","floor":13,"damage_taken":0},{"event_name":"Match and Keep!","player_choice":"1 cards matched","floor":19,"damage_taken":0},{"event_name":"Beggar","player_choice":"Gave Gold","floor":20,"damage_taken":0},{"event_name":"The Mausoleum","player_choice":"Yes","floor":29,"damage_taken":0}],"is_beta":false,"boss_relics":[{"not_picked":["Empty Cage","Tiny House"],"picked":"Black Star"}],"items_purged_floors":[24],"is_endless":false,"potions_floor_spawned":[1,12,25],"killed_by":"Automaton","ascension_level":3}