{"gold_per_floor":[17,17,32,32,48,48,58,87,140,157,157,173,191,219,219,219],"floor_reached":16,"playtime":871,"items_purged":[],"score":228,"play_id":"c8654f39-4c90-4ebb-90a5-7c06ecaef431","local_time":"20190517180148","is_ascension_mode":true,"campfire_choices":[{"data":"Dagger Spray","floor":6.0,"key":"SMITH"},{"floor":11.0,"key":"REST"},{"floor":15,"key":"REST"}],"neow_cost":"NO_GOLD","seed_source_timestamp":260015184793612,"circlet_count":0,"master_deck":["AscendersBane","Defend_G","Defend_G","Defend_G","Defend_G","Defend_G","Strike_G","Strike_G","Strike_G","Strike_G","Strike_G","Survivor","Neutralize","After Image","Skewer+1","Deadly Poison","Adrenaline","Neutralize","Dagger Spray+1","Blur","Cloak And Dagger+1","Crippling Poison+1","Backflip+1"],"special_seed":0,"relics":["Ring of the Snake","Toxic Egg 2","Blood Vial"],"potions_floor_usage":[],"damage_taken":[{"damage":1.0,"enemies":"2 Louse","floor":1.0,"turns":4.0},{"damage":1.0,"enemies":"Cultist","floor":3.0,"turns":3.0},{"damage":3.0,"enemies":"Small Slimes","floor":5.0,"turns":4.0},{"damage":3.0,"enemies":"2 Fungi Beasts","floor":7.0,"turns":3.0},{"damage":28.0,"enemies":"Gremlin Nob","floor":8.0,"turns":4.0},{"damage":10.0,"enemies":"Exordium Wildlife","floor":10.0,"turns":3.0},{"damage":0.0,"enemies":"Red Slaver","floor":12.0,"turns":3.0},{"damage":0.0,"enemies":"3 Louse","floor":13.0,"turns":6.0},{"damage":15,"enemies":"3 Sentries","floor":14,"turns":9},{"damage":48,"enemies":"Slime Boss","floor":16,"turns":8}],"seed_played":"1846928308596655645","potions_obtained":[{"floor":1.0,"key":"PowerPotion"},{"floor":8.0,"key":"SteroidPotion"},{"floor":14,"key":"LiquidBronze"}],"is_trial":false,"path_per_floor":["M","?","M","?","M","R","M","E","T","M","R","M","M","E","R","B"],"character_chosen":"THE_SILENT","items_purchased":[],"campfire_rested":2,"item_purchase_floors":[],"current_hp_per_floor":[58,58,57,57,54,54,51,23,23,13,32,32,32,17,36,0],"gold":219,"neow_bonus":"THREE_RARE_CARDS","is_prod":false,"is_daily":false,"chose_seed":false,"campfire_upgraded":1,"win_rate":0,"timestamp":1558141308,"path_taken":["M","?","?","?","M","R","M","E","T","M","R","?","M","E","R","BOSS"],"build_version":"2019-05-07","purchased_purges":0,"victory":false,"max_hp_per_floor":[66,66,66,66,66,66,66,66,66,66,66,66,66,66,66,66],"card_choices":[{"not_picked":["Burst","Wraith Form v2"],"picked":"After Image","floor":0.0},{"not_picked":["Masterful Stab","Blade Dance"],"picked":"Skewer","floor":1.0},{"not_picked":["Blade Dance","Backflip"],"picked":"Deadly Poison","floor":3.0},{"not_picked":["Choke","Cloak And Dagger"],"picked":"Dagger Spray","floor":5.0},{"not_picked":["Poisoned Stab","Skewer"],"picked":"Blur","floor":7.0},{"not_picked":["Slice","Distraction"],"picked":"Cloak And Dagger","floor":8.0},{"not_picked":["Dagger Throw","Accuracy","Distraction+1"],"picked":"SKIP","floor":10.0},{"not_picked":["Outmaneuver+1","Caltrops"],"picked":"Crippling Poison+1","floor":12.0},{"not_picked":["Dagger Throw","Acrobatics+1"],"picked":"Backflip+1","floor":13.0},{"not_picked":["Outmaneuver+1","Dagger Spray","Dagger Throw"],"picked":"SKIP","floor":14}],"player_experience":1542529,"relics_obtained":[{"floor":8.0,"key":"Toxic Egg 2"},{"floor":14,"key":"Blood Vial"}],"event_choices":[{"damage_healed":0.0,"max_hp_gain":0.0,"max_hp_loss":0.0,"gold_gain":0.0,"event_name":"Accursed Blacksmith","player_choice":"Forge","floor":2.0,"gold_loss":0.0,"damage_taken":0.0,"cards_upgraded":["Skewer"]},{"damage_healed":0.0,"max_hp_gain":0.0,"max_hp_loss":0.0,"gold_gain":0.0,"event_name":"Match and Keep!","player_choice":"2 cards matched","floor":4.0,"gold_loss":0.0,"damage_taken":0.0,"cards_obtained":["Adrenaline","Neutralize"]}],"is_beta":true,"boss_relics":[],"items_purged_floors":[],"is_endless":false,"potions_floor_spawned":[1,8,14],"killed_by":"Slime Boss","ascension_level":20}