{"gold_per_floor":[11,11,86,102,121,139,139,152,229,247,247,257,267,76,76,178,178,190,190,45,45,42,42,42,42,68,99,130,142,171,16,16,120,120,133,149,249,19,19],"floor_reached":39,"playtime":2612,"items_purged":["Decay"],"score":563,"play_id":"cdf319ba-6708-4e3e-87ba-400112f67022","local_time":"20190326001726","is_ascension_mode":true,"campfire_choices":[{"floor":7.0,"key":"REST"},{"floor":11.0,"key":"REST"},{"floor":15.0,"key":"REST"},{"data":"Dualcast","floor":23.0,"key":"SMITH"},{"floor":29.0,"key":"REST"},{"floor":32.0,"key":"REST"}],"neow_cost":"NO_GOLD","seed_source_timestamp":0,"circlet_count":0,"master_deck":["AscendersBane","Strike_B","Strike_B","Defend_B","Defend_B","Defend_B","Defend_B","Zap","Dualcast+1","Creative AI+1","Stack","Glacier","Genetic Algorithm","Doom and Gloom","Conserve Battery","Chill","BootSequence","Ball Lightning","Leap","Thunder Strike","Redo","Seek","Capacitor","Cold Snap+1","Undo","Defragment","Blizzard","Leap","Thunder Strike","Darkness+1","Darkness+1","Coolheaded+1","Magnetism","Lockon"],"special_seed":0,"relics":["Cracked Core","Tiny Chest","Velvet Choker","Bottled Flame","MawBank","Regal Pillow","Cursed Key","Ice Cream"],"potions_floor_usage":[],"damage_taken":[{"damage":6.0,"enemies":"Jaw Worm","floor":1.0,"turns":4.0},{"damage":2.0,"enemies":"Cultist","floor":4.0,"turns":5.0},{"damage":8.0,"enemies":"2 Louse","floor":5.0,"turns":3.0},{"damage":30.0,"enemies":"Exordium Thugs","floor":6.0,"turns":6.0},{"damage":12.0,"enemies":"Lots of Slimes","floor":8.0,"turns":3.0},{"damage":7.0,"enemies":"Red Slaver","floor":10.0,"turns":4.0},{"damage":11.0,"enemies":"Large Slime","floor":12.0,"turns":7.0},{"damage":2.0,"enemies":"Exordium Wildlife","floor":13.0,"turns":5.0},{"damage":36.0,"enemies":"Slime Boss","floor":16.0,"turns":12.0},{"damage":0.0,"enemies":"Shell Parasite","floor":18.0,"turns":8.0},{"damage":14.0,"enemies":"2 Thieves","floor":22.0,"turns":5.0},{"damage":5.0,"enemies":"Snecko","floor":27.0,"turns":6.0},{"damage":22.0,"enemies":"Centurion and Healer","floor":28.0,"turns":8.0},{"damage":7.0,"enemies":"Shelled Parasite and Fungi","floor":30.0,"turns":9.0},{"damage":61.0,"enemies":"Collector","floor":33.0,"turns":14.0},{"damage":0.0,"enemies":"Orb Walker","floor":35.0,"turns":4.0},{"damage":9.0,"enemies":"3 Shapes","floor":36.0,"turns":6.0},{"damage":23.0,"enemies":"Mind Bloom Boss Battle","floor":37.0,"turns":8.0},{"damage":59,"enemies":"Writhing Mass","floor":39,"turns":3}],"seed_played":"8473957405913922091","potions_obtained":[{"floor":1.0,"key":"Swift Potion"},{"floor":8.0,"key":"Ancient Potion"},{"floor":13.0,"key":"Dexterity Potion"},{"floor":16.0,"key":"SkillPotion"},{"floor":27.0,"key":"Weak Potion"},{"floor":33.0,"key":"PowerPotion"},{"floor":36.0,"key":"Dexterity Potion"}],"is_trial":false,"path_per_floor":["M","?","?","M","M","M","R","M","T","M","R","M","M","$","R","B",null,"M","?","$","?","M","R","$","T","T","M","M","R","M","$","R","B",null,"M","M","?","$","M"],"character_chosen":"DEFECT","items_purchased":["Thunder Strike","Redo","Capacitor","Regal Pillow","Leap","Magnetism","Lockon"],"campfire_rested":5,"item_purchase_floors":[14,14,20,31,31,38,38],"current_hp_per_floor":[62,62,51,49,41,11,33,21,21,14,36,25,23,23,45,9,59,59,59,59,59,45,45,45,45,45,40,18,40,33,33,70,9,59,59,50,27,27,0],"gold":19,"neow_bonus":"TRANSFORM_TWO_CARDS","is_prod":false,"is_daily":false,"chose_seed":false,"campfire_upgraded":1,"win_rate":0,"timestamp":1553573846,"path_taken":["M","?","?","M","M","M","R","?","T","M","R","M","M","$","R","BOSS","M","?","$","?","M","R","$","?","T","?","M","R","M","?","R","BOSS","M","M","?","$","M"],"build_version":"2019-01-23","purchased_purges":1,"victory":false,"max_hp_per_floor":[75,75,75,75,75,75,75,75,75,75,75,75,75,75,75,75,75,75,75,75,75,75,75,75,75,75,75,75,75,75,75,75,75,75,75,75,75,75,75],"card_choices":[{"not_picked":["Cold Snap","Gash"],"picked":"Glacier","floor":1.0},{"not_picked":["Steam","Turbo"],"picked":"Genetic Algorithm","floor":4.0},{"not_picked":["Streamline","Compile Driver"],"picked":"Doom and Gloom","floor":5.0},{"not_picked":["Hologram","Streamline"],"picked":"Conserve Battery","floor":6.0},{"not_picked":["BootSequence","Skim"],"picked":"Chill","floor":8.0},{"not_picked":["White Noise","Cold Snap"],"picked":"BootSequence","floor":10.0},{"not_picked":["Recycle","Rip and Tear"],"picked":"Ball Lightning","floor":12.0},{"not_picked":["Compile Driver","Redo"],"picked":"Leap","floor":13.0},{"not_picked":["Creative AI","Meteor Strike"],"picked":"Seek","floor":16.0},{"not_picked":["Aggregate","Barrage","Go for the Eyes"],"picked":"SKIP","floor":18.0},{"not_picked":["Rebound","Steam"],"picked":"Cold Snap+1","floor":22.0},{"not_picked":["Go for the Eyes","Rebound"],"picked":"Undo","floor":27.0},{"not_picked":["Gash","Rebound"],"picked":"Defragment","floor":28.0},{"not_picked":["Conserve Battery","Coolheaded+1"],"picked":"Blizzard","floor":30.0},{"not_picked":["Core Surge","Amplify"],"picked":"Thunder Strike","floor":33.0},{"not_picked":["Leap","Cold Snap"],"picked":"Darkness+1","floor":35.0},{"not_picked":["Genetic Algorithm+1","Stack+1"],"picked":"Darkness+1","floor":36.0},{"not_picked":["Rebound","Stack+1"],"picked":"Coolheaded+1","floor":37.0}],"player_experience":2509029,"relics_obtained":[{"floor":9.0,"key":"Tiny Chest"},{"floor":25.0,"key":"Bottled Flame"},{"floor":26.0,"key":"MawBank"},{"floor":37.0,"key":"Ice Cream"}],"event_choices":[{"damage_healed":0.0,"max_hp_gain":0.0,"max_hp_loss":0.0,"gold_gain":0.0,"event_name":"Living Wall","player_choice":"Grow","floor":2.0,"gold_loss":0.0,"damage_taken":0.0,"cards_upgraded":["Creative AI"]},{"damage_healed":0.0,"max_hp_gain":0.0,"max_hp_loss":0.0,"gold_gain":75.0,"event_name":"World of Goop","player_choice":"Gather Gold","floor":3.0,"gold_loss":0.0,"damage_taken":11.0},{"damage_healed":0.0,"max_hp_gain":0.0,"max_hp_loss":0.0,"gold_gain":0.0,"event_name":"Forgotten Altar","player_choice":"Smashed Altar","floor":19.0,"gold_loss":0.0,"damage_taken":0.0,"cards_obtained":["Decay"]},{"damage_healed":0.0,"max_hp_gain":0.0,"max_hp_loss":0.0,"gold_gain":0.0,"event_name":"Vampires","player_choice":"Ignored","floor":21.0,"gold_loss":0.0,"damage_taken":0.0},{"damage_healed":0.0,"max_hp_gain":0.0,"max_hp_loss":0.0,"gold_gain":0.0,"event_name":"MindBloom","player_choice":"Fight","floor":37.0,"gold_loss":0.0,"damage_taken":0.0}],"is_beta":false,"boss_relics":[{"not_picked":["Tiny House","Coffee Dripper"],"picked":"Velvet Choker"},{"not_picked":["Philosopher\u0027s Stone","Calling Bell"],"picked":"Cursed Key"}],"items_purged_floors":[20],"is_endless":false,"potions_floor_spawned":[1,8,13,16,27,33,36],"killed_by":"Writhing Mass","ascension_level":10}