{"gold_per_floor":[118,118,10,25,25,25,39,39,121,121,140,174,324,46,46,46],"floor_reached":16,"playtime":426,"items_purged":["Doubt"],"score":196,"play_id":"818bcc35-fb54-42db-a8ec-4a5492cf5c4c","local_time":"20190508163044","is_ascension_mode":true,"campfire_choices":[{"data":"Brutality","floor":6,"key":"SMITH"},{"data":"Flash of Steel","floor":8,"key":"SMITH"},{"data":"Inflame","floor":10,"key":"SMITH"},{"data":"Fire Breathing","floor":15,"key":"SMITH"}],"neow_cost":"NONE","seed_source_timestamp":1116835190316140,"circlet_count":0,"master_deck":["AscendersBane","Strike_R","Strike_R","Strike_R","Strike_R","Strike_R","Defend_R","Defend_R","Defend_R","Defend_R","Bash+1","Flash of Steel+1","Brutality+1","Inflame+1","Iron Wave","Fiend Fire","Fire Breathing+1"],"relics":["Burning Blood","NeowsBlessing","Meat on the Bone","Prayer Wheel","Red Skull"],"potions_floor_usage":[12,16],"damage_taken":[{"damage":0,"enemies":"Cultist","floor":1,"turns":1},{"damage":0,"enemies":"Small Slimes","floor":4,"turns":1},{"damage":0,"enemies":"Jaw Worm","floor":7,"turns":1},{"damage":20,"enemies":"2 Fungi Beasts","floor":11,"turns":4},{"damage":28,"enemies":"Lagavulin","floor":12,"turns":4},{"damage":59,"enemies":"Hexaghost","floor":16,"turns":7}],"seed_played":"7417189443825401352","potions_obtained":[{"floor":7,"key":"PowerPotion"},{"floor":12,"key":"LiquidBronze"}],"is_trial":false,"path_per_floor":["M","?","$","M","$","R","M","R","T","R","M","E","?","$","R","B"],"character_chosen":"IRONCLAD","items_purchased":["Flash of Steel","Red Skull","Fire Breathing"],"campfire_rested":0,"item_purchase_floors":[3,14,14],"current_hp_per_floor":[74,74,74,75,75,75,75,75,75,75,61,51,51,51,51,0],"gold":46,"neow_bonus":"THREE_ENEMY_KILL","is_prod":false,"is_daily":false,"chose_seed":false,"campfire_upgraded":4,"win_rate":0,"timestamp":1557342044,"path_taken":["M","?","$","?","?","R","M","R","T","R","M","E","?","?","R","BOSS"],"build_version":"2019-01-23","purchased_purges":1,"victory":false,"max_hp_per_floor":[75,75,75,75,75,75,75,75,75,75,75,75,75,75,75,75],"card_choices":[{"not_picked":["Armaments","Heavy Blade","Intimidate"],"picked":"SKIP","floor":1},{"not_picked":["Armaments","Heavy Blade"],"picked":"Brutality","floor":4},{"not_picked":["Battle Trance","True Grit"],"picked":"Inflame","floor":7},{"not_picked":["Flex","Headbutt"],"picked":"Iron Wave","floor":11},{"not_picked":["Whirlwind","Shockwave"],"picked":"Fiend Fire","floor":12}],"player_experience":1187204,"relics_obtained":[{"floor":9,"key":"Meat on the Bone"},{"floor":12,"key":"Prayer Wheel"}],"event_choices":[{"damage_healed":0,"gold_gain":0,"player_choice":"Upgraded","damage_taken":0,"max_hp_gain":0,"max_hp_loss":0,"event_name":"Upgrade Shrine","floor":2,"gold_loss":0,"cards_upgraded":["Bash"]},{"damage_healed":0,"gold_gain":150,"player_choice":"AGREE","damage_taken":0,"max_hp_gain":0,"max_hp_loss":0,"event_name":"Liars Game","floor":13,"gold_loss":0,"cards_obtained":["Doubt"]}],"is_beta":false,"boss_relics":[],"items_purged_floors":[14],"is_endless":false,"potions_floor_spawned":[7,12],"killed_by":"Hexaghost","ascension_level":20}