{"gold_per_floor":[114,39,114,14,24,24,50,50,118,118,129,129,147,176,176,248,248,264,281,78,95,111,111],"floor_reached":23,"playtime":822,"items_purged":["Regret","Defend_R","Strike_R"],"score":402,"play_id":"f33b0c8b-6fb9-4d25-ad33-5af02680e895","local_time":"20190508164608","is_ascension_mode":true,"campfire_choices":[{"data":"Cleave","floor":6.0,"key":"SMITH"},{"data":"Bash","floor":10.0,"key":"SMITH"},{"data":"Anger","floor":12.0,"key":"SMITH"},{"data":"Warcry","floor":15.0,"key":"SMITH"}],"neow_cost":"CURSE","seed_source_timestamp":1117271500243970,"circlet_count":0,"master_deck":["AscendersBane","Strike_R","Strike_R","Strike_R","Strike_R","Defend_R","Defend_R","Defend_R","Bash+1","Clash","Cleave+1","Anger+1","Anger+1","Warcry+1","Demon Form","Metallicize","Seeing Red","True Grit","Heavy Blade","Fire Breathing","Dual Wield"],"special_seed":0,"relics":["Black Blood","Unceasing Top","FossilizedHelix","Mummified Hand","Du-Vu Doll"],"potions_floor_usage":[],"damage_taken":[{"damage":8.0,"enemies":"2 Louse","floor":1.0,"turns":3.0},{"damage":6.0,"enemies":"Cultist","floor":5.0,"turns":3.0},{"damage":8.0,"enemies":"Gremlin Nob","floor":7.0,"turns":3.0},{"damage":0.0,"enemies":"Jaw Worm","floor":11.0,"turns":3.0},{"damage":1.0,"enemies":"Looter","floor":13.0,"turns":3.0},{"damage":15.0,"enemies":"3 Sentries","floor":14.0,"turns":6.0},{"damage":38.0,"enemies":"Slime Boss","floor":16.0,"turns":10.0},{"damage":14.0,"enemies":"Shell Parasite","floor":18.0,"turns":3.0},{"damage":19.0,"enemies":"Spheric Guardian","floor":19.0,"turns":4.0},{"damage":29.0,"enemies":"Snake Plant","floor":21.0,"turns":3.0},{"damage":10.0,"enemies":"Snecko","floor":22.0,"turns":5.0},{"damage":34,"enemies":"Slavers","floor":23,"turns":3}],"seed_played":"-3120836065825576087","potions_obtained":[{"floor":5.0,"key":"Fire Potion"},{"floor":14.0,"key":"EntropicBrew"},{"floor":21.0,"key":"EssenceOfSteel"}],"is_trial":false,"path_per_floor":["M","$","?","$","M","R","E","?","T","R","M","R","M","E","R","B",null,"M","M","$","M","M","E"],"character_chosen":"IRONCLAD","items_purchased":["True Grit","Heavy Blade"],"campfire_rested":0,"item_purchase_floors":[20,20],"current_hp_per_floor":[66,66,55,55,55,55,53,53,53,53,59,59,64,55,55,23,62,58,49,49,30,30,0],"gold":111,"neow_bonus":"ONE_RARE_RELIC","is_prod":false,"is_daily":false,"chose_seed":false,"campfire_upgraded":4,"win_rate":0,"timestamp":1557342968,"path_taken":["M","$","?","$","M","R","E","?","T","R","M","R","M","E","R","BOSS","M","?","$","M","M","E"],"build_version":"2019-01-23","purchased_purges":3,"victory":false,"max_hp_per_floor":[75,75,75,75,75,75,75,75,75,75,75,75,75,75,75,75,75,75,75,75,75,75,75],"card_choices":[{"not_picked":["Havoc","Body Slam"],"picked":"Clash","floor":1.0},{"not_picked":["True Grit","Sentinel"],"picked":"Cleave","floor":5.0},{"not_picked":["Headbutt","Wild Strike"],"picked":"Anger","floor":7.0},{"not_picked":["Exhume","Twin Strike"],"picked":"Anger","floor":11.0},{"not_picked":["Iron Wave","Flame Barrier","Headbutt"],"picked":"SKIP","floor":13.0},{"not_picked":["Iron Wave","Heavy Blade"],"picked":"Warcry","floor":14.0},{"not_picked":["Reaper","Dark Embrace"],"picked":"Demon Form","floor":16.0},{"not_picked":["Reckless Charge","Wild Strike"],"picked":"Metallicize","floor":18.0},{"not_picked":["Shockwave","Shrug It Off"],"picked":"Seeing Red","floor":19.0},{"not_picked":["Whirlwind","Burning Pact+1"],"picked":"Fire Breathing","floor":21.0},{"not_picked":["Intimidate","Headbutt"],"picked":"Dual Wield","floor":22.0}],"player_experience":1187630,"relics_obtained":[{"floor":7.0,"key":"FossilizedHelix"},{"floor":9.0,"key":"Mummified Hand"},{"floor":14.0,"key":"Du-Vu Doll"}],"event_choices":[{"damage_healed":0.0,"max_hp_gain":0.0,"max_hp_loss":0.0,"gold_gain":75.0,"event_name":"World of Goop","player_choice":"Gather Gold","floor":3.0,"gold_loss":0.0,"damage_taken":11.0},{"damage_healed":0.0,"max_hp_gain":0.0,"max_hp_loss":0.0,"gold_gain":0.0,"event_name":"Accursed Blacksmith","player_choice":"Forge","floor":8.0,"gold_loss":0.0,"damage_taken":0.0,"cards_upgraded":["Anger"]}],"is_beta":false,"boss_relics":[{"not_picked":["Runic Dome","Snecko Eye"],"picked":"Black Blood"}],"items_purged_floors":[2,4,20],"is_endless":false,"potions_floor_spawned":[5,14,16,19,21],"killed_by":"Slavers","ascension_level":20}