{"gold_per_floor":[17,17,17,17,30,64,29,64,91,91],"floor_reached":10,"playtime":492,"items_purged":[],"score":118,"play_id":"d6a8b3db-d03f-4397-92dc-8027c413e34f","local_time":"20190515020508","is_ascension_mode":true,"campfire_choices":[],"neow_cost":"NO_GOLD","seed_source_timestamp":59750144588339,"circlet_count":0,"master_deck":["AscendersBane","Defend_G","Defend_G","Defend_G","Defend_G","Defend_G","Strike_G","Strike_G","Strike_G","Strike_G","Strike_G","Survivor","Neutralize","Riddle With Holes","Slice","Malaise","Dodge and Roll"],"relics":["Ring of the Snake","Torii","Pen Nib","Shuriken","Happy Flower"],"potions_floor_usage":[6,6,8],"damage_taken":[{"damage":1,"enemies":"Cultist","floor":1,"turns":4},{"damage":1,"enemies":"2 Louse","floor":5,"turns":3},{"damage":39,"enemies":"Lagavulin","floor":6,"turns":8},{"damage":12,"enemies":"3 Sentries","floor":8,"turns":7},{"damage":29,"enemies":"Gremlin Nob","floor":10,"turns":4}],"seed_played":"6372628647629631638","potions_obtained":[{"floor":3,"key":"Explosive Potion"},{"floor":3,"key":"Fire Potion"},{"floor":6,"key":"Strength Potion"},{"floor":8,"key":"Ancient Potion"}],"is_trial":false,"path_per_floor":["M","$","?","$","M","E","?","E","T","E"],"character_chosen":"THE_SILENT","items_purchased":[],"campfire_rested":0,"item_purchase_floors":[],"current_hp_per_floor":[62,62,62,62,61,22,39,27,27,0],"gold":91,"neow_bonus":"ONE_RARE_RELIC","is_prod":false,"is_daily":false,"chose_seed":false,"campfire_upgraded":0,"win_rate":0,"timestamp":1557903908,"path_taken":["M","$","?","?","M","E","?","E","T","E"],"build_version":"2019-01-23","purchased_purges":0,"victory":false,"max_hp_per_floor":[70,70,70,70,70,70,70,70,70,70],"card_choices":[{"not_picked":["Blade Dance","Flechettes"],"picked":"Riddle With Holes","floor":1},{"not_picked":["Underhanded Strike","Bane"],"picked":"Slice","floor":5},{"not_picked":["Acrobatics","Underhanded Strike"],"picked":"Malaise","floor":6},{"not_picked":["Poisoned Stab","Quick Slash"],"picked":"Dodge and Roll","floor":8}],"player_experience":666506,"relics_obtained":[{"floor":6,"key":"Pen Nib"},{"floor":8,"key":"Shuriken"},{"floor":9,"key":"Happy Flower"}],"event_choices":[{"damage_healed":0,"gold_gain":0,"player_choice":"Got Potions","damage_taken":0,"max_hp_gain":0,"max_hp_loss":0,"event_name":"Lab","floor":3,"gold_loss":0},{"damage_healed":17,"gold_gain":0,"player_choice":"Healed","damage_taken":0,"max_hp_gain":0,"max_hp_loss":0,"event_name":"The Cleric","floor":7,"gold_loss":35}],"is_beta":false,"boss_relics":[],"items_purged_floors":[],"is_endless":false,"potions_floor_spawned":[6,8],"killed_by":"Gremlin Nob","ascension_level":12}