{"gold_per_floor":[115,115,115,40,40,71,71,107,107,7,42,42,63,81,81,200,200,218,234,253,266,13,54,78,121,144,144,187,187,210,160,160,289,289,303,328,353,353,368,368,407,421,472,486,525,540,39,39,39,39],"floor_reached":51,"playtime":3775,"items_purged":["Strike_B","Strike_B","Strike_B","Defend_B","Defend_B"],"score":1056,"play_id":"c22ebb80-e294-415a-991d-c49f94571f71","local_time":"20190521204545","is_ascension_mode":true,"campfire_choices":[{"data":"Zap","floor":12,"key":"SMITH"},{"data":"Dualcast","floor":15,"key":"SMITH"},{"floor":27,"key":"REST"},{"data":"Coolheaded","floor":29,"key":"SMITH"},{"floor":32,"key":"REST"},{"data":"Fission","floor":40,"key":"SMITH"},{"data":"Capacitor","floor":49,"key":"SMITH"}],"neow_cost":"NONE","seed_source_timestamp":91324750879601,"circlet_count":0,"master_deck":["Defend_B","Defend_B","Zap+1","Dualcast+1","Cold Snap+1","Sweeping Beam+1","Ball Lightning","Coolheaded","Gash+1","Chill","Rainbow","Compile Driver+1","Cold Snap+1","Capacitor+1","Rainbow","Finesse","Barrage+1","Glacier","Blizzard+1","Skim+1","Coolheaded+1","Hologram","Fission+1","Loop+1","Capacitor+1"],"relics":["Cracked Core","NeowsBlessing","Golden Idol","Omamori","WarpedTongs","Singing Bowl","Molten Egg 2","Smiling Mask","Sozu","Dream Catcher","Potion Belt","Whetstone","Bottled Lightning","Busted Crown","Art of War","Ancient Tea Set","Kunai","DataDisk","Bottled Tornado"],"potions_floor_usage":[11,25,28,33],"damage_taken":[{"damage":0,"enemies":"Jaw Worm","floor":1,"turns":1},{"damage":0,"enemies":"3 Sentries","floor":6,"turns":1},{"damage":0,"enemies":"Gremlin Nob","floor":8,"turns":1},{"damage":13,"enemies":"Lagavulin","floor":11,"turns":5},{"damage":0,"enemies":"2 Louse","floor":13,"turns":1},{"damage":0,"enemies":"Cultist","floor":14,"turns":2},{"damage":8,"enemies":"Slime Boss","floor":16,"turns":9},{"damage":0,"enemies":"Spheric Guardian","floor":18,"turns":3},{"damage":2,"enemies":"Shell Parasite","floor":19,"turns":3},{"damage":1,"enemies":"3 Cultists","floor":20,"turns":4},{"damage":9,"enemies":"Cultist and Chosen","floor":21,"turns":5},{"damage":9,"enemies":"Gremlin Leader","floor":23,"turns":6},{"damage":21,"enemies":"Shelled Parasite and Fungi","floor":24,"turns":5},{"damage":14,"enemies":"Book of Stabbing","floor":25,"turns":5},{"damage":0,"enemies":"Slavers","floor":28,"turns":5},{"damage":1,"enemies":"Centurion and Healer","floor":30,"turns":5},{"damage":39,"enemies":"Collector","floor":33,"turns":8},{"damage":3,"enemies":"Orb Walker","floor":35,"turns":3},{"damage":0,"enemies":"3 Darklings","floor":36,"turns":2},{"damage":10,"enemies":"4 Shapes","floor":37,"turns":3},{"damage":0,"enemies":"Transient","floor":39,"turns":5},{"damage":32,"enemies":"Reptomancer","floor":41,"turns":5},{"damage":6,"enemies":"3 Darklings","floor":42,"turns":4},{"damage":0,"enemies":"4 Shapes","floor":44,"turns":4},{"damage":12,"enemies":"Giant Head","floor":45,"turns":7},{"damage":0,"enemies":"Jaw Worm Horde","floor":46,"turns":3},{"damage":26,"enemies":"Time Eater","floor":50,"turns":14}],"seed_played":"6811583749455798491","potions_obtained":[{"floor":1,"key":"AttackPotion"},{"floor":8,"key":"Energy Potion"},{"floor":13,"key":"SkillPotion"},{"floor":16,"key":"SkillPotion"}],"is_trial":false,"path_per_floor":["M","?","?","$","?","E","?","E","T","$","E","R","M","M","R","B",null,"M","M","M","M","$","E","M","E","T","R","E","R","M","$","R","B",null,"M","M","M","?","M","R","E","M","T","M","E","M","$","?","R","B",null],"character_chosen":"DEFECT","items_purchased":["Rainbow","Finesse","Barrage+1","DataDisk","Bottled Tornado","Capacitor"],"campfire_rested":2,"item_purchase_floors":[22,22,22,47,47,47],"current_hp_per_floor":[68,68,73,73,53,53,53,53,53,53,40,40,40,40,40,32,68,68,66,67,58,58,49,30,16,16,41,41,41,42,42,67,28,72,71,73,65,65,67,67,37,33,33,33,23,25,25,89,89,63],"gold":39,"neow_bonus":"THREE_ENEMY_KILL","is_prod":false,"is_daily":false,"chose_seed":false,"campfire_upgraded":5,"win_rate":0,"timestamp":1558489545,"path_taken":["M","?","?","?","?","E","?","E","T","$","E","R","M","M","R","BOSS","M","?","M","M","$","E","M","E","T","R","E","R","M","$","R","BOSS","M","M","M","?","?","R","E","M","T","?","E","?","$","?","R","BOSS"],"build_version":"2019-01-23","purchased_purges":5,"victory":true,"max_hp_per_floor":[75,75,80,80,80,80,80,80,80,80,80,80,80,80,80,80,80,80,80,82,82,82,82,84,84,84,84,84,84,86,86,86,86,86,88,90,92,92,94,94,96,98,98,98,100,102,102,89,89,89],"card_choices":[{"not_picked":["BootSequence","Compile Driver"],"picked":"Cold Snap","floor":1},{"not_picked":["Rebound","Hologram"],"picked":"Sweeping Beam","floor":6},{"not_picked":["Genetic Algorithm","Lockon"],"picked":"Ball Lightning","floor":8},{"not_picked":["Storm","Redo"],"picked":"Coolheaded","floor":11},{"not_picked":["Stack","Hello World"],"picked":"Gash+1","floor":13},{"not_picked":["Barrage+1","Heatsinks"],"picked":"Chill","floor":14},{"not_picked":["Multi-Cast","Creative AI"],"picked":"Rainbow","floor":16},{"not_picked":["Heatsinks","Conserve Battery+1"],"picked":"Compile Driver+1","floor":18},{"not_picked":["Barrage+1","Coolheaded"],"picked":"Cold Snap+1","floor":19},{"not_picked":["Melter+1","Beam Cell+1","Darkness"],"picked":"Singing Bowl","floor":20},{"not_picked":["Hologram","Go for the Eyes+1"],"picked":"Capacitor+1","floor":21},{"not_picked":["Tempest","Creative AI"],"picked":"Glacier","floor":23},{"not_picked":["Steam","Lockon+1","Hello World"],"picked":"Singing Bowl","floor":24},{"not_picked":["Turbo","Coolheaded+1"],"picked":"Blizzard+1","floor":25},{"not_picked":["Turbo","Gash+1"],"picked":"Skim+1","floor":27},{"not_picked":["Storm+1","Stack"],"picked":"Coolheaded","floor":28},{"not_picked":["Auto Shields","Force Field","Rebound+1"],"picked":"Singing Bowl","floor":30},{"not_picked":["Biased Cognition","Rebound+1"],"picked":"Hologram","floor":32},{"not_picked":["Creative AI","Buffer"],"picked":"Fission","floor":33},{"not_picked":["Conserve Battery"],"picked":"Singing Bowl","floor":35},{"not_picked":["Leap"],"picked":"Singing Bowl","floor":36},{"not_picked":["Undo"],"picked":"Singing Bowl","floor":37},{"not_picked":["Gash+1"],"picked":"Singing Bowl","floor":39},{"not_picked":["Sweeping Beam+1"],"picked":"Singing Bowl","floor":41},{"not_picked":["Compile Driver+1"],"picked":"Singing Bowl","floor":42},{"not_picked":[],"picked":"Loop+1","floor":44},{"not_picked":["Lockon+1"],"picked":"Singing Bowl","floor":45},{"not_picked":["Scrape+1"],"picked":"Singing Bowl","floor":46}],"player_experience":718067,"relics_obtained":[{"floor":6,"key":"Omamori"},{"floor":8,"key":"Singing Bowl"},{"floor":9,"key":"Molten Egg 2"},{"floor":11,"key":"Smiling Mask"},{"floor":23,"key":"Dream Catcher"},{"floor":25,"key":"Potion Belt"},{"floor":26,"key":"Whetstone"},{"floor":28,"key":"Bottled Lightning"},{"floor":41,"key":"Art of War"},{"floor":43,"key":"Ancient Tea Set"},{"floor":45,"key":"Kunai"}],"event_choices":[{"cards_removed":["Strike_B"],"damage_healed":0,"gold_gain":0,"player_choice":"Forget","damage_taken":0,"max_hp_gain":0,"max_hp_loss":0,"event_name":"Living Wall","floor":2,"gold_loss":0},{"damage_healed":0,"gold_gain":0,"player_choice":"Donut","damage_taken":0,"max_hp_gain":5,"max_hp_loss":0,"event_name":"Big Fish","floor":3,"gold_loss":0},{"damage_healed":0,"gold_gain":0,"player_choice":"Take Damage","damage_taken":20,"relics_obtained":["Golden Idol"],"max_hp_gain":0,"max_hp_loss":0,"event_name":"Golden Idol","floor":5,"gold_loss":0},{"damage_healed":0,"gold_gain":0,"player_choice":"Rummage","damage_taken":0,"relics_obtained":["WarpedTongs"],"max_hp_gain":0,"max_hp_loss":0,"event_name":"Accursed Blacksmith","floor":7,"gold_loss":0,"cards_obtained":["Pain"]},{"damage_healed":0,"gold_gain":0,"player_choice":"Bought 0 Potions","damage_taken":0,"max_hp_gain":0,"max_hp_loss":0,"event_name":"The Woman in Blue","floor":38,"gold_loss":0},{"damage_healed":89,"gold_gain":0,"player_choice":"Heal","damage_taken":0,"max_hp_gain":0,"max_hp_loss":13,"event_name":"The Moai Head","floor":48,"gold_loss":0}],"is_beta":false,"boss_relics":[{"not_picked":["Coffee Dripper","Black Star"],"picked":"Sozu"},{"not_picked":["Philosopher\u0027s Stone","Pandora\u0027s Box"],"picked":"Busted Crown"}],"items_purged_floors":[4,10,22,31,47],"is_endless":false,"potions_floor_spawned":[1,8,13,16,19,21,28,33,35,37,41,45],"ascension_level":6}