{"gold_per_floor":[13,28,203,218,119,150,150,161,161,161,178,147,173,184,184,286,286,271,370,370,388,402,402,413,413],"floor_reached":25,"playtime":1359,"items_purged":["Doubt"],"score":305,"play_id":"4fbdbf53-8cdc-47bd-95c0-ae470a677153","local_time":"20190107225505","is_ascension_mode":true,"campfire_choices":[{"data":"Zap","floor":7,"key":"SMITH"},{"floor":15,"key":"REST"},{"data":"Redo","floor":23,"key":"SMITH"}],"neow_cost":"NO_GOLD","seed_source_timestamp":381054689271818,"circlet_count":0,"master_deck":["Strike_B","Strike_B","Strike_B+1","Strike_B+1","Defend_B","Defend_B","Defend_B","Defend_B","Zap+1","Dualcast","Redo+1","Gash","Melter","Go for the Eyes","Steam","All For One","Beam Cell","Capacitor","Gash","Melter","Undo","Core Surge","Conserve Battery","Conserve Battery","Fission","Ball Lightning+1","Redo+1","Chaos+1","Blizzard","Turbo+1","Gash"],"relics":["FrozenCore","Prayer Wheel","Bird Faced Urn","Calipers"],"potions_floor_usage":[11,13,21,22,24],"damage_taken":[{"damage":7,"enemies":"Jaw Worm","floor":1,"turns":3},{"damage":6,"enemies":"2 Louse","floor":2,"turns":2},{"damage":3,"enemies":"Small Slimes","floor":4,"turns":3},{"damage":10,"enemies":"Gremlin Nob","floor":6,"turns":4},{"damage":3,"enemies":"3 Louse","floor":8,"turns":3},{"damage":3,"enemies":"Looter","floor":11,"turns":2},{"damage":15,"enemies":"3 Sentries","floor":13,"turns":5},{"damage":11,"enemies":"Blue Slaver","floor":14,"turns":3},{"damage":0,"enemies":"Slime Boss","floor":16,"turns":4},{"damage":22,"enemies":"2 Thieves","floor":18,"turns":4},{"damage":3,"enemies":"Chosen","floor":21,"turns":5},{"damage":13,"enemies":"Centurion and Healer","floor":22,"turns":6},{"damage":13,"enemies":"Shelled Parasite and Fungi","floor":24,"turns":7},{"damage":40,"enemies":"Masked Bandits","floor":25,"turns":3}],"seed_played":"-2935514393116260216","potions_obtained":[{"floor":6,"key":"Dexterity Potion"},{"floor":8,"key":"SkillPotion"},{"floor":16,"key":"GamblersBrew"},{"floor":18,"key":"Poison Potion"},{"floor":22,"key":"GamblersBrew"}],"is_trial":false,"path_per_floor":["M","M","?","M","$","E","R","M","T","?","M","?","E","M","R","B",null,"M","?","?","M","M","R","M","?"],"character_chosen":"DEFECT","items_purchased":["Beam Cell"],"campfire_rested":1,"item_purchase_floors":[5],"current_hp_per_floor":[68,62,62,59,59,49,49,46,46,31,28,28,15,6,28,30,75,53,53,53,52,41,41,30,0],"gold":413,"neow_bonus":"ONE_RARE_RELIC","is_prod":false,"is_daily":false,"chose_seed":false,"campfire_upgraded":2,"win_rate":0,"timestamp":1546919705,"path_taken":["M","M","?","M","$","E","R","M","T","?","M","?","E","M","R","BOSS","M","?","?","M","M","R","M","?"],"build_version":"2019-01-03v4","purchased_purges":1,"victory":false,"max_hp_per_floor":[75,75,75,75,75,75,75,75,75,75,75,75,75,75,75,75,75,75,75,75,75,75,75,75,75],"card_choices":[{"not_picked":["Ball Lightning","Turbo"],"picked":"Redo","floor":1},{"not_picked":["Hologram","Stack"],"picked":"Gash","floor":1},{"not_picked":["FTL","Sunder"],"picked":"Melter","floor":2},{"not_picked":["Steam","Barrage"],"picked":"Go for the Eyes","floor":2},{"not_picked":["Turbo","Reprogram"],"picked":"Steam","floor":4},{"not_picked":["Steam","Coolheaded"],"picked":"All For One","floor":4},{"not_picked":["Cold Snap","Rebound"],"picked":"Capacitor","floor":6},{"not_picked":["Hello World","Hologram"],"picked":"Gash","floor":8},{"not_picked":["Capacitor","Reprogram"],"picked":"Melter","floor":8},{"not_picked":["Fusion","Lockon"],"picked":"Undo","floor":11},{"not_picked":["Capacitor","Consume","Redo"],"picked":"SKIP","floor":11},{"not_picked":["Rebound","Coolheaded"],"picked":"Core Surge","floor":13},{"not_picked":["Steam","Sweeping Beam"],"picked":"Conserve Battery","floor":14},{"not_picked":["Stack","Compile Driver"],"picked":"Conserve Battery","floor":14},{"not_picked":["Multi-Cast","Thunder Strike"],"picked":"Fission","floor":16},{"not_picked":["Streamline","Barrage"],"picked":"Ball Lightning+1","floor":18},{"not_picked":["Rebound","Force Field"],"picked":"Redo+1","floor":18},{"not_picked":["Rip and Tear","White Noise+1"],"picked":"Chaos+1","floor":21},{"not_picked":["Leap+1","Consume"],"picked":"Blizzard","floor":21},{"not_picked":["Streamline","Redo"],"picked":"Turbo+1","floor":22},{"not_picked":["Double Energy","Force Field+1","Turbo"],"picked":"SKIP","floor":22},{"not_picked":["Heatsinks","Streamline"],"picked":"Gash","floor":24},{"not_picked":["Turbo+1","Leap","Hello World"],"picked":"SKIP","floor":24}],"player_experience":264711,"relics_obtained":[{"floor":6,"key":"Bird Faced Urn"},{"floor":13,"key":"Calipers"}],"event_choices":[{"damage_healed":0,"gold_gain":175,"player_choice":"AGREE","damage_taken":0,"max_hp_gain":0,"max_hp_loss":0,"event_name":"Liars Game","floor":3,"gold_loss":0,"cards_obtained":["Doubt"]},{"damage_healed":0,"gold_gain":0,"player_choice":"Entered Light","damage_taken":15,"max_hp_gain":0,"max_hp_loss":0,"event_name":"Shining Light","floor":10,"gold_loss":0,"cards_upgraded":["Strike_B","Strike_B"]},{"damage_healed":0,"gold_gain":0,"player_choice":"Left Gold","damage_taken":0,"max_hp_gain":0,"max_hp_loss":0,"event_name":"World of Goop","floor":12,"gold_loss":31},{"damage_healed":0,"gold_gain":99,"player_choice":"Stole From Cult","damage_taken":0,"max_hp_gain":0,"max_hp_loss":0,"event_name":"Nest","floor":19,"gold_loss":0},{"damage_healed":0,"gold_gain":0,"player_choice":"Ignored","damage_taken":0,"max_hp_gain":0,"max_hp_loss":0,"event_name":"Ghosts","floor":20,"gold_loss":0},{"damage_healed":0,"gold_gain":0,"player_choice":"Fought Bandits","damage_taken":0,"max_hp_gain":0,"max_hp_loss":0,"event_name":"Masked Bandits","floor":25,"gold_loss":0}],"is_beta":false,"boss_relics":[{"not_picked":["Busted Crown","Velvet Choker"],"picked":"FrozenCore"}],"items_purged_floors":[5],"is_endless":false,"potions_floor_spawned":[4,6,8,16,18,22],"killed_by":"Masked Bandits","ascension_level":3}