{"gold_per_floor":[111,124,49,62,62,62,95,95,95,105,105],"floor_reached":11,"playtime":399,"items_purged":["Defend_B"],"score":110,"play_id":"7b8059b4-0c04-4600-bd62-6ce9e335c7f3","local_time":"20190316074014","is_ascension_mode":true,"campfire_choices":[{"floor":6,"key":"REST"},{"data":"Lockon","floor":8,"key":"SMITH"}],"neow_cost":"PERCENT_DAMAGE","seed_source_timestamp":159689598727400,"circlet_count":0,"master_deck":["AscendersBane","Strike_B","Strike_B","Defend_B","Defend_B","Defend_B","Zap","Dualcast","Ball Lightning","Ball Lightning","Loop","Regret","Lockon+1","Echo Form"],"relics":["Cracked Core","Question Card","Bronze Scales","Letter Opener"],"potions_floor_usage":[7],"damage_taken":[{"damage":1,"enemies":"Cultist","floor":1,"turns":3},{"damage":11,"enemies":"Small Slimes","floor":2,"turns":3},{"damage":7,"enemies":"Jaw Worm","floor":4,"turns":3},{"damage":22,"enemies":"3 Sentries","floor":7,"turns":4},{"damage":17,"enemies":"Gremlin Gang","floor":10,"turns":4},{"damage":16,"enemies":"Blue Slaver","floor":11,"turns":1}],"seed_played":"3063559739286445179","potions_obtained":[{"floor":2,"key":"FocusPotion"}],"is_trial":false,"path_per_floor":["M","M","$","M","?","R","E","R","T","M","M"],"character_chosen":"DEFECT","items_purchased":[],"campfire_rested":1,"item_purchase_floors":[],"current_hp_per_floor":[49,38,38,31,31,53,31,31,31,14,0],"gold":105,"neow_bonus":"REMOVE_TWO","is_prod":false,"is_daily":false,"chose_seed":false,"campfire_upgraded":1,"win_rate":0,"timestamp":1552736414,"path_taken":["M","?","$","M","?","R","E","R","T","M","M"],"build_version":"2019-01-23","purchased_purges":1,"victory":false,"max_hp_per_floor":[75,75,75,75,75,75,75,75,75,75,75],"card_choices":[{"not_picked":["Streamline","Go for the Eyes"],"picked":"Ball Lightning","floor":1},{"not_picked":["Compile Driver","Melter"],"picked":"Ball Lightning","floor":2},{"not_picked":["Recycle","Ball Lightning"],"picked":"Loop","floor":4},{"not_picked":["Leap","Gash","Beam Cell"],"picked":"Lockon","floor":7},{"not_picked":["Undo","Capacitor","White Noise"],"picked":"Echo Form","floor":10}],"player_experience":2449744,"relics_obtained":[{"floor":7,"key":"Bronze Scales"},{"floor":9,"key":"Letter Opener"}],"event_choices":[{"damage_healed":0,"gold_gain":0,"player_choice":"Box","damage_taken":0,"relics_obtained":["Question Card"],"max_hp_gain":0,"max_hp_loss":0,"event_name":"Big Fish","floor":5,"gold_loss":0,"cards_obtained":["Regret"]}],"is_beta":false,"boss_relics":[],"items_purged_floors":[3],"is_endless":false,"potions_floor_spawned":[2],"killed_by":"Blue Slaver","ascension_level":10}