{"gold_per_floor":[117,41,41,52,52,52,64,64,87,12,23,38,56,76,76,181,181,195,90,90,90,90,90,109,120,195,195,213,213,231,241,241,340,340,351,367,193,212,224,224,224],"floor_reached":41,"playtime":1778,"items_purged":["Strike_B","Pain"],"score":389,"play_id":"93216b80-67a4-4d17-b300-4f4c044f8940","local_time":"20190329193509","is_ascension_mode":false,"campfire_choices":[{"data":"Hyperbeam","floor":6.0,"key":"SMITH"},{"data":"Hologram","floor":8.0,"key":"SMITH"},{"data":"Hologram","floor":15.0,"key":"SMITH"},{"data":"Hyperbeam","floor":23.0,"key":"SMITH"},{"data":"Scrape","floor":27.0,"key":"SMITH"},{"floor":32.0,"key":"REST"},{"floor":40,"key":"REST"}],"neow_cost":"NONE","seed_source_timestamp":0,"circlet_count":0,"master_deck":["Zap","Dualcast","Hyperbeam+1","Beam Cell","Sweeping Beam","Rebound","Aggregate","Hologram+1","Gash","Hologram+1","Beam Cell","Gash","All For One","Hyperbeam+1","Heatsinks","Melter","Force Field","Rip and Tear","Steam","Scrape+1","Conserve Battery","Leap+1","Steam","Meteor Strike","Gash","Creative AI","FTL+1","White Noise+1","FTL","Go for the Eyes+1"],"special_seed":0,"relics":["Cracked Core","Oddly Smooth Stone","Pandora\u0027s Box","Kunai","WarpedTongs","Sozu"],"potions_floor_usage":[33,33],"damage_taken":[{"damage":0.0,"enemies":"Small Slimes","floor":1.0,"turns":2.0},{"damage":6.0,"enemies":"Jaw Worm","floor":4.0,"turns":2.0},{"damage":0.0,"enemies":"2 Louse","floor":7.0,"turns":2.0},{"damage":1.0,"enemies":"Large Slime","floor":11.0,"turns":4.0},{"damage":0.0,"enemies":"Blue Slaver","floor":12.0,"turns":1.0},{"damage":1.0,"enemies":"Red Slaver","floor":13.0,"turns":3.0},{"damage":10.0,"enemies":"Looter","floor":14.0,"turns":2.0},{"damage":28.0,"enemies":"Hexaghost","floor":16.0,"turns":8.0},{"damage":0.0,"enemies":"Spheric Guardian","floor":18.0,"turns":1.0},{"damage":13.0,"enemies":"2 Thieves","floor":24.0,"turns":2.0},{"damage":0.0,"enemies":"Centurion and Healer","floor":25.0,"turns":2.0},{"damage":18.0,"enemies":"Shelled Parasite and Fungi","floor":28.0,"turns":3.0},{"damage":4.0,"enemies":"Cultist and Chosen","floor":30.0,"turns":4.0},{"damage":4.0,"enemies":"3 Cultists","floor":31.0,"turns":3.0},{"damage":57,"enemies":"Automaton","floor":33,"turns":7},{"damage":4,"enemies":"3 Shapes","floor":35,"turns":2},{"damage":6,"enemies":"Orb Walker","floor":36,"turns":3},{"damage":39,"enemies":"Sphere and 2 Shapes","floor":38,"turns":5},{"damage":20,"enemies":"Jaw Worm Horde","floor":39,"turns":2},{"damage":35,"enemies":"Reptomancer","floor":41,"turns":3}],"seed_played":"-1991676359514817945","potions_obtained":[{"floor":4.0,"key":"LiquidBronze"},{"floor":13.0,"key":"AttackPotion"},{"floor":22.0,"key":"Explosive Potion"},{"floor":22.0,"key":"Strength Potion"},{"floor":28.0,"key":"Fruit Juice"},{"floor":31.0,"key":"SneckoOil"},{"floor":33,"key":"SneckoOil"}],"is_trial":false,"path_per_floor":["M","$","?","M","?","R","M","R","T","$","M","M","M","M","R","B",null,"M","$","?","?","?","R","M","M","T","R","M","?","M","M","R","B",null,"M","M","$","M","M","R","E"],"character_chosen":"DEFECT","items_purchased":["Sweeping Beam","Rebound","Scrape","Conserve Battery","FTL"],"campfire_rested":2,"item_purchase_floors":[2,2,19,19,37],"current_hp_per_floor":[75,75,75,69,69,69,69,69,69,69,68,68,67,57,57,29,75,75,75,75,75,75,75,62,62,62,62,49,49,45,41,65,8,80,76,70,70,31,11,35,0],"gold":224,"neow_bonus":"ONE_RANDOM_RARE_CARD","is_prod":false,"is_daily":false,"chose_seed":false,"campfire_upgraded":5,"win_rate":0,"timestamp":1553902509,"path_taken":["M","$","?","M","?","R","M","R","T","$","M","M","M","M","R","BOSS","M","$","?","?","?","R","M","M","T","R","?","?","?","M","R","BOSS","M","M","$","M","M","R","E"],"build_version":"2019-01-23","purchased_purges":2,"victory":false,"max_hp_per_floor":[75,75,75,75,75,75,75,75,75,75,75,75,75,75,75,75,75,75,75,75,75,75,75,75,75,75,75,80,80,80,80,80,80,80,80,80,80,80,80,80,80],"card_choices":[{"not_picked":["Compile Driver","Go for the Eyes"],"picked":"Beam Cell","floor":1.0},{"not_picked":["Turbo","Cold Snap","Heatsinks"],"picked":"SKIP","floor":4.0},{"not_picked":["Conserve Battery","Steam"],"picked":"Hologram","floor":7.0},{"not_picked":["Doom and Gloom","Conserve Battery"],"picked":"Gash","floor":11.0},{"not_picked":["Aggregate","Sweeping Beam"],"picked":"Hologram","floor":12.0},{"not_picked":["Rebound","Capacitor"],"picked":"Beam Cell","floor":13.0},{"not_picked":["Turbo","Rebound"],"picked":"Gash","floor":14.0},{"not_picked":["Machine Learning","Electrodynamics"],"picked":"All For One","floor":16.0},{"not_picked":["Consume+1","Heatsinks"],"picked":"Steam","floor":18.0},{"not_picked":["Barrage","Rebound+1"],"picked":"Leap+1","floor":24.0},{"not_picked":["Coolheaded+1","Turbo+1"],"picked":"Steam","floor":25.0},{"not_picked":["Genetic Algorithm+1","Redo+1","Hologram"],"picked":"SKIP","floor":28.0},{"not_picked":["Redo","Rebound"],"picked":"Meteor Strike","floor":30.0},{"not_picked":["Redo+1","Recycle"],"picked":"Gash","floor":31.0},{"not_picked":["Rainbow","All For One"],"picked":"Creative AI","floor":33},{"not_picked":["Turbo+1","Streamline+1"],"picked":"FTL+1","floor":35},{"not_picked":["Ball Lightning+1","Cold Snap+1"],"picked":"White Noise+1","floor":36},{"not_picked":["Ball Lightning","Darkness+1"],"picked":"Go for the Eyes+1","floor":38},{"not_picked":["Melter","Tempest+1","Doom and Gloom+1"],"picked":"SKIP","floor":39}],"player_experience":2541482,"relics_obtained":[{"floor":9.0,"key":"Oddly Smooth Stone"},{"floor":26.0,"key":"Kunai"}],"event_choices":[{"damage_healed":0.0,"max_hp_gain":0.0,"max_hp_loss":0.0,"gold_gain":0.0,"event_name":"Shining Light","player_choice":"Ignored","floor":3.0,"gold_loss":0.0,"damage_taken":0.0},{"damage_healed":0.0,"max_hp_gain":0.0,"max_hp_loss":0.0,"gold_gain":0.0,"cards_transformed":["Strike_B"],"event_name":"Living Wall","player_choice":"Change","floor":5.0,"gold_loss":0.0,"damage_taken":0.0,"cards_obtained":["Aggregate"]},{"cards_removed":["Static Discharge"],"damage_healed":0.0,"max_hp_gain":0.0,"max_hp_loss":0.0,"gold_gain":0.0,"event_name":"Back to Basics","player_choice":"Elegance","floor":20.0,"gold_loss":0.0,"damage_taken":0.0},{"damage_healed":0.0,"max_hp_gain":0.0,"max_hp_loss":0.0,"gold_gain":0.0,"event_name":"Ghosts","player_choice":"Ignored","floor":21.0,"gold_loss":0.0,"damage_taken":0.0},{"damage_healed":0.0,"max_hp_gain":0.0,"max_hp_loss":0.0,"gold_gain":0.0,"event_name":"Lab","player_choice":"Got Potions","floor":22.0,"gold_loss":0.0,"damage_taken":0.0},{"damage_healed":0.0,"max_hp_gain":0.0,"max_hp_loss":0.0,"gold_gain":0.0,"event_name":"Accursed Blacksmith","player_choice":"Rummage","floor":29.0,"gold_loss":0.0,"damage_taken":0.0,"relics_obtained":["WarpedTongs"],"cards_obtained":["Pain"]}],"is_beta":false,"boss_relics":[{"not_picked":["Cursed Key","FrozenCore"],"picked":"Pandora\u0027s Box"},{"not_picked":["Astrolabe","Fusion Hammer"],"picked":"Sozu"}],"items_purged_floors":[10,37],"is_endless":false,"potions_floor_spawned":[4,13,28,31,33,36],"killed_by":"Reptomancer","ascension_level":0}