{"gold_per_floor":[114,133,133,133,53,64,64,98,122,133,146,146,165,115,115,115],"floor_reached":16,"playtime":918,"items_purged":[],"score":107,"play_id":"77924769-4d06-43cb-aa47-cb87745aa7c0","local_time":"20181219011145","is_ascension_mode":true,"campfire_choices":[{"floor":7,"key":"RECALL"},{"data":"Dualcast","floor":12,"key":"SMITH"},{"data":"Hologram","floor":15,"key":"SMITH"}],"neow_cost":"TEN_PERCENT_HP_LOSS","seed_source_timestamp":347430286280436,"circlet_count":0,"master_deck":["Strike_B","Strike_B","Defend_B","Defend_B","Defend_B","Defend_B","Zap+1","Dualcast+1","Hologram+1","Go for the Eyes","Glacier","Beam Cell","Gash","Defragment","Self Repair","Fission"],"relics":["Cracked Core","Pocketwatch","Orichalcum"],"potions_floor_usage":[],"damage_taken":[{"damage":2,"enemies":"2 Louse","floor":1,"turns":2},{"damage":7,"enemies":"Small Slimes","floor":2,"turns":3},{"damage":0,"enemies":"Cultist","floor":6,"turns":3},{"damage":12,"enemies":"Gremlin Nob","floor":8,"turns":4},{"damage":1,"enemies":"3 Louse","floor":10,"turns":3},{"damage":4,"enemies":"2 Fungi Beasts","floor":11,"turns":4},{"damage":1,"enemies":"Exordium Wildlife","floor":13,"turns":6},{"damage":49,"enemies":"Slime Boss","floor":16,"turns":9}],"seed_played":"-6436913787289585373","potions_obtained":[{"floor":8,"key":"Ancient Potion"},{"floor":10,"key":"GamblersBrew"},{"floor":13,"key":"Dexterity Potion"}],"is_trial":false,"path_per_floor":["M","M","?","?","$","M","R","E","T","M","M","R","M","?","R","B"],"character_chosen":"DEFECT","items_purchased":["Glacier"],"campfire_rested":0,"item_purchase_floors":[5],"current_hp_per_floor":[66,59,59,59,59,59,59,47,47,46,42,42,48,48,48,0],"gold":115,"neow_bonus":"ONE_RARE_RELIC","is_prod":false,"is_daily":false,"chose_seed":false,"campfire_upgraded":2,"win_rate":0,"timestamp":1545199905,"path_taken":["M","M","?","?","$","M","R","E","T","M","M","R","?","?","R","BOSS"],"build_version":"2018-12-13","purchased_purges":0,"victory":false,"max_hp_per_floor":[68,68,68,68,68,68,68,68,68,68,68,68,68,68,68,68],"card_choices":[{"not_picked":["Gash","Barrage"],"picked":"Hologram","floor":1},{"not_picked":["Barrage","Ball Lightning"],"picked":"Go for the Eyes","floor":2},{"not_picked":["Barrage","Gash"],"picked":"Beam Cell","floor":6},{"not_picked":["Rip and Tear","Darkness"],"picked":"Gash","floor":8},{"not_picked":["Stack","Beam Cell"],"picked":"Defragment","floor":10},{"not_picked":["Auto Shields","Recycle"],"picked":"Self Repair","floor":11},{"not_picked":["Stack","Cold Snap"],"picked":"Fission","floor":13}],"player_experience":145883,"relics_obtained":[{"floor":8,"key":"Orichalcum"}],"event_choices":[{"damage_healed":0,"gold_gain":0,"player_choice":"Grow","damage_taken":0,"max_hp_gain":0,"max_hp_loss":0,"event_name":"Living Wall","floor":3,"gold_loss":0,"cards_upgraded":["Zap"]},{"cards_removed":["Strike_B"],"damage_healed":0,"gold_gain":0,"player_choice":"Offered Basic","damage_taken":0,"max_hp_gain":0,"max_hp_loss":0,"event_name":"Bonfire Elementals","floor":4,"gold_loss":0},{"cards_removed":["Strike_B"],"damage_healed":0,"gold_gain":0,"player_choice":"Card Removal","damage_taken":0,"max_hp_gain":0,"max_hp_loss":0,"event_name":"The Cleric","floor":14,"gold_loss":50}],"is_beta":false,"boss_relics":[],"items_purged_floors":[],"is_endless":false,"potions_floor_spawned":[8,10,13],"killed_by":"Slime Boss","ascension_level":1}