{"gold_per_floor":[109,109,109,121,136,136,165,165,191,208,208,240,240],"floor_reached":13,"playtime":864,"items_purged":[],"score":130,"play_id":"9a645bea-7fdf-4b29-a7ba-ba9385809b7b","local_time":"20190202181433","is_ascension_mode":true,"campfire_choices":[{"data":"Zap","floor":6,"key":"SMITH"},{"data":"Steam","floor":8,"key":"SMITH"}],"neow_cost":"NONE","seed_source_timestamp":103954041458809,"circlet_count":0,"master_deck":["Strike_B","Strike_B","Strike_B","Defend_B","Defend_B","Defend_B","Defend_B+1","Zap+1","Dualcast","Go for the Eyes","Amplify","Regret","Glacier+1","Steam+1","Melter","Capacitor"],"relics":["Cracked Core","NeowsBlessing","Omamori","Happy Flower","Smiling Mask","War Paint","Letter Opener"],"potions_floor_usage":[10,12,12],"damage_taken":[{"damage":0,"enemies":"2 Louse","floor":1,"turns":1},{"damage":0,"enemies":"Jaw Worm","floor":4,"turns":1},{"damage":0,"enemies":"Small Slimes","floor":5,"turns":1},{"damage":37,"enemies":"3 Sentries","floor":7,"turns":15},{"damage":2,"enemies":"Exordium Wildlife","floor":10,"turns":4},{"damage":16,"enemies":"Gremlin Nob","floor":12,"turns":5},{"damage":5,"enemies":"Blue Slaver","floor":13,"turns":1}],"seed_played":"-318809450789073646","potions_obtained":[{"floor":1,"key":"SteroidPotion"},{"floor":5,"key":"Poison Potion"},{"floor":7,"key":"GamblersBrew"}],"is_trial":false,"path_per_floor":["M","?","?","M","M","R","E","R","T","M","?","E","M"],"character_chosen":"DEFECT","items_purchased":[],"campfire_rested":0,"item_purchase_floors":[],"current_hp_per_floor":[68,68,68,68,68,68,31,31,31,29,17,1,0],"gold":240,"neow_bonus":"THREE_ENEMY_KILL","is_prod":false,"is_daily":false,"chose_seed":false,"campfire_upgraded":2,"win_rate":0,"timestamp":1549149273,"path_taken":["M","?","?","M","M","R","E","R","T","M","?","E","M"],"build_version":"2019-01-23","purchased_purges":0,"victory":false,"max_hp_per_floor":[75,75,75,75,75,75,75,75,75,75,75,75,75],"card_choices":[{"not_picked":["Skim","Beam Cell"],"picked":"Go for the Eyes","floor":1},{"not_picked":["Coolheaded","Rebound"],"picked":"Glacier","floor":4},{"not_picked":["Barrage","Leap"],"picked":"Steam","floor":5},{"not_picked":["Aggregate","Turbo","Steam Power"],"picked":"SKIP","floor":7},{"not_picked":["Steam","Redo"],"picked":"Melter","floor":10},{"not_picked":["Redo","Coolheaded"],"picked":"Capacitor","floor":12}],"player_experience":560544,"relics_obtained":[{"floor":7,"key":"Happy Flower"},{"floor":9,"key":"Smiling Mask"},{"floor":12,"key":"Letter Opener"}],"event_choices":[{"damage_healed":0,"gold_gain":0,"cards_transformed":["Strike_B"],"player_choice":"Change","damage_taken":0,"max_hp_gain":0,"max_hp_loss":0,"event_name":"Living Wall","floor":2,"gold_loss":0,"cards_obtained":["Amplify"]},{"damage_healed":0,"gold_gain":0,"player_choice":"Box","damage_taken":0,"relics_obtained":["Omamori"],"max_hp_gain":0,"max_hp_loss":0,"event_name":"Big Fish","floor":3,"gold_loss":0,"cards_obtained":["Regret"]},{"damage_healed":0,"gold_gain":0,"player_choice":"Success","damage_taken":12,"relics_obtained":["War Paint"],"max_hp_gain":0,"max_hp_loss":0,"event_name":"Scrap Ooze","floor":11,"gold_loss":0}],"is_beta":false,"boss_relics":[],"items_purged_floors":[],"is_endless":false,"potions_floor_spawned":[1,5,7],"killed_by":"Blue Slaver","ascension_level":8}