{"gold_per_floor":[115,115,133,133,153,153,153,187,187,187,187,187],"floor_reached":12,"playtime":358,"items_purged":[],"score":141,"play_id":"aa673a6e-ea14-4577-b99d-d9b076512f3a","local_time":"20190428165312","is_ascension_mode":true,"campfire_choices":[{"floor":6.0,"key":"REST"}],"neow_cost":"PERCENT_DAMAGE","seed_source_timestamp":254079984735275,"circlet_count":0,"master_deck":["AscendersBane","Strike_R","Strike_R","Strike_R","Strike_R","Defend_R","Defend_R","Defend_R","Defend_R","Bash","Limit Break+1","Heavy Blade","Sword Boomerang"],"special_seed":0,"relics":["Burning Blood","Golden Idol","Bag of Preparation","Kunai"],"potions_floor_usage":[12],"damage_taken":[{"damage":4.0,"enemies":"2 Louse","floor":1.0,"turns":4.0},{"damage":6.0,"enemies":"Cultist","floor":3.0,"turns":3.0},{"damage":7.0,"enemies":"Small Slimes","floor":5.0,"turns":3.0},{"damage":20.0,"enemies":"3 Sentries","floor":8.0,"turns":6.0},{"damage":40,"enemies":"Lagavulin","floor":12,"turns":6}],"seed_played":"926797208271176854","potions_obtained":[{"floor":1.0,"key":"PowerPotion"},{"floor":5.0,"key":"Weak Potion"}],"is_trial":false,"path_per_floor":["M","?","M","?","M","R","?","E","T","$","?","E"],"character_chosen":"IRONCLAD","items_purchased":[],"campfire_rested":1,"item_purchase_floors":[],"current_hp_per_floor":[52,52,52,26,25,47,52,38,38,38,38,0],"gold":187,"neow_bonus":"THREE_RARE_CARDS","is_prod":false,"is_daily":false,"chose_seed":false,"campfire_upgraded":0,"win_rate":0,"timestamp":1556479392,"path_taken":["M","?","?","?","M","R","?","E","T","$","?","E"],"build_version":"2019-01-23","purchased_purges":0,"victory":false,"max_hp_per_floor":[75,75,75,75,75,75,80,80,80,80,80,80],"card_choices":[{"not_picked":["Reaper","Dark Embrace"],"picked":"Limit Break","floor":0.0},{"not_picked":["Seeing Red","Anger"],"picked":"Heavy Blade","floor":1.0},{"not_picked":["Clash","Perfected Strike"],"picked":"Sword Boomerang","floor":3.0},{"not_picked":["Bloodletting","Anger","Clothesline"],"picked":"SKIP","floor":5.0},{"not_picked":["Clash","Entrench","Havoc"],"picked":"SKIP","floor":8.0}],"player_experience":1159670,"relics_obtained":[{"floor":8.0,"key":"Bag of Preparation"},{"floor":9.0,"key":"Kunai"}],"event_choices":[{"cards_removed":["Strike_R"],"damage_healed":0.0,"max_hp_gain":0.0,"max_hp_loss":0.0,"gold_gain":0.0,"event_name":"Bonfire Elementals","player_choice":"Offered Basic","floor":2.0,"gold_loss":0.0,"damage_taken":0.0},{"damage_healed":0.0,"max_hp_gain":0.0,"max_hp_loss":0.0,"gold_gain":0.0,"event_name":"Golden Idol","player_choice":"Take Damage","floor":4.0,"gold_loss":0.0,"damage_taken":26.0,"relics_obtained":["Golden Idol"]},{"damage_healed":0.0,"max_hp_gain":5.0,"max_hp_loss":0.0,"gold_gain":0.0,"event_name":"Big Fish","player_choice":"Donut","floor":7.0,"gold_loss":0.0,"damage_taken":0.0},{"damage_healed":0.0,"max_hp_gain":0.0,"max_hp_loss":0.0,"gold_gain":0.0,"event_name":"Accursed Blacksmith","player_choice":"Forge","floor":11.0,"gold_loss":0.0,"damage_taken":0.0,"cards_upgraded":["Limit Break"]}],"is_beta":false,"boss_relics":[],"items_purged_floors":[],"is_endless":false,"potions_floor_spawned":[1,5],"killed_by":"Lagavulin","ascension_level":17}