{"gold_per_floor":[110,210,85,103,3,31,31,46,46,321,339,143,143,168,168,168],"floor_reached":16,"playtime":623,"items_purged":["Defend_R","Defend_R","Regret"],"score":233,"play_id":"33871d2f-9b5e-4504-9233-f95d7aa41631","local_time":"20190520155950","is_ascension_mode":true,"campfire_choices":[{"data":"Shrug It Off","floor":7,"key":"SMITH"},{"data":"Fire Breathing","floor":13,"key":"SMITH"},{"data":"Havoc","floor":15,"key":"SMITH"}],"neow_cost":"NONE","seed_source_timestamp":4415357777836784,"circlet_count":0,"master_deck":["AscendersBane","Strike_R","Strike_R","Strike_R","Strike_R","Strike_R","Defend_R","Defend_R","Bash","Fire Breathing","Shrug It Off+1","Clash","Pommel Strike","Havoc+1","Fire Breathing+1"],"relics":["Burning Blood","NeowsBlessing","Self Forming Clay","Darkstone Periapt","Magic Flower"],"potions_floor_usage":[14,16],"damage_taken":[{"damage":0,"enemies":"2 Louse","floor":1,"turns":1},{"damage":0,"enemies":"Cultist","floor":4,"turns":1},{"damage":0,"enemies":"Lagavulin","floor":6,"turns":1},{"damage":8,"enemies":"Jaw Worm","floor":8,"turns":4},{"damage":14,"enemies":"Looter","floor":11,"turns":3},{"damage":31,"enemies":"3 Sentries","floor":14,"turns":7},{"damage":49,"enemies":"Hexaghost","floor":16,"turns":9}],"seed_played":"-177760508841647846","potions_obtained":[{"floor":1,"key":"Strength Potion"},{"floor":4,"key":"SteroidPotion"},{"floor":6,"key":"GamblersBrew"}],"is_trial":false,"path_per_floor":["M","?","$","M","$","E","R","M","T","?","M","$","R","E","R","B"],"character_chosen":"IRONCLAD","items_purchased":["Shrug It Off","Fire Breathing"],"campfire_rested":0,"item_purchase_floors":[3,12],"current_hp_per_floor":[74,74,74,75,75,75,75,73,73,79,71,71,71,46,46,0],"gold":168,"neow_bonus":"THREE_ENEMY_KILL","is_prod":false,"is_daily":false,"chose_seed":false,"campfire_upgraded":3,"win_rate":0,"timestamp":1558360790,"path_taken":["M","?","?","M","$","E","R","?","T","?","M","$","R","E","R","BOSS"],"build_version":"2019-01-23","purchased_purges":3,"victory":false,"max_hp_per_floor":[75,75,75,75,75,75,75,75,75,81,81,81,81,81,81,81],"card_choices":[{"not_picked":["Infernal Blade","Corruption"],"picked":"Fire Breathing","floor":1},{"not_picked":["Twin Strike","Wild Strike"],"picked":"Clash","floor":4},{"not_picked":["Dark Embrace","Corruption","Heavy Blade"],"picked":"SKIP","floor":6},{"not_picked":["Searing Blow","Corruption"],"picked":"Pommel Strike","floor":8},{"not_picked":["Iron Wave","Immolate"],"picked":"Havoc","floor":11},{"not_picked":["Wild Strike","Havoc","Body Slam"],"picked":"SKIP","floor":14}],"player_experience":574479,"relics_obtained":[{"floor":6,"key":"Self Forming Clay"},{"floor":9,"key":"Darkstone Periapt"},{"floor":14,"key":"Magic Flower"}],"event_choices":[{"damage_healed":0,"gold_gain":100,"player_choice":"Gold","damage_taken":0,"max_hp_gain":0,"max_hp_loss":0,"event_name":"Wheel of Change","floor":2,"gold_loss":0},{"damage_healed":0,"gold_gain":275,"player_choice":"Desecrate","damage_taken":0,"max_hp_gain":0,"max_hp_loss":0,"event_name":"Golden Shrine","floor":10,"gold_loss":0,"cards_obtained":["Regret"]}],"is_beta":false,"boss_relics":[],"items_purged_floors":[3,5,12],"is_endless":false,"potions_floor_spawned":[1,4,6,8],"killed_by":"Hexaghost","ascension_level":15}