{"gold_per_floor":[20,20,36,51,63,63,73,73,97,107,122,122],"floor_reached":12,"playtime":698,"items_purged":[],"score":144,"play_id":"76f455ef-5134-431f-96e6-ed1dd5ed73af","local_time":"20190521093359","is_ascension_mode":true,"campfire_choices":[{"floor":6,"key":"REST"},{"floor":8,"key":"REST"}],"neow_cost":"NO_GOLD","seed_source_timestamp":54104181333750,"circlet_count":0,"master_deck":["AscendersBane","Defend_G","Defend_G","Defend_G","Defend_G","Defend_G","Strike_G","Strike_G","Strike_G","Survivor","Neutralize","Doppelganger","Dodge and Roll","Poisoned Stab","Poisoned Stab","Escape Plan","Deadly Poison","Dodge and Roll","Footwork"],"relics":["Ring of the Snake","Boot"],"potions_floor_usage":[7,11,12,12],"damage_taken":[{"damage":0,"enemies":"2 Louse","floor":1,"turns":3},{"damage":1,"enemies":"Small Slimes","floor":3,"turns":4},{"damage":1,"enemies":"Jaw Worm","floor":4,"turns":3},{"damage":21,"enemies":"Large Slime","floor":5,"turns":8},{"damage":32,"enemies":"Exordium Wildlife","floor":7,"turns":8},{"damage":16,"enemies":"Lots of Slimes","floor":10,"turns":7},{"damage":11,"enemies":"Exordium Thugs","floor":11,"turns":6},{"damage":22,"enemies":"Gremlin Nob","floor":12,"turns":3}],"seed_played":"-9191035389930918012","potions_obtained":[{"floor":5,"key":"Swift Potion"},{"floor":7,"key":"GamblersBrew"},{"floor":10,"key":"LiquidBronze"},{"floor":11,"key":"Dexterity Potion"}],"is_trial":false,"path_per_floor":["M","?","M","M","M","R","M","R","T","M","M","?"],"character_chosen":"THE_SILENT","items_purchased":[],"campfire_rested":2,"item_purchase_floors":[],"current_hp_per_floor":[59,59,58,57,36,55,23,42,42,26,15,0],"gold":122,"neow_bonus":"TRANSFORM_TWO_CARDS","is_prod":false,"is_daily":false,"chose_seed":false,"campfire_upgraded":0,"win_rate":0,"timestamp":1558449239,"path_taken":["M","?","M","M","M","R","M","R","T","M","M","?"],"build_version":"2019-01-23","purchased_purges":0,"victory":false,"max_hp_per_floor":[66,66,66,66,66,66,66,66,66,66,66,66],"card_choices":[{"not_picked":["Underhanded Strike","Deflect"],"picked":"Poisoned Stab","floor":1},{"not_picked":["Riddle With Holes","Underhanded Strike"],"picked":"Poisoned Stab","floor":3},{"not_picked":["Blade Dance","Sucker Punch"],"picked":"Escape Plan","floor":4},{"not_picked":["Eviscerate","Dagger Throw","Quick Slash"],"picked":"SKIP","floor":5},{"not_picked":["Prepared","Storm of Steel"],"picked":"Deadly Poison","floor":7},{"not_picked":["Slice","Dagger Throw"],"picked":"Dodge and Roll","floor":10},{"not_picked":["Prepared","Noxious Fumes"],"picked":"Footwork","floor":11}],"player_experience":707041,"relics_obtained":[{"floor":9,"key":"Boot"}],"event_choices":[{"damage_healed":0,"gold_gain":0,"player_choice":"Ignored","damage_taken":0,"max_hp_gain":0,"max_hp_loss":0,"event_name":"Liars Game","floor":2,"gold_loss":0},{"damage_healed":0,"gold_gain":0,"player_choice":"Searched \u00271\u0027 times","damage_taken":0,"max_hp_gain":0,"max_hp_loss":0,"event_name":"Dead Adventurer","floor":12,"gold_loss":0}],"is_beta":false,"boss_relics":[],"items_purged_floors":[],"is_endless":false,"potions_floor_spawned":[5,7,10,11],"killed_by":"Gremlin Nob","ascension_level":19}