{"gold_per_floor":[113,22,22,47,60,91,91,91,91,130,305,305,340,361,361,490,490,515,515,540,35,35,35,35,73,99,118,118,78,37,51,51,172,172,187,187,312,645,656,656,656,687,687,687,687,12,67,86,86,86],"floor_reached":51,"playtime":7613,"items_purged":["Strike_G"],"score":1068,"play_id":"89fa2120-0e9d-4975-9899-02fdeb550d2c","local_time":"20190104233608","is_ascension_mode":true,"campfire_choices":[{"data":"Jack Of All Trades","floor":7,"key":"SMITH"},{"data":"Doubt","floor":12,"key":"PURGE"},{"floor":15,"key":"REST"},{"data":"Magnetism","floor":23,"key":"SMITH"},{"floor":32,"key":"REST"},{"floor":41,"key":"REST"},{"data":"After Image","floor":45,"key":"SMITH"},{"data":"Well Laid Plans","floor":49,"key":"PURGE"}],"neow_cost":"NONE","seed_source_timestamp":17574447618194,"circlet_count":0,"master_deck":["Defend_G+1","Defend_G+1","Defend_G+1","Defend_G+1","Defend_G+1","Strike_G+1","Strike_G+1","Strike_G+1","Strike_G+1","Survivor+1","Neutralize","Finesse","Jack Of All Trades+1","Backflip","Backstab","Deflect","Well Laid Plans+1","Storm of Steel","Reflex+1","Blade Dance","Magnetism+1","Leg Sweep","Dash","Well Laid Plans","Blade Dance+1","After Image+1","Terror+1","Envenom+1","All Out Attack+1","Madness","Madness","Cloak And Dagger+1","Endless Agony","Dramatic Entrance","Bandage Up","Dramatic Entrance","Finisher+1","Apotheosis","Cloak And Dagger"],"relics":["Ring of the Snake","Dead Branch","Peace Pipe","Boot","Gremlin Horn","Sozu","PreservedInsect","Art of War","Juzu Bracelet","Astrolabe","Mango","The Courier","Nunchaku","Tough Bandages","StoneCalendar","Torii"],"potions_floor_usage":[6,16,25,25,44],"damage_taken":[{"damage":4,"enemies":"2 Louse","floor":1,"turns":4},{"damage":0,"enemies":"Small Slimes","floor":4,"turns":4},{"damage":6,"enemies":"Cultist","floor":5,"turns":5},{"damage":17,"enemies":"3 Sentries","floor":6,"turns":9},{"damage":1,"enemies":"Lagavulin","floor":10,"turns":5},{"damage":2,"enemies":"3 Sentries","floor":13,"turns":5},{"damage":0,"enemies":"Looter","floor":14,"turns":1},{"damage":22,"enemies":"The Guardian","floor":16,"turns":8},{"damage":2,"enemies":"Chosen","floor":18,"turns":3},{"damage":0,"enemies":"3 Byrds","floor":20,"turns":1},{"damage":18,"enemies":"Slavers","floor":25,"turns":4},{"damage":0,"enemies":"Cultist and Chosen","floor":27,"turns":4},{"damage":17,"enemies":"Centurion and Healer","floor":31,"turns":6},{"damage":12,"enemies":"Collector","floor":33,"turns":4},{"damage":0,"enemies":"Orb Walker","floor":35,"turns":3},{"damage":0,"enemies":"Mind Bloom Boss Battle","floor":37,"turns":3},{"damage":8,"enemies":"3 Shapes","floor":39,"turns":2},{"damage":0,"enemies":"Reptomancer","floor":42,"turns":2},{"damage":0,"enemies":"Writhing Mass","floor":44,"turns":8},{"damage":0,"enemies":"2 Orb Walkers","floor":47,"turns":1},{"damage":0,"enemies":"Jaw Worm Horde","floor":48,"turns":4},{"damage":12,"enemies":"Awakened One","floor":50,"turns":8}],"seed_played":"-1670477905529755104","potions_obtained":[{"floor":4,"key":"SmokeBomb"},{"floor":5,"key":"AttackPotion"},{"floor":6,"key":"LiquidBronze"},{"floor":13,"key":"Energy Potion"},{"floor":16,"key":"Fire Potion"}],"is_trial":false,"path_per_floor":["M","$","?","M","M","E","R","?","T","E","?","R","E","M","R","B",null,"M","?","M","$","?","R","$","E","T","M","?","?","$","M","R","B",null,"M","?","?","?","M","?","R","E","T","M","R","$","?","M","R","B",null],"character_chosen":"THE_SILENT","items_purchased":["Jack Of All Trades","Blade Dance","Magnetism","PreservedInsect","Well Laid Plans","Well Laid Plans","Tough Bandages","StoneCalendar","Apotheosis","Cloak And Dagger"],"campfire_rested":3,"item_purchase_floors":[2,21,21,21,21,30,46,46,46,46],"current_hp_per_floor":[59,59,59,59,53,36,36,23,23,22,22,22,20,20,39,17,53,51,51,51,51,51,51,51,33,33,33,33,33,33,16,35,23,55,55,47,61,61,53,43,66,70,70,74,74,74,74,79,79,67],"gold":86,"neow_bonus":"RANDOM_COLORLESS","is_prod":false,"is_daily":false,"chose_seed":false,"campfire_upgraded":3,"win_rate":0,"timestamp":1546666568,"path_taken":["M","$","?","M","M","E","R","?","T","E","?","R","E","M","R","BOSS","M","?","?","$","?","R","?","E","T","M","?","?","?","M","R","BOSS","M","?","?","?","M","?","R","E","T","M","R","$","?","M","R","BOSS"],"build_version":"2019-01-03v4","purchased_purges":1,"victory":true,"max_hp_per_floor":[70,70,65,65,65,65,65,65,65,65,65,65,65,65,65,65,65,65,65,65,65,65,65,65,65,65,65,65,65,65,65,65,65,65,65,65,79,79,79,79,79,79,79,79,79,79,79,79,79,79],"card_choices":[{"not_picked":["Deflect","Blade Dance"],"picked":"Poisoned Stab","floor":1},{"not_picked":["Prepared","Dagger Throw"],"picked":"Backflip","floor":4},{"not_picked":["Choke","Cloak And Dagger"],"picked":"Backstab","floor":5},{"not_picked":["Quick Slash","Grand Finale"],"picked":"Dagger Spray","floor":6},{"not_picked":["Bane","Acrobatics","Accuracy"],"picked":"SKIP","floor":10},{"not_picked":["Sucker Punch","Slice"],"picked":"Deflect","floor":13},{"not_picked":["Flying Knee","Deadly Poison"],"picked":"Well Laid Plans","floor":14},{"not_picked":["Phantasmal Killer","A Thousand Cuts"],"picked":"Storm of Steel","floor":16},{"not_picked":["Underhanded Strike+1","Flying Knee"],"picked":"Reflex+1","floor":18},{"not_picked":["Dodge and Roll","Dagger Spray+1"],"picked":"Catalyst","floor":20},{"not_picked":["PiercingWail+1","Underhanded Strike+1"],"picked":"Leg Sweep","floor":25},{"not_picked":["Deadly Poison","Acrobatics"],"picked":"Dash","floor":27},{"not_picked":["Dagger Spray","Quick Slash"],"picked":"Blade Dance+1","floor":31},{"not_picked":["Bullet Time","Die Die Die"],"picked":"After Image","floor":33},{"not_picked":["Dagger Spray","All Out Attack","Bane"],"picked":"SKIP","floor":35},{"not_picked":["Quick Slash","Poisoned Stab"],"picked":"Cloak And Dagger+1","floor":37},{"not_picked":["Dodge and Roll+1","Flying Knee+1"],"picked":"Endless Agony","floor":39},{"not_picked":["Finesse","Flash of Steel"],"picked":"Dramatic Entrance","floor":40},{"not_picked":["Enlightenment","Forethought"],"picked":"Bandage Up","floor":40},{"not_picked":["Dark Shackles","Apotheosis"],"picked":"Dramatic Entrance","floor":40},{"not_picked":["Poisoned Stab+1","Accuracy+1"],"picked":"Finisher+1","floor":42},{"not_picked":["Concentrate","PiercingWail","Well Laid Plans+1"],"picked":"SKIP","floor":48}],"player_experience":464778,"relics_obtained":[{"floor":6,"key":"Dead Branch"},{"floor":9,"key":"Peace Pipe"},{"floor":10,"key":"Boot"},{"floor":13,"key":"Gremlin Horn"},{"floor":25,"key":"Art of War"},{"floor":26,"key":"Juzu Bracelet"},{"floor":37,"key":"Mango"},{"floor":42,"key":"The Courier"},{"floor":43,"key":"Nunchaku"},{"floor":47,"key":"Torii"}],"event_choices":[{"damage_healed":0,"gold_gain":0,"player_choice":"Lose Max HP","damage_taken":0,"relics_obtained":["Golden Idol"],"max_hp_gain":0,"max_hp_loss":5,"event_name":"Golden Idol","floor":3,"gold_loss":0},{"damage_healed":0,"gold_gain":0,"player_choice":"Entered Light","damage_taken":13,"max_hp_gain":0,"max_hp_loss":0,"event_name":"Shining Light","floor":8,"gold_loss":0,"cards_upgraded":["Strike_G","Survivor"]},{"damage_healed":0,"gold_gain":175,"player_choice":"AGREE","damage_taken":0,"max_hp_gain":0,"max_hp_loss":0,"event_name":"Liars Game","floor":11,"gold_loss":0,"cards_obtained":["Doubt"]},{"damage_healed":0,"gold_gain":0,"player_choice":"Bought 0 Potions","damage_taken":0,"max_hp_gain":0,"max_hp_loss":0,"event_name":"The Woman in Blue","floor":19,"gold_loss":0},{"damage_healed":0,"gold_gain":0,"player_choice":"Simplicity","damage_taken":0,"max_hp_gain":0,"max_hp_loss":0,"event_name":"Back to Basics","floor":22,"gold_loss":0,"cards_upgraded":["Defend_G","Defend_G","Defend_G","Defend_G","Defend_G","Strike_G","Strike_G","Strike_G"]},{"damage_healed":0,"gold_gain":0,"player_choice":"0 cards matched","damage_taken":0,"max_hp_gain":0,"max_hp_loss":0,"event_name":"Match and Keep!","floor":28,"gold_loss":0,"cards_obtained":[]},{"damage_healed":0,"gold_gain":0,"player_choice":"Upgrade","damage_taken":0,"max_hp_gain":0,"max_hp_loss":0,"event_name":"Designer","floor":29,"gold_loss":40,"cards_upgraded":["Well Laid Plans"]},{"damage_healed":0,"gold_gain":0,"player_choice":"Embrace Madness","damage_taken":8,"max_hp_gain":0,"max_hp_loss":0,"event_name":"Winding Halls","floor":36,"gold_loss":0,"cards_obtained":["Madness","Madness"]},{"damage_healed":0,"gold_gain":0,"player_choice":"Fight","damage_taken":0,"max_hp_gain":0,"max_hp_loss":0,"event_name":"MindBloom","floor":37,"gold_loss":0},{"damage_healed":0,"gold_gain":333,"player_choice":"Gave Idol","damage_taken":0,"max_hp_gain":0,"max_hp_loss":0,"event_name":"The Moai Head","floor":38,"relics_lost":["Golden Idol"],"gold_loss":0},{"damage_healed":0,"gold_gain":0,"player_choice":"Memory 3","damage_taken":10,"max_hp_gain":0,"max_hp_loss":0,"event_name":"SensoryStone","floor":40,"gold_loss":0},{"damage_healed":0,"gold_gain":0,"player_choice":"Fight","damage_taken":0,"max_hp_gain":0,"max_hp_loss":0,"event_name":"Mysterious Sphere","floor":47,"gold_loss":0}],"is_beta":false,"boss_relics":[{"not_picked":["Lizard Tail","Cursed Key"],"picked":"Sozu"},{"not_picked":["Eternal Feather","HoveringKite"],"picked":"Astrolabe"}],"items_purged_floors":[21],"is_endless":false,"potions_floor_spawned":[4,5,6,13,16,18,39,44],"ascension_level":8}