{"gold_per_floor":[20,20,37,56,69,69,79,96,96,80,80,80,110,123,123,220,220,220,270,290,309,309],"floor_reached":22,"playtime":1233,"items_purged":[],"score":288,"play_id":"87ebc6fd-0c12-4e8d-8459-1dcb27f6f6c8","local_time":"20190329011752","is_ascension_mode":true,"campfire_choices":[{"data":"White Noise","floor":6,"key":"SMITH"},{"data":"Buffer","floor":12,"key":"SMITH"},{"data":"Sunder","floor":15,"key":"SMITH"}],"neow_cost":"NO_GOLD","seed_source_timestamp":230809271211100,"circlet_count":0,"master_deck":["AscendersBane","Strike_B","Strike_B","Defend_B","Defend_B","Defend_B","Defend_B","Zap","Dualcast","Sweeping Beam","Self Repair","Conserve Battery","White Noise+1","Buffer+1","Gash","Core Surge","Zap","Sunder+1","Coolheaded","Self Repair","Reboot","Self Repair","Loop","Beam Cell","Beam Cell","Storm","Auto Shields","Tempest","Gash","Reinforced Body"],"relics":["Cracked Core","Gremlin Horn","Prayer Wheel","Orrery"],"potions_floor_usage":[7,8,18,21],"damage_taken":[{"damage":1,"enemies":"2 Louse","floor":1,"turns":2},{"damage":1,"enemies":"Cultist","floor":3,"turns":3},{"damage":2,"enemies":"Small Slimes","floor":4,"turns":3},{"damage":5,"enemies":"Red Slaver","floor":5,"turns":4},{"damage":0,"enemies":"Gremlin Gang","floor":7,"turns":3},{"damage":0,"enemies":"Looter","floor":8,"turns":4},{"damage":8,"enemies":"Exordium Thugs","floor":10,"turns":4},{"damage":39,"enemies":"Gremlin Nob","floor":13,"turns":5},{"damage":0,"enemies":"Large Slime","floor":14,"turns":4},{"damage":37,"enemies":"The Guardian","floor":16,"turns":14},{"damage":14,"enemies":"3 Byrds","floor":18,"turns":3},{"damage":11,"enemies":"Spheric Guardian","floor":20,"turns":4},{"damage":55,"enemies":"Centurion and Healer","floor":21,"turns":10},{"damage":30,"enemies":"Snake Plant","floor":22,"turns":2}],"seed_played":"-2021201902672526844","potions_obtained":[{"floor":1,"key":"Ancient Potion"},{"floor":2,"key":"SmokeBomb"},{"floor":2,"key":"AttackPotion"},{"floor":7,"key":"SteroidPotion"},{"floor":8,"key":"Fruit Juice"},{"floor":16,"key":"Ancient Potion"},{"floor":20,"key":"Poison Potion"}],"is_trial":false,"path_per_floor":["M","?","M","M","M","R","M","M","T","M","?","R","E","M","R","B",null,"M","?","M","M","M"],"character_chosen":"DEFECT","items_purchased":[],"campfire_rested":0,"item_purchase_floors":[],"current_hp_per_floor":[67,67,66,71,66,66,73,80,80,79,79,79,47,54,54,31,68,61,61,57,23,0],"gold":309,"neow_bonus":"REMOVE_TWO","is_prod":false,"is_daily":false,"chose_seed":false,"campfire_upgraded":3,"win_rate":0,"timestamp":1553836672,"path_taken":["M","?","M","?","M","R","M","M","T","M","?","R","E","?","R","BOSS","M","?","?","?","M"],"build_version":"2019-01-23","purchased_purges":0,"victory":false,"max_hp_per_floor":[75,75,75,75,75,75,75,80,80,80,80,80,80,80,80,80,80,80,80,80,80,80],"card_choices":[{"not_picked":["Force Field","Stack"],"picked":"Sweeping Beam","floor":1},{"not_picked":["Scrape","Steam"],"picked":"Self Repair","floor":3},{"not_picked":["Cold Snap","Leap"],"picked":"Conserve Battery","floor":4},{"not_picked":["Streamline","Chaos"],"picked":"White Noise","floor":5},{"not_picked":["Beam Cell","Go for the Eyes"],"picked":"Buffer","floor":7},{"not_picked":["Turbo","Barrage"],"picked":"Gash","floor":8},{"not_picked":["Redo","Beam Cell"],"picked":"Core Surge","floor":10},{"not_picked":["Ball Lightning","Lockon"],"picked":"Sunder","floor":13},{"not_picked":["Sweeping Beam","Redo"],"picked":"Coolheaded","floor":14},{"not_picked":["Sweeping Beam","Glacier"],"picked":"Self Repair","floor":14},{"not_picked":["All For One","Seek"],"picked":"Reboot","floor":16},{"not_picked":["Barrage","Consume"],"picked":"Self Repair","floor":17},{"not_picked":["Consume","Hologram"],"picked":"Loop","floor":17},{"not_picked":["Chill","Ball Lightning"],"picked":"Beam Cell","floor":17},{"not_picked":["Stack","Streamline"],"picked":"Beam Cell","floor":17},{"not_picked":["Cold Snap","Stack"],"picked":"Storm","floor":17},{"not_picked":["Steam","Undo+1"],"picked":"Auto Shields","floor":20},{"not_picked":["Leap","Rainbow"],"picked":"Tempest","floor":20},{"not_picked":["Ball Lightning","Compile Driver+1"],"picked":"Gash","floor":21},{"not_picked":["Genetic Algorithm","Self Repair+1"],"picked":"Reinforced Body","floor":21}],"player_experience":2534153,"relics_obtained":[{"floor":9,"key":"Gremlin Horn"},{"floor":13,"key":"Prayer Wheel"}],"event_choices":[{"damage_healed":0,"gold_gain":0,"player_choice":"Got Potions","damage_taken":0,"max_hp_gain":0,"max_hp_loss":0,"event_name":"Lab","floor":2,"gold_loss":0},{"damage_healed":0,"gold_gain":0,"player_choice":"1 cards matched","damage_taken":0,"max_hp_gain":0,"max_hp_loss":0,"event_name":"Match and Keep!","floor":11,"gold_loss":0,"cards_obtained":["Zap"]},{"damage_healed":0,"gold_gain":100,"player_choice":"Bet on Murderer","damage_taken":0,"max_hp_gain":0,"max_hp_loss":0,"event_name":"The Joust","floor":19,"gold_loss":50}],"is_beta":false,"boss_relics":[{"not_picked":["Snecko Eye","Runic Dome"],"picked":"Orrery"}],"items_purged_floors":[],"is_endless":false,"potions_floor_spawned":[1,7,8,16,18,20],"killed_by":"Snake Plant","ascension_level":10}