{"gold_per_floor":[119,131,147,147,167,193,193,193,193,193,193],"floor_reached":11,"playtime":931,"items_purged":[],"score":131,"play_id":"bb53dc1f-2285-4d20-a5e2-4ece14c1bc61","local_time":"20190519204827","is_ascension_mode":true,"campfire_choices":[{"floor":7,"key":"REST"},{"floor":10,"key":"REST"}],"neow_cost":"NONE","seed_source_timestamp":472336486740027,"circlet_count":0,"master_deck":["AscendersBane","Defend_G","Defend_G","Defend_G","Defend_G","Defend_G","Strike_G","Strike_G","Strike_G","Strike_G","Strike_G","Survivor","Neutralize","Doppelganger","Predator","PiercingWail","Footwork","Caltrops"],"relics":["Ring of the Snake","Blood Vial","Meat on the Bone"],"potions_floor_usage":[6],"damage_taken":[{"damage":6,"enemies":"Cultist","floor":1,"turns":5},{"damage":0,"enemies":"Jaw Worm","floor":2,"turns":5},{"damage":5,"enemies":"Small Slimes","floor":3,"turns":5},{"damage":2,"enemies":"Red Slaver","floor":5,"turns":5},{"damage":31,"enemies":"3 Sentries","floor":6,"turns":15},{"damage":39,"enemies":"Gremlin Gang","floor":11,"turns":3}],"seed_played":"-130520901521267782","potions_obtained":[{"floor":1,"key":"SpeedPotion"}],"is_trial":false,"path_per_floor":["M","M","M","?","M","E","R","?","T","R","M"],"character_chosen":"THE_SILENT","items_purchased":[],"campfire_rested":2,"item_purchase_floors":[],"current_hp_per_floor":[53,53,48,48,46,15,34,8,8,27,0],"gold":193,"neow_bonus":"ONE_RANDOM_RARE_CARD","is_prod":false,"is_daily":false,"chose_seed":false,"campfire_upgraded":0,"win_rate":0,"timestamp":1558316907,"path_taken":["M","M","M","?","M","E","R","?","T","R","M"],"build_version":"2019-01-23","purchased_purges":0,"victory":false,"max_hp_per_floor":[66,66,66,66,66,66,66,66,66,66,66],"card_choices":[{"not_picked":["Dagger Spray","Slice"],"picked":"Predator","floor":1},{"not_picked":["Flying Knee","Bane"],"picked":"PiercingWail","floor":2},{"not_picked":["Distraction","Concentrate"],"picked":"Footwork","floor":3},{"not_picked":["Expertise","Calculated Gamble","Flying Knee"],"picked":"SKIP","floor":5},{"not_picked":["Cloak And Dagger","Glass Knife"],"picked":"Caltrops","floor":6}],"player_experience":687357,"relics_obtained":[{"floor":6,"key":"Blood Vial"},{"floor":9,"key":"Meat on the Bone"}],"event_choices":[{"damage_healed":0,"gold_gain":0,"player_choice":"Ignored","damage_taken":0,"max_hp_gain":0,"max_hp_loss":0,"event_name":"Liars Game","floor":4,"gold_loss":0},{"damage_healed":0,"gold_gain":0,"player_choice":"Fled","damage_taken":26,"max_hp_gain":0,"max_hp_loss":0,"event_name":"Scrap Ooze","floor":8,"gold_loss":0}],"is_beta":false,"boss_relics":[],"items_purged_floors":[],"is_endless":false,"potions_floor_spawned":[1],"killed_by":"Gremlin Gang","ascension_level":16}