{"path_per_floor":["M","?","M","?","$","E","R","E","T","M","E","?","?","M","R","B",null,"M","$","?","$","?","R","E","?","T","R","E","M","E","M","R","B",null,"M","?","M","?","?","E","R","E","T","$","?","T","M","$","R","B"],"character_chosen":"IRONCLAD","items_purchased":["Metallicize","War Paint","Inflame+1","Bag of Preparation"],"gold_per_floor":[113,113,133,133,63,98,98,134,134,158,197,272,272,297,297,428,428,451,227,227,51,51,51,87,87,158,158,196,210,241,262,262,382,382,396,457,472,472,472,542,542,576,576,296,296,345,369,219,219,219],"floor_reached":51,"campfire_rested":3,"playtime":3804,"item_purchase_floors":[5,19,21,44],"current_hp_per_floor":[38,38,38,38,38,33,55,45,45,51,51,46,31,39,62,42,78,78,78,78,78,78,78,80,80,80,80,71,69,58,72,72,31,86,88,52,71,71,71,57,57,39,39,39,41,41,52,52,82,54],"items_purged":["Defend_R","Strike_R","Inflame","Defend_R+1"],"gold":219,"score":836,"play_id":"63be52dc-6e15-486d-80bd-300c102655db","local_time":"20180601122802","is_prod":false,"is_daily":false,"chose_seed":false,"is_ascension_mode":true,"campfire_upgraded":3,"win_rate":0,"timestamp":1527848882,"campfire_choices":[{"floor":7,"key":"REST"},{"floor":15,"key":"REST"},{"data":"Flame Barrier","floor":23,"key":"SMITH"},{"data":"Bash","floor":27,"key":"SMITH"},{"data":"Anger","floor":32,"key":"SMITH"},{"floor":41,"key":"DIG"},{"floor":49,"key":"REST"}],"path_taken":["M","?","?","?","$","E","R","E","T","M","E","?","?","?","R","BOSS","M","$","?","$","?","R","E","?","T","R","E","M","E","M","R","BOSS","M","?","M","?","?","E","R","E","T","$","?","?","?","$","R","BOSS"],"build_version":"2018-05-31","seed_source_timestamp":1345375158868185,"purchased_purges":4,"victory":true,"master_deck":["Strike_R+1","Defend_R+1","Defend_R+1","Bash+1","Metallicize+1","Seeing Red+1","Anger+1","Dropkick","Iron Wave+1","Brutality+1","Flame Barrier+1","Metallicize+1","Inflame+1","Injury","Metallicize+1","Rampage+1","Twin Strike+1"],"max_hp_per_floor":[80,80,80,74,74,74,74,74,74,74,76,76,76,78,78,78,78,78,78,78,78,78,78,80,80,80,80,82,82,84,84,84,86,86,88,90,92,92,92,94,94,96,96,96,98,98,100,100,100,100],"relics":["Black Blood","Ice Cream","Golden Idol","Shuriken","Frozen Egg 2","Sundial","Singing Bowl","Happy Flower","War Paint","Pantograph","Kunai","Bird Faced Urn","Whetstone","Runic Cube","Shovel","Tiny Chest","Art of War","Vajra","Toolbox","Bag of Preparation","Orichalcum"],"card_choices":[{"not_picked":["Ghostly Armor","Clothesline","Heavy Blade"],"picked":"SKIP","floor":1},{"not_picked":["Whirlwind","Clash"],"picked":"Inflame","floor":3},{"not_picked":["Body Slam","Twin Strike"],"picked":"Seeing Red","floor":6},{"not_picked":["Armaments","Entrench"],"picked":"Anger","floor":8},{"not_picked":["Cleave","Sword Boomerang"],"picked":"Dropkick","floor":10},{"not_picked":["Heavy Blade","Clothesline","Cleave"],"picked":"Singing Bowl","floor":11},{"not_picked":["Limit Break","Sever Soul"],"picked":"Iron Wave","floor":12},{"not_picked":["Carnage","Perfected Strike","Clothesline"],"picked":"Singing Bowl","floor":14},{"not_picked":["Dark Embrace+1","Immolate"],"picked":"Brutality+1","floor":16},{"not_picked":["Thunderclap","Iron Wave"],"picked":"Flame Barrier","floor":18},{"not_picked":["Heavy Blade","Bloodletting+1","Shrug It Off"],"picked":"Singing Bowl","floor":24},{"not_picked":["Double Tap","Second Wind","Burning Pact"],"picked":"Singing Bowl","floor":28},{"not_picked":["Clash","Heavy Blade"],"picked":"Rampage+1","floor":29},{"not_picked":["Entrench","Combust+1","Bloodletting"],"picked":"Singing Bowl","floor":30},{"not_picked":["Thunderclap","Flame Barrier"],"picked":"Twin Strike+1","floor":31},{"not_picked":["Impervious","Berserk+1","Feed"],"picked":"Singing Bowl","floor":33},{"not_picked":["Headbutt","Heavy Blade+1","Second Wind"],"picked":"Singing Bowl","floor":35},{"not_picked":["Cleave","Rage","Ghostly Armor+1"],"picked":"Singing Bowl","floor":36},{"not_picked":["Thunderclap+1","Havoc+1","Burning Pact"],"picked":"Singing Bowl","floor":37},{"not_picked":["Battle Trance+1","Twin Strike","Sword Boomerang"],"picked":"Singing Bowl","floor":40},{"not_picked":["Uppercut+1","Spot Weakness","Bloodletting"],"picked":"Singing Bowl","floor":42},{"not_picked":["Mind Blast","Sadistic Nature+1","Blind"],"picked":"Singing Bowl","floor":45},{"not_picked":["Dual Wield+1","Clothesline+1","Carnage"],"picked":"Singing Bowl","floor":47}],"player_experience":150644,"potions_floor_usage":[6,16,28,28,29,33,40,42,50,50],"damage_taken":[{"damage":8,"enemies":"Cultist","floor":1,"turns":6},{"damage":6,"enemies":"Jaw Worm","floor":3,"turns":5},{"damage":11,"enemies":"3 Sentries","floor":6,"turns":8},{"damage":16,"enemies":"Lagavulin","floor":8,"turns":7},{"damage":0,"enemies":"2 Louse","floor":10,"turns":3},{"damage":8,"enemies":"Gremlin Nob","floor":11,"turns":3},{"damage":11,"enemies":"Lagavulin Event","floor":12,"turns":5},{"damage":0,"enemies":"Large Slime","floor":14,"turns":4},{"damage":26,"enemies":"The Guardian","floor":16,"turns":9},{"damage":9,"enemies":"Shell Parasite","floor":18,"turns":4},{"damage":10,"enemies":"Book of Stabbing","floor":24,"turns":5},{"damage":21,"enemies":"Gremlin Leader","floor":28,"turns":5},{"damage":24,"enemies":"3 Byrds","floor":29,"turns":3},{"damage":35,"enemies":"Slavers","floor":30,"turns":7},{"damage":8,"enemies":"Sentry and Sphere","floor":31,"turns":7},{"damage":69,"enemies":"Collector","floor":33,"turns":7},{"damage":3,"enemies":"Orb Walker","floor":35,"turns":4},{"damage":56,"enemies":"Mysterious Sphere","floor":36,"turns":6},{"damage":5,"enemies":"3 Darklings","floor":37,"turns":6},{"damage":47,"enemies":"Nemesis","floor":40,"turns":7},{"damage":42,"enemies":"2 Orb Walkers","floor":42,"turns":6},{"damage":11,"enemies":"Sphere and 2 Shapes","floor":47,"turns":5},{"damage":70,"enemies":"Time Eater","floor":50,"turns":9}],"relics_obtained":[{"floor":6,"key":"Shuriken"},{"floor":8,"key":"Frozen Egg 2"},{"floor":9,"key":"Sundial"},{"floor":11,"key":"Singing Bowl"},{"floor":12,"key":"Happy Flower"},{"floor":24,"key":"Pantograph"},{"floor":26,"key":"Kunai"},{"floor":28,"key":"Bird Faced Urn"},{"floor":30,"key":"Whetstone"},{"floor":36,"key":"Shovel"},{"floor":40,"key":"Tiny Chest"},{"floor":41,"key":"Art of War"},{"floor":42,"key":"Vajra"},{"floor":43,"key":"Toolbox"},{"floor":46,"key":"Orichalcum"}],"event_choices":[{"event_name":"Wheel of Change","player_choice":"Relic","floor":2,"damage_taken":0},{"event_name":"Golden Idol","player_choice":"Lose Max HP","floor":4,"damage_taken":0},{"event_name":"Dead Adventurer","player_choice":"Searched \u00272\u0027 times","floor":12,"damage_taken":0},{"event_name":"Shining Light","player_choice":"Entered Light","floor":13,"damage_taken":0},{"event_name":"Duplicator","player_choice":"One dupe","floor":20,"damage_taken":0},{"event_name":"Accursed Blacksmith","player_choice":"Forge","floor":22,"damage_taken":0},{"event_name":"The Library","player_choice":"Read","floor":25,"damage_taken":0},{"event_name":"Mysterious Sphere","player_choice":"Fight","floor":36,"damage_taken":0},{"event_name":"The Lab","player_choice":"Got Potions","floor":38,"damage_taken":0},{"event_name":"Purifier","player_choice":"One Purge","floor":39,"damage_taken":0},{"event_name":"SensoryStone","player_choice":"Memory 1","floor":45,"damage_taken":0}],"boss_relics":[{"not_picked":["Velvet Choker","Tiny House"],"picked":"Black Blood"},{"not_picked":["Pandora\u0027s Box","Orrery"],"picked":"Runic Cube"}],"items_purged_floors":[19,21,44,48],"potions_floor_spawned":[1,11,12,16,18,28,30,31,37,40,42,47],"seed_played":"-8438642919744142396","ascension_level":1,"potions_obtained":[{"floor":1,"key":"PowerPotion"},{"floor":11,"key":"Strength Potion"},{"floor":12,"key":"Dexterity Potion"},{"floor":16,"key":"BloodPotion"},{"floor":18,"key":"Swift Potion"},{"floor":28,"key":"Explosive Potion"},{"floor":30,"key":"Strength Potion"},{"floor":31,"key":"BloodPotion"},{"floor":37,"key":"Explosive Potion"},{"floor":40,"key":"Block Potion"},{"floor":42,"key":"Strength Potion"}],"is_trial":false}