{"gold_per_floor":[119,119,119,135,60,85,96,122,122,150,150,178,198,211,211,307,307,326,338,338,7,19,19],"floor_reached":23,"playtime":1740,"items_purged":["Strike_R","Strike_R"],"score":232,"play_id":"47e6e9f5-3c96-4207-8b16-3e39f70b7a3e","local_time":"20181212004638","is_ascension_mode":true,"campfire_choices":[{"floor":11,"key":"REST"},{"floor":15,"key":"REST"}],"neow_cost":"NONE","seed_source_timestamp":54553945602554,"circlet_count":0,"master_deck":["Strike_R","Strike_R","Defend_R","Defend_R","Defend_R","Defend_R","Bash","Anger+1","Thunderclap+1","Iron Wave+1","Rampage+1","Demon Form","Thunderclap+1"],"relics":["Burning Blood","Ornamental Fan","Molten Egg 2","Pen Nib","Toxic Egg 2","Smiling Mask","Ancient Tea Set","Busted Crown","Enchiridion","Membership Card","Lantern"],"potions_floor_usage":[6,6,12,16,16],"damage_taken":[{"damage":12,"enemies":"2 Louse","floor":1,"turns":2},{"damage":5,"enemies":"Small Slimes","floor":4,"turns":3},{"damage":45,"enemies":"3 Sentries","floor":6,"turns":11},{"damage":1,"enemies":"Jaw Worm","floor":7,"turns":4},{"damage":23,"enemies":"Gremlin Nob","floor":8,"turns":4},{"damage":12,"enemies":"Lagavulin","floor":10,"turns":7},{"damage":8,"enemies":"3 Sentries","floor":12,"turns":5},{"damage":5,"enemies":"Looter","floor":13,"turns":3},{"damage":6,"enemies":"Exordium Thugs","floor":14,"turns":3},{"damage":5,"enemies":"Hexaghost","floor":16,"turns":6},{"damage":10,"enemies":"Spheric Guardian","floor":18,"turns":4},{"damage":10,"enemies":"Chosen","floor":19,"turns":3},{"damage":11,"enemies":"Snake Plant","floor":22,"turns":4},{"damage":62,"enemies":"Gremlin Leader","floor":23,"turns":4}],"seed_played":"4578874583049099080","potions_obtained":[{"floor":0,"key":"EssenceOfSteel"},{"floor":0,"key":"FairyPotion"},{"floor":0,"key":"FearPotion"},{"floor":4,"key":"Weak Potion"},{"floor":10,"key":"SkillPotion"},{"floor":12,"key":"EssenceOfSteel"},{"floor":14,"key":"SpeedPotion"},{"floor":18,"key":"Swift Potion"}],"is_trial":false,"path_per_floor":["M","?","?","M","$","E","M","E","T","E","R","E","M","M","R","B",null,"M","M","?","$","M","E"],"character_chosen":"IRONCLAD","items_purchased":["Membership Card","Lantern"],"campfire_rested":2,"item_purchase_floors":[21,21],"current_hp_per_floor":[74,74,62,63,63,24,29,12,12,14,38,36,37,37,61,62,80,76,72,56,56,51,0],"gold":19,"neow_bonus":"THREE_SMALL_POTIONS","is_prod":false,"is_daily":false,"chose_seed":false,"campfire_upgraded":0,"win_rate":0,"timestamp":1544597198,"path_taken":["M","?","?","M","?","E","M","E","T","E","R","E","M","M","R","BOSS","M","M","?","$","M","E"],"build_version":"2018-12-06","purchased_purges":2,"victory":false,"max_hp_per_floor":[80,80,80,80,80,80,80,80,80,80,80,80,80,80,80,80,80,80,80,80,80,80,80],"card_choices":[{"not_picked":["Infernal Blade","Havoc","True Grit"],"picked":"SKIP","floor":1},{"not_picked":["Sword Boomerang","Berserk","Clothesline"],"picked":"SKIP","floor":4},{"not_picked":["Hemokinesis","Thunderclap"],"picked":"Anger","floor":6},{"not_picked":["Heavy Blade+1","Bloodletting"],"picked":"Thunderclap+1","floor":7},{"not_picked":["Hemokinesis+1","Combust","True Grit"],"picked":"SKIP","floor":8},{"not_picked":["Battle Trance+1","Twin Strike+1"],"picked":"Iron Wave+1","floor":10},{"not_picked":["Perfected Strike+1","Ghostly Armor+1"],"picked":"Rampage+1","floor":12},{"not_picked":["Warcry+1","Sword Boomerang+1","Blood for Blood+1"],"picked":"SKIP","floor":13},{"not_picked":["Wild Strike+1","Ghostly Armor+1"],"picked":"Demon Form","floor":14},{"not_picked":["Rupture"],"picked":"SKIP","floor":18},{"not_picked":[],"picked":"Thunderclap+1","floor":19},{"not_picked":["Thunderclap+1"],"picked":"SKIP","floor":22}],"player_experience":173362,"relics_obtained":[{"floor":6,"key":"Molten Egg 2"},{"floor":8,"key":"Pen Nib"},{"floor":9,"key":"Toxic Egg 2"},{"floor":10,"key":"Smiling Mask"},{"floor":12,"key":"Ancient Tea Set"},{"floor":20,"key":"Enchiridion"}],"event_choices":[{"cards_removed":["Strike_R"],"damage_healed":0,"gold_gain":0,"player_choice":"Forget","damage_taken":0,"max_hp_gain":0,"max_hp_loss":0,"event_name":"Living Wall","floor":2,"gold_loss":0},{"damage_healed":0,"gold_gain":0,"player_choice":"Success","damage_taken":12,"relics_obtained":["Ornamental Fan"],"max_hp_gain":0,"max_hp_loss":0,"event_name":"Scrap Ooze","floor":3,"gold_loss":0},{"damage_healed":0,"gold_gain":0,"player_choice":"Obtained Book","damage_taken":16,"max_hp_gain":0,"max_hp_loss":0,"event_name":"Cursed Tome","floor":20,"gold_loss":0}],"is_beta":false,"boss_relics":[{"not_picked":["Black Blood","Coffee Dripper"],"picked":"Busted Crown"}],"items_purged_floors":[5,21],"is_endless":false,"potions_floor_spawned":[4,10,12,14,18],"killed_by":"Gremlin Leader","ascension_level":1}