{"gold_per_floor":[110,35,45,58,58,58,87,87,113,447,447,447,467,417,417,538,538,558,533,556,14,27,67,91,50,50,68,91,91,91,91,91,91],"floor_reached":33,"playtime":2026,"items_purged":["Decay","Strike_B"],"score":277,"play_id":"68955b16-24e4-490e-8ed0-17a047a0ed2a","local_time":"20180819173509","is_ascension_mode":false,"campfire_choices":[{"data":"Gash","floor":6.0,"key":"SMITH"},{"data":"Gash","floor":8.0,"key":"SMITH"},{"data":"Glacier","floor":11.0,"key":"SMITH"},{"floor":15.0,"key":"REST"},{"floor":29.0,"key":"REST"},{"floor":32.0,"key":"REST"}],"neow_cost":"CURSE","seed_source_timestamp":0,"circlet_count":0,"master_deck":["Strike_B","Strike_B","Strike_B","Defend_B+1","Defend_B","Defend_B","Defend_B","Zap","Dualcast+1","Gash+1","Gash+1","Glacier+1","Rebound","Machine Learning","Streamline+1","FTL","Gash","FTL"],"special_seed":0,"relics":["FrozenCore","Boot","War Paint","Potion Belt","Old Coin","Golden Idol","ClockworkSouvenir","Bottled Flame","Symbiotic Virus","Gremlin Horn","Nilry\u0027s Codex"],"potions_floor_usage":[33],"damage_taken":[{"damage":1.0,"enemies":"Cultist","floor":1.0,"turns":3.0},{"damage":10.0,"enemies":"Jaw Worm","floor":3.0,"turns":4.0},{"damage":1.0,"enemies":"2 Louse","floor":4.0,"turns":2.0},{"damage":16.0,"enemies":"Lagavulin","floor":7.0,"turns":5.0},{"damage":11.0,"enemies":"3 Sentries","floor":10.0,"turns":7.0},{"damage":9.0,"enemies":"2 Fungi Beasts","floor":13.0,"turns":3.0},{"damage":27.0,"enemies":"Slime Boss","floor":16.0,"turns":13.0},{"damage":0.0,"enemies":"3 Byrds","floor":18.0,"turns":5.0},{"damage":9.0,"enemies":"2 Thieves","floor":19.0,"turns":5.0},{"damage":5.0,"enemies":"Snecko","floor":20.0,"turns":6.0},{"damage":0.0,"enemies":"3 Cultists","floor":22.0,"turns":6.0},{"damage":55.0,"enemies":"Gremlin Leader","floor":23.0,"turns":9.0},{"damage":8.0,"enemies":"Snake Plant","floor":24.0,"turns":3.0},{"damage":3.0,"enemies":"Cultist and Chosen","floor":27.0,"turns":5.0},{"damage":10.0,"enemies":"Centurion and Healer","floor":28.0,"turns":4.0},{"damage":45,"enemies":"Collector","floor":33,"turns":8}],"seed_played":"6200628444755221820","potions_obtained":[{"floor":3.0,"key":"LiquidBronze"},{"floor":7.0,"key":"Weak Potion"},{"floor":19.0,"key":"LiquidBronze"},{"floor":20.0,"key":"FairyPotion"},{"floor":22.0,"key":"Ancient Potion"}],"is_trial":false,"path_per_floor":["M","$","M","M","?","R","E","R","T","E","R","?","M","?","R","B",null,"M","M","M","$","M","E","M","$","T","M","M","R","?","?","R"],"character_chosen":"DEFECT","items_purchased":["ClockworkSouvenir","Bottled Flame","FTL"],"campfire_rested":3,"item_purchase_floors":[21,21,25],"current_hp_per_floor":[88,88,78,77,77,77,61,61,61,50,50,50,41,41,67,40,89,89,80,75,75,75,20,12,12,12,9,8,34,34,18,44,0],"gold":91,"neow_bonus":"TWENTY_PERCENT_HP_BONUS","is_prod":false,"is_daily":false,"chose_seed":false,"campfire_upgraded":3,"win_rate":0,"timestamp":1534714509,"path_taken":["M","$","M","M","?","R","E","R","T","E","R","?","M","?","R","BOSS","M","M","M","$","M","E","M","$","T","M","M","R","?","?","R","BOSS"],"build_version":"2018-08-16","purchased_purges":2,"victory":false,"max_hp_per_floor":[89,89,89,89,89,89,89,89,89,89,89,89,89,89,89,89,89,89,89,89,89,89,89,89,89,89,89,89,89,89,89,89,89],"card_choices":[{"not_picked":["Genetic Algorithm","Auto Shields"],"picked":"Gash","floor":1.0},{"not_picked":["Heatsinks","Sweeping Beam"],"picked":"Streamline","floor":3.0},{"not_picked":["Fusion","Aggregate"],"picked":"Gash","floor":4.0},{"not_picked":["Chaos","Double Energy"],"picked":"Glacier","floor":7.0},{"not_picked":["Rip and Tear","Defragment"],"picked":"Rebound","floor":10.0},{"not_picked":["Amplify","Genetic Algorithm","Steam"],"picked":"SKIP","floor":13.0},{"not_picked":["Electrodynamics","Reboot"],"picked":"Machine Learning","floor":16.0},{"not_picked":["Heatsinks+1","Conserve Battery"],"picked":"Streamline+1","floor":18.0},{"not_picked":["Glacier","Redo"],"picked":"FTL","floor":19.0},{"not_picked":["Rip and Tear+1","Streamline"],"picked":"Gash","floor":20.0},{"not_picked":["Double Energy","Steam Power","Recycle"],"picked":"SKIP","floor":22.0},{"not_picked":["Doom and Gloom+1","Beam Cell","Fusion"],"picked":"SKIP","floor":23.0},{"not_picked":["Steam","Beam Cell","Sunder"],"picked":"SKIP","floor":24.0},{"not_picked":["Beam Cell","Cold Snap","Compile Driver+1"],"picked":"SKIP","floor":27.0},{"not_picked":["Hologram","Turbo","Aggregate"],"picked":"SKIP","floor":28.0}],"player_experience":657942,"relics_obtained":[{"floor":7.0,"key":"War Paint"},{"floor":9.0,"key":"Potion Belt"},{"floor":10.0,"key":"Old Coin"},{"floor":23.0,"key":"Symbiotic Virus"},{"floor":26.0,"key":"Gremlin Horn"},{"floor":31.0,"key":"Nilry\u0027s Codex"}],"event_choices":[{"event_name":"WeMeetAgain","player_choice":"Card","floor":5.0,"damage_taken":0.0},{"event_name":"Golden Idol","player_choice":"Take Wound","floor":12.0,"damage_taken":0.0},{"event_name":"The Cleric","player_choice":"Card Removal","floor":14.0,"damage_taken":0.0},{"event_name":"The Woman in Blue","player_choice":"Bought 0 Potions","floor":30.0,"damage_taken":0.0},{"event_name":"Cursed Tome","player_choice":"Obtained Book","floor":31.0,"damage_taken":0.0}],"is_beta":false,"boss_relics":[{"not_picked":["Calling Bell","Sozu"],"picked":"FrozenCore"}],"items_purged_floors":[2,21],"is_endless":false,"potions_floor_spawned":[3,7,19,20,22],"killed_by":"Collector","ascension_level":0}