{"path_per_floor":["M","M","?","?","M","R","?","?","T","M","M","T","M","$","R","B",null,"M","M","?","M","?","R","?","R","T"],"character_chosen":"IRONCLAD","items_purchased":["Sadistic Nature"],"gold_per_floor":[117,132,132,132,148,148,148,148,175,187,206,206,221,41,41,139,139,159,177,177,191,191,191,191,191,237,237],"floor_reached":27,"campfire_rested":4,"playtime":2355,"item_purchase_floors":[14],"current_hp_per_floor":[62,57,50,38,36,60,60,44,51,46,47,57,55,55,84,34,97,75,44,44,34,34,63,57,86,86,0],"items_purged":[],"gold":237,"score":228,"play_id":"1f231546-ca08-43e3-93fe-145bce8acc61","local_time":"20180622214720","is_prod":false,"is_daily":false,"chose_seed":false,"is_ascension_mode":false,"campfire_upgraded":0,"win_rate":0.0,"timestamp":1529718440,"campfire_choices":[{"floor":6,"key":"REST"},{"floor":15,"key":"REST"},{"floor":23,"key":"REST"},{"floor":25,"key":"REST"}],"path_taken":["M","M","?","?","M","R","?","?","T","?","M","?","M","$","R","BOSS","M","M","?","?","?","R","?","R","T","E"],"build_version":"2018-06-21","seed_source_timestamp":62211906606884,"purchased_purges":0,"circlet_count":0,"victory":false,"master_deck":["Strike_R","Strike_R","Strike_R","Strike_R+1","Defend_R","Defend_R","Defend_R","Defend_R","Bash","Entrench","Spot Weakness","Uppercut","Iron Wave+1","Regret","Rage","Armaments","Shrug It Off","Infernal Blade","Barricade","Spot Weakness","Sadistic Nature","Reaper","Searing Blow+1","Headbutt+1","Body Slam","Rage","Thunderclap+1","Intimidate","RitualDagger"],"max_hp_per_floor":[80,80,80,80,80,80,80,80,87,87,87,97,97,97,97,97,97,97,97,97,97,97,97,97,97,97,97],"relics":["Burning Blood","Prayer Wheel","Ice Cream","Strawberry","Pear","Sozu","Vajra"],"card_choices":[{"not_picked":["Shrug It Off","Rupture"],"picked":"Entrench","floor":1},{"not_picked":["Heavy Blade","Fire Breathing"],"picked":"Spot Weakness","floor":2},{"not_picked":["Twin Strike","Warcry"],"picked":"Uppercut","floor":5},{"not_picked":["Clash","Clothesline"],"picked":"Iron Wave","floor":5},{"not_picked":["Carnage","Battle Trance"],"picked":"Rage","floor":10},{"not_picked":["Pummel","Clothesline"],"picked":"Armaments","floor":10},{"not_picked":["Shockwave","Disarm"],"picked":"Shrug It Off","floor":11},{"not_picked":["Warcry","Cleave"],"picked":"Infernal Blade","floor":11},{"not_picked":["Bloodletting","True Grit"],"picked":"Barricade","floor":13},{"not_picked":["Warcry","Iron Wave"],"picked":"Spot Weakness","floor":13},{"not_picked":["Feed","Bludgeon"],"picked":"Reaper","floor":16},{"not_picked":["Combust","Iron Wave"],"picked":"Searing Blow","floor":18},{"not_picked":["Corruption","Twin Strike+1"],"picked":"Headbutt+1","floor":18},{"not_picked":["Clash","Headbutt+1"],"picked":"Body Slam","floor":19},{"not_picked":["Cleave+1","Pommel Strike"],"picked":"Rage","floor":19},{"not_picked":["Burning Pact","True Grit+1"],"picked":"Thunderclap+1","floor":21},{"not_picked":["Combust","Iron Wave"],"picked":"Intimidate","floor":21}],"player_experience":24494,"potions_floor_usage":[11,19],"damage_taken":[{"damage":24,"enemies":"2 Louse","floor":1,"turns":3},{"damage":11,"enemies":"Jaw Worm","floor":2,"turns":5},{"damage":8,"enemies":"Small Slimes","floor":5,"turns":4},{"damage":11,"enemies":"Exordium Thugs","floor":10,"turns":5},{"damage":5,"enemies":"Exordium Wildlife","floor":11,"turns":5},{"damage":8,"enemies":"2 Fungi Beasts","floor":13,"turns":4},{"damage":56,"enemies":"The Guardian","floor":16,"turns":11},{"damage":30,"enemies":"Shell Parasite","floor":18,"turns":8},{"damage":37,"enemies":"Spheric Guardian","floor":19,"turns":8},{"damage":16,"enemies":"Snake Plant","floor":21,"turns":3},{"damage":102,"enemies":"Gremlin Leader","floor":27,"turns":7}],"relics_obtained":[{"floor":9,"key":"Strawberry"},{"floor":12,"key":"Pear"},{"floor":26,"key":"Vajra"}],"event_choices":[{"event_name":"Golden Wing","player_choice":"Card Removal","floor":3,"damage_taken":0},{"event_name":"Scrap Ooze","player_choice":"success","floor":4,"damage_taken":12},{"event_name":"Big Fish","player_choice":"Box","floor":7,"damage_taken":0},{"event_name":"Shining Light","player_choice":"Entered Light","floor":8,"damage_taken":0},{"event_name":"Upgrade Shrine","player_choice":"Upgraded","floor":20,"damage_taken":0},{"event_name":"Vampires","player_choice":"Ignored","floor":22,"damage_taken":0},{"event_name":"Nest","player_choice":"Joined the Cult","floor":24,"damage_taken":0}],"boss_relics":[{"not_picked":["Coffee Dripper","Snecko Eye"],"picked":"Sozu"}],"items_purged_floors":[],"is_endless":false,"potions_floor_spawned":[2,5,11,13,19],"seed_played":"3995400263542853714","killed_by":"Gremlin Leader","ascension_level":0,"potions_obtained":[{"floor":2,"key":"PowerPotion"},{"floor":5,"key":"SmokeBomb"},{"floor":11,"key":"SpeedPotion"},{"floor":13,"key":"SkillPotion"}],"is_trial":false}