{"path_per_floor":["M","?","$","?","M","R","E","M","T","R","M","$","M","M","R","B",null,"M","$","M","?","?","E","?","R","T","M","?"],"character_chosen":"IRONCLAD","items_purchased":["Clash","Iron Wave"],"gold_per_floor":[112,187,38,38,53,53,88,104,104,104,118,18,38,49,49,145,145,163,38,52,0,0,27,27,27,27,38,38,38],"floor_reached":29,"campfire_rested":0,"playtime":1630,"item_purchase_floors":[3,3],"current_hp_per_floor":[73,62,62,55,61,61,39,45,45,45,51,51,57,54,54,37,80,66,66,72,72,57,36,36,36,36,15,15,0],"items_purged":["Strike_R","Strike_R","Strike_R"],"gold":38,"score":279,"play_id":"2760095d-55e0-49e1-8970-a458e18c28cb","local_time":"20180601172830","is_prod":false,"is_daily":false,"chose_seed":false,"is_ascension_mode":true,"campfire_upgraded":4,"win_rate":0,"timestamp":1527866910,"campfire_choices":[{"data":"Armaments","floor":6,"key":"SMITH"},{"data":"Second Wind","floor":10,"key":"SMITH"},{"data":"Entrench","floor":15,"key":"SMITH"},{"data":"Pommel Strike","floor":25,"key":"SMITH"}],"path_taken":["M","?","$","?","?","R","E","M","T","R","M","$","M","M","R","BOSS","M","$","M","?","?","E","?","R","T","M","?","M"],"build_version":"2018-05-31","seed_source_timestamp":1365597290400654,"purchased_purges":3,"victory":false,"master_deck":["Strike_R","Defend_R","Defend_R","Bash","Second Wind+1","Clash","Iron Wave","Armaments+1","Clash","Pommel Strike+1","Entrench+1","Clash","Feel No Pain+1","Spot Weakness+1","Twin Strike+1","True Grit+1","Rage+1","Warcry"],"max_hp_per_floor":[80,80,80,80,80,80,80,80,80,80,80,80,80,80,80,80,80,80,80,80,80,85,85,85,85,85,85,85,85],"relics":["Burning Blood","Calipers","Gremlin Horn","Astrolabe","Molten Egg 2","Kunai","Nloth\u0027s Gift"],"card_choices":[{"not_picked":["Body Slam","Twin Strike"],"picked":"Second Wind","floor":1},{"not_picked":["Heavy Blade","Sever Soul"],"picked":"Armaments","floor":5},{"not_picked":["Corruption","Warcry"],"picked":"Clash","floor":7},{"not_picked":["Anger","Body Slam"],"picked":"Pommel Strike","floor":8},{"not_picked":["Dual Wield","Perfected Strike"],"picked":"Entrench","floor":11},{"not_picked":["Sword Boomerang","Clothesline"],"picked":"Clash","floor":13},{"not_picked":["Immolate","Whirlwind","Pummel"],"picked":"SKIP","floor":14},{"not_picked":["Twin Strike","Spot Weakness+1"],"picked":"True Grit+1","floor":18},{"not_picked":["Perfected Strike","Sword Boomerang","Hemokinesis"],"picked":"SKIP","floor":20},{"not_picked":["Barricade","Dropkick"],"picked":"Rage","floor":23},{"not_picked":["Perfected Strike+1","Rage"],"picked":"Warcry","floor":27}],"player_experience":158619,"potions_floor_usage":[16,23,27,27],"damage_taken":[{"damage":13,"enemies":"Jaw Worm","floor":1,"turns":5},{"damage":0,"enemies":"Small Slimes","floor":5,"turns":3},{"damage":28,"enemies":"Gremlin Nob","floor":7,"turns":5},{"damage":0,"enemies":"Cultist","floor":8,"turns":3},{"damage":0,"enemies":"Looter","floor":11,"turns":2},{"damage":0,"enemies":"3 Louse","floor":13,"turns":3},{"damage":9,"enemies":"Lots of Slimes","floor":14,"turns":4},{"damage":23,"enemies":"The Guardian","floor":16,"turns":10},{"damage":20,"enemies":"Spheric Guardian","floor":18,"turns":4},{"damage":0,"enemies":"Chosen","floor":20,"turns":3},{"damage":27,"enemies":"Book of Stabbing","floor":23,"turns":4},{"damage":50,"enemies":"Snecko","floor":27,"turns":8},{"damage":17,"enemies":"Chosen and Byrds","floor":29,"turns":5}],"relics_obtained":[{"floor":7,"key":"Gremlin Horn"},{"floor":9,"key":"Art of War"},{"floor":23,"key":"Molten Egg 2"},{"floor":26,"key":"Kunai"}],"event_choices":[{"event_name":"World of Goop","player_choice":"Gather Gold","floor":2,"damage_taken":0},{"event_name":"Golden Wing","player_choice":"Card Removal","floor":4,"damage_taken":0},{"event_name":"Masked Bandits","player_choice":"Paid Bandits 52 gold","floor":21,"damage_taken":0},{"event_name":"Forgotten Altar","player_choice":"Shed Blood","floor":22,"damage_taken":0},{"event_name":"Upgrade Shrine","player_choice":"Upgraded","floor":24,"damage_taken":0},{"event_name":"N\u0027loth","player_choice":"Traded a Art of War","floor":28,"damage_taken":0}],"boss_relics":[{"not_picked":["Orrery","Cursed Key"],"picked":"Astrolabe"}],"items_purged_floors":[3,12,19],"potions_floor_spawned":[13,14,16,18],"seed_played":"-7201291066530186913","killed_by":"Chosen and Byrds","ascension_level":3,"potions_obtained":[{"floor":13,"key":"AttackPotion"},{"floor":14,"key":"BloodPotion"},{"floor":16,"key":"GamblersBrew"},{"floor":18,"key":"Regen Potion"}],"is_trial":false}