{"gold_per_floor":[361,113,288,238,253,253,265,340,363,363,377,377,377,394,394,490,490,500,158,169,16,16,30,30,47,47,47,47,47,66,66,66,66],"floor_reached":33,"playtime":3425,"items_purged":["Clumsy"],"score":282,"play_id":"6e9ae694-8a32-4ff2-971b-03e38a18dcd1","local_time":"20190206161805","is_ascension_mode":true,"campfire_choices":[{"data":"Panache","floor":6,"key":"SMITH"},{"data":"Catalyst","floor":10,"key":"SMITH"},{"data":"Neutralize","floor":12,"key":"SMITH"},{"data":"Acrobatics","floor":15,"key":"SMITH"},{"floor":24,"key":"REST"},{"floor":27,"key":"REST"},{"floor":32,"key":"REST"}],"neow_cost":"CURSE","seed_source_timestamp":386992127733800,"circlet_count":0,"master_deck":["Defend_G","Defend_G","Defend_G","Defend_G","Defend_G","Strike_G","Strike_G","Strike_G","Strike_G","Strike_G","Survivor","Neutralize+1","Catalyst+1","Panache+1","Poisoned Stab","Poisoned Stab","Dagger Spray","Distraction","Acrobatics+1","Doppelganger","Distraction+1","Bandage Up","Deadly Poison","Backstab","Poisoned Stab","Writhe","Flechettes"],"relics":["Ring of the Snake","Smiling Mask","WristBlade","HandDrill","Orichalcum","Pear","Paper Crane"],"potions_floor_usage":[16,20,33],"damage_taken":[{"damage":1,"enemies":"2 Louse","floor":1,"turns":3},{"damage":1,"enemies":"Small Slimes","floor":5,"turns":3},{"damage":6,"enemies":"Jaw Worm","floor":7,"turns":4},{"damage":3,"enemies":"Red Slaver","floor":11,"turns":4},{"damage":1,"enemies":"2 Fungi Beasts","floor":14,"turns":3},{"damage":12,"enemies":"Hexaghost","floor":16,"turns":9},{"damage":18,"enemies":"Shell Parasite","floor":18,"turns":7},{"damage":53,"enemies":"Spheric Guardian","floor":20,"turns":9},{"damage":8,"enemies":"Snecko","floor":23,"turns":4},{"damage":43,"enemies":"Shelled Parasite and Fungi","floor":25,"turns":7},{"damage":41,"enemies":"Centurion and Healer","floor":30,"turns":8},{"damage":32,"enemies":"Champ","floor":33,"turns":7}],"seed_played":"1088831697256595753","potions_obtained":[{"floor":1,"key":"FearPotion"},{"floor":14,"key":"Poison Potion"},{"floor":16,"key":"SneckoOil"},{"floor":18,"key":"Strength Potion"},{"floor":23,"key":"Swift Potion"}],"is_trial":false,"path_per_floor":["M","$","?","?","M","R","M","?","T","R","M","R","?","M","R","B",null,"M","$","M","$","?","M","R","M","T","R","?","$","M","?","R","B"],"character_chosen":"THE_SILENT","items_purchased":["Panache","Poisoned Stab","HandDrill","Bandage Up","Orichalcum"],"campfire_rested":3,"item_purchase_floors":[2,2,19,19,21],"current_hp_per_floor":[69,69,69,69,68,68,62,51,51,51,48,48,48,47,47,35,70,52,52,3,3,26,22,43,4,14,38,38,38,1,1,25,0],"gold":66,"neow_bonus":"TWO_FIFTY_GOLD","is_prod":false,"is_daily":false,"chose_seed":false,"campfire_upgraded":4,"win_rate":0,"timestamp":1549487885,"path_taken":["M","$","?","?","M","R","M","?","T","R","M","R","?","?","R","BOSS","M","$","M","$","?","M","R","M","T","R","?","?","?","?","R","BOSS"],"build_version":"2019-01-23","purchased_purges":1,"victory":false,"max_hp_per_floor":[70,70,70,70,70,70,70,70,70,70,70,70,70,70,70,70,70,70,70,70,70,70,70,70,70,80,80,80,80,80,80,80,80],"card_choices":[{"not_picked":["Riddle With Holes","Acrobatics"],"picked":"Catalyst","floor":1},{"not_picked":["Deadly Poison","Flying Knee"],"picked":"Poisoned Stab","floor":5},{"not_picked":["Flying Knee","A Thousand Cuts"],"picked":"Dagger Spray","floor":7},{"not_picked":["PiercingWail","Calculated Gamble"],"picked":"Distraction","floor":11},{"not_picked":["Poisoned Stab","Dagger Throw"],"picked":"Acrobatics","floor":14},{"not_picked":["Night Terror","Grand Finale"],"picked":"Doppelganger","floor":16},{"not_picked":["Prepared+1","Concentrate+1"],"picked":"Distraction+1","floor":18},{"not_picked":["Dagger Spray","Quick Slash"],"picked":"Deadly Poison","floor":20},{"not_picked":["PiercingWail+1","Eviscerate"],"picked":"Backstab","floor":23},{"not_picked":["Deflect+1","Reflex"],"picked":"Poisoned Stab","floor":25},{"not_picked":["Concentrate","Underhanded Strike"],"picked":"Flechettes","floor":30}],"player_experience":2113182,"relics_obtained":[{"floor":9,"key":"Smiling Mask"},{"floor":26,"key":"Pear"}],"event_choices":[{"damage_healed":0,"gold_gain":175,"player_choice":"AGREE","damage_taken":0,"max_hp_gain":0,"max_hp_loss":0,"event_name":"Liars Game","floor":3,"gold_loss":0,"cards_obtained":["Doubt"]},{"cards_removed":["Doubt"],"damage_healed":0,"gold_gain":0,"player_choice":"Card Removal","damage_taken":0,"max_hp_gain":0,"max_hp_loss":0,"event_name":"The Cleric","floor":4,"gold_loss":50},{"damage_healed":0,"gold_gain":75,"player_choice":"Gather Gold","damage_taken":11,"max_hp_gain":0,"max_hp_loss":0,"event_name":"World of Goop","floor":8,"gold_loss":0},{"damage_healed":0,"gold_gain":0,"player_choice":"Ignored","damage_taken":0,"max_hp_gain":0,"max_hp_loss":0,"event_name":"Shining Light","floor":13,"gold_loss":0},{"damage_healed":23,"gold_gain":0,"player_choice":"Heal","damage_taken":0,"max_hp_gain":0,"max_hp_loss":0,"event_name":"The Library","floor":22,"gold_loss":0},{"damage_healed":0,"gold_gain":0,"player_choice":"Opened","damage_taken":0,"relics_obtained":["Paper Crane"],"max_hp_gain":0,"max_hp_loss":0,"event_name":"The Mausoleum","floor":28,"gold_loss":0,"cards_obtained":["Writhe"]},{"damage_healed":0,"gold_gain":0,"player_choice":"Ignored","damage_taken":0,"max_hp_gain":0,"max_hp_loss":0,"event_name":"Ghosts","floor":31,"gold_loss":0}],"is_beta":false,"boss_relics":[{"not_picked":["White Beast Statue","Calling Bell"],"picked":"WristBlade"}],"items_purged_floors":[19],"is_endless":false,"potions_floor_spawned":[1,14,16,18,23],"killed_by":"Champ","ascension_level":4}