{"path_per_floor":["M","M","$","M","M","R","M","?","T","M","M","R","M","M","R","B",null,"M","M","?","M","$","R","E","?","T","R","?","M","R","$","R","B",null,"M","?","M","M","M","R","M","E","T","M","?"],"character_chosen":"IRONCLAD","items_purchased":["Block Potion","Mango"],"gold_per_floor":[12,26,26,40,55,55,68,143,168,187,200,200,217,227,227,324,324,340,356,356,371,247,247,276,276,299,299,299,318,318,33,33,138,138,151,151,169,183,200,200,210,239,239,250,0,0],"floor_reached":46,"campfire_rested":4,"playtime":3055,"item_purchase_floors":[22,31],"current_hp_per_floor":[80,80,80,80,76,76,80,69,69,70,65,65,69,72,72,54,85,44,36,36,20,20,45,48,48,48,73,57,23,50,64,95,23,104,102,89,65,73,79,79,49,17,17,20,20,0],"items_purged":["Strike_R"],"gold":0,"score":518,"play_id":"f9ac357c-fd9c-417f-add1-d8f80cc769dd","local_time":"20180529041911","is_prod":false,"is_daily":false,"chose_seed":false,"is_ascension_mode":false,"campfire_upgraded":4,"win_rate":0.0,"timestamp":1527560351,"campfire_choices":[{"data":"Spot Weakness","floor":6,"key":"SMITH"},{"data":"Combust","floor":12,"key":"SMITH"},{"data":"Demon Form","floor":15,"key":"SMITH"},{"floor":23,"key":"REST"},{"floor":27,"key":"REST"},{"floor":30,"key":"REST"},{"floor":32,"key":"REST"},{"data":"Reaper","floor":40,"key":"SMITH"}],"path_taken":["M","M","$","M","M","R","?","?","T","M","M","R","M","M","R","BOSS","M","M","?","M","$","R","E","?","T","R","?","M","R","$","R","BOSS","M","?","M","M","M","R","M","E","T","M","?","E"],"build_version":"2018-05-24","seed_source_timestamp":1057620729778961,"purchased_purges":1,"victory":false,"master_deck":["Strike_R","Strike_R","Defend_R","Defend_R","Defend_R","Defend_R","Bash","Cleave","Spot Weakness+1","Combust+1","Blood for Blood","Shrug It Off","Body Slam","Ghostly Armor","Demon Form+1","Limit Break","Thunderclap+1","Shrug It Off","Rampage","Dual Wield","Twin Strike","Reaper+1","Cleave+1","Madness","Madness","Shrug It Off+1","Flame Barrier","Shrug It Off+1","Barricade","Shrug It Off+1"],"max_hp_per_floor":[80,80,80,80,80,80,80,80,80,80,85,85,85,85,85,85,85,85,85,85,85,85,85,85,85,85,85,90,90,90,104,104,104,104,104,104,104,104,104,104,104,104,104,104,104,104],"relics":["Burning Blood","Boot","Lizard Tail","Juzu Bracelet","Oddly Smooth Stone","Mango","Velvet Choker","Bag of Preparation","Question Card","Red Mask"],"card_choices":[{"not_picked":["Intimidate","Pommel Strike"],"picked":"Cleave","floor":1},{"not_picked":["Armaments","Clash"],"picked":"Spot Weakness","floor":2},{"not_picked":["Pummel","Cleave"],"picked":"Combust","floor":4},{"not_picked":["Clothesline","Iron Wave"],"picked":"Blood for Blood","floor":5},{"not_picked":["True Grit","Clothesline"],"picked":"Shrug It Off","floor":7},{"not_picked":["Feel No Pain","Twin Strike"],"picked":"Body Slam","floor":10},{"not_picked":["Headbutt","Pommel Strike"],"picked":"Ghostly Armor","floor":11},{"not_picked":["Warcry","Flex","Pommel Strike"],"picked":"SKIP","floor":13},{"not_picked":["Body Slam","Metallicize"],"picked":"Demon Form","floor":14},{"not_picked":["Brutality","Bludgeon"],"picked":"Limit Break","floor":16},{"not_picked":["Body Slam","Carnage"],"picked":"Thunderclap+1","floor":18},{"not_picked":["Armaments","Double Tap"],"picked":"Shrug It Off","floor":19},{"not_picked":["Searing Blow","Anger"],"picked":"Rampage","floor":21},{"not_picked":["Thunderclap","Body Slam"],"picked":"Dual Wield","floor":24},{"not_picked":["Body Slam","Dropkick","Flex"],"picked":"SKIP","floor":29},{"not_picked":["Barricade","Berserk"],"picked":"Reaper","floor":33},{"not_picked":["Armaments","Clothesline"],"picked":"Cleave+1","floor":35},{"not_picked":["Clash+1","True Grit+1"],"picked":"Shrug It Off+1","floor":37},{"not_picked":["Flex","Twin Strike"],"picked":"Flame Barrier","floor":38},{"not_picked":["Body Slam","Infernal Blade+1"],"picked":"Shrug It Off+1","floor":39},{"not_picked":["Rupture+1","Cleave","Flex+1"],"picked":"SKIP","floor":41},{"not_picked":["True Grit+1","Shockwave"],"picked":"Barricade","floor":42},{"not_picked":["Thunderclap","Clash+1","Flex+1"],"picked":"Shrug It Off+1","floor":44}],"player_experience":7776,"potions_floor_usage":[11,19,21,21,24,38,38,46],"damage_taken":[{"damage":6,"enemies":"Cultist","floor":1,"turns":4},{"damage":4,"enemies":"Small Slimes","floor":2,"turns":3},{"damage":6,"enemies":"Jaw Worm","floor":4,"turns":4},{"damage":10,"enemies":"Large Slime","floor":5,"turns":5},{"damage":2,"enemies":"3 Louse","floor":7,"turns":2},{"damage":5,"enemies":"Looter","floor":10,"turns":4},{"damage":16,"enemies":"Red Slaver","floor":11,"turns":4},{"damage":2,"enemies":"2 Fungi Beasts","floor":13,"turns":3},{"damage":3,"enemies":"Blue Slaver","floor":14,"turns":5},{"damage":24,"enemies":"Slime Boss","floor":16,"turns":7},{"damage":47,"enemies":"Chosen","floor":18,"turns":5},{"damage":14,"enemies":"2 Thieves","floor":19,"turns":4},{"damage":34,"enemies":"Chosen and Byrds","floor":21,"turns":7},{"damage":50,"enemies":"Book of Stabbing","floor":24,"turns":7},{"damage":40,"enemies":"Snecko","floor":29,"turns":8},{"damage":78,"enemies":"Automaton","floor":33,"turns":10},{"damage":29,"enemies":"3 Shapes","floor":35,"turns":4},{"damage":45,"enemies":"3 Darklings","floor":37,"turns":3},{"damage":22,"enemies":"Maw","floor":38,"turns":6},{"damage":0,"enemies":"4 Shapes","floor":39,"turns":1},{"damage":46,"enemies":"Sphere and 2 Shapes","floor":41,"turns":7},{"damage":80,"enemies":"Giant Head","floor":42,"turns":9},{"damage":14,"enemies":"Maw","floor":44,"turns":9},{"damage":33,"enemies":"2 Orb Walkers","floor":46,"turns":4}],"relics_obtained":[{"floor":9,"key":"Boot"},{"floor":24,"key":"Juzu Bracelet"},{"floor":26,"key":"Oddly Smooth Stone"},{"floor":42,"key":"Bag of Preparation"},{"floor":43,"key":"Question Card"}],"event_choices":[{"event_name":"World of Goop","player_choice":"Gather Gold","floor":8,"damage_taken":0},{"event_name":"Drug Dealer","player_choice":"Ignored","floor":20,"damage_taken":0},{"event_name":"Match and Keep!","player_choice":"1 cards matched","floor":25,"damage_taken":0},{"event_name":"Forgotten Altar","player_choice":"Shed Blood","floor":28,"damage_taken":0},{"event_name":"Winding Halls","player_choice":"Embrace Madness","floor":36,"damage_taken":0},{"event_name":"Tomb of Lord Red Mask","player_choice":"Paid","floor":45,"damage_taken":0}],"boss_relics":[{"not_picked":["Calling Bell","Sozu"],"picked":"Lizard Tail"},{"not_picked":["Astrolabe","White Beast Statue"],"picked":"Velvet Choker"}],"items_purged_floors":[22],"potions_floor_spawned":[1,2,5,14,18,24,33,35,37,44],"seed_played":"6740065804122025053","killed_by":"2 Orb Walkers","ascension_level":0,"potions_obtained":[{"floor":1,"key":"Fruit Juice"},{"floor":2,"key":"Block Potion"},{"floor":5,"key":"Fire Potion"},{"floor":14,"key":"Regen Potion"},{"floor":24,"key":"PowerPotion"},{"floor":33,"key":"SteroidPotion"},{"floor":35,"key":"Strength Potion"},{"floor":44,"key":"Block Potion"}],"is_trial":false}