{"gold_per_floor":[111,128,36,54,66,66,86,97,166,179,179,192,267,284,284,389,439,452,133,151,168,168,168,187,187,212,212,212,311,173,188,188,283,283,298,298,298],"floor_reached":37,"playtime":2702,"items_purged":[],"score":463,"play_id":"527bf8d6-0eaf-4337-b1fd-9e599073590e","local_time":"20190203230054","is_ascension_mode":true,"campfire_choices":[{"data":"Prepared","floor":6,"key":"SMITH"},{"data":"Calculated Gamble","floor":11,"key":"SMITH"},{"data":"Footwork","floor":15,"key":"SMITH"},{"data":"Caltrops","floor":23,"key":"SMITH"},{"floor":25,"key":"REST"},{"floor":28,"key":"REST"},{"floor":32,"key":"REST"}],"neow_cost":"TEN_PERCENT_HP_LOSS","seed_source_timestamp":152692577575000,"circlet_count":0,"master_deck":["Defend_G","Defend_G","Defend_G+1","Defend_G","Defend_G","Strike_G","Strike_G","Strike_G","Strike_G","Strike_G","Survivor","Neutralize","Footwork","Footwork+1","Bandage Up","Prepared+1","Dagger Throw","Backstab","PiercingWail","Calculated Gamble+1","Terror","Sucker Punch","Malaise","Dagger Throw","Escape Plan","Caltrops","Caltrops+1","All Out Attack","Underhanded Strike+1","Poisoned Stab","Magnetism","Acrobatics+1","A Thousand Cuts","Quick Slash","Dramatic Entrance","Apotheosis"],"relics":["Ring of the Snake","Tingsha","The Courier","Tiny House","Mummified Hand","Regal Pillow","Nilry\u0027s Codex","HoveringKite"],"potions_floor_usage":[18,18,22,33],"damage_taken":[{"damage":0,"enemies":"Small Slimes","floor":1,"turns":3},{"damage":0,"enemies":"Cultist","floor":2,"turns":4},{"damage":0,"enemies":"Jaw Worm","floor":4,"turns":6},{"damage":4,"enemies":"Large Slime","floor":5,"turns":6},{"damage":4,"enemies":"Exordium Wildlife","floor":7,"turns":6},{"damage":0,"enemies":"2 Fungi Beasts","floor":8,"turns":2},{"damage":2,"enemies":"Lots of Slimes","floor":10,"turns":5},{"damage":0,"enemies":"3 Louse","floor":12,"turns":2},{"damage":0,"enemies":"Blue Slaver","floor":14,"turns":3},{"damage":24,"enemies":"Hexaghost","floor":16,"turns":13},{"damage":13,"enemies":"2 Thieves","floor":18,"turns":4},{"damage":7,"enemies":"Chosen","floor":20,"turns":4},{"damage":16,"enemies":"Snecko","floor":21,"turns":6},{"damage":7,"enemies":"Colosseum Slavers","floor":22,"turns":5},{"damage":33,"enemies":"Sentry and Sphere","floor":24,"turns":7},{"damage":28,"enemies":"Snake Plant","floor":31,"turns":4},{"damage":28,"enemies":"Automaton","floor":33,"turns":10},{"damage":35,"enemies":"Orb Walker","floor":35,"turns":5},{"damage":50,"enemies":"3 Darklings","floor":37,"turns":4}],"seed_played":"1374403744989556645","potions_obtained":[{"floor":1,"key":"Strength Potion"},{"floor":2,"key":"SteroidPotion"},{"floor":5,"key":"GamblersBrew"},{"floor":14,"key":"Fire Potion"},{"floor":18,"key":"Fruit Juice"},{"floor":20,"key":"Strength Potion"},{"floor":31,"key":"Regen Potion"},{"floor":33,"key":"FairyPotion"}],"is_trial":false,"path_per_floor":["M","M","$","M","M","R","M","M","T","M","R","M","?","M","R","B",null,"M","$","M","M","?","R","M","R","T","?","R","?","$","M","R","B",null,"M","?","M"],"character_chosen":"THE_SILENT","items_purchased":["Bandage Up","Caltrops","Mummified Hand","Caltrops","Magnetism"],"campfire_rested":3,"item_purchase_floors":[3,19,19,19,30],"current_hp_per_floor":[63,63,63,63,59,59,59,63,63,63,63,63,57,61,61,41,68,64,64,61,49,46,46,17,38,38,22,58,58,58,34,70,55,73,42,37,0],"gold":298,"neow_bonus":"ONE_RARE_RELIC","is_prod":false,"is_daily":false,"chose_seed":false,"campfire_upgraded":4,"win_rate":0,"timestamp":1549252854,"path_taken":["M","M","$","M","M","R","M","M","T","M","R","M","?","M","R","BOSS","M","$","M","?","?","R","M","R","T","?","R","?","$","M","R","BOSS","M","?","M"],"build_version":"2019-01-23","purchased_purges":0,"victory":false,"max_hp_per_floor":[63,63,63,63,63,63,63,63,63,63,63,63,63,63,63,63,68,73,73,73,73,73,73,73,73,73,73,73,73,73,73,73,73,73,73,73,73],"card_choices":[{"not_picked":["Backflip","Quick Slash"],"picked":"Footwork","floor":1},{"not_picked":["Dagger Throw","Dodge and Roll"],"picked":"Footwork","floor":2},{"not_picked":["Cloak And Dagger","Escape Plan"],"picked":"Prepared","floor":4},{"not_picked":["Flying Knee","PiercingWail"],"picked":"Dagger Throw","floor":5},{"not_picked":["Deadly Poison","Wraith Form v2"],"picked":"Backstab","floor":7},{"not_picked":["Deflect","Endless Agony"],"picked":"PiercingWail","floor":8},{"not_picked":["Choke","Sucker Punch"],"picked":"Calculated Gamble","floor":10},{"not_picked":["PiercingWail","Prepared"],"picked":"Terror","floor":12},{"not_picked":["Dodge and Roll","Backflip"],"picked":"Sucker Punch","floor":14},{"not_picked":["Venomology","Die Die Die"],"picked":"Malaise","floor":16},{"not_picked":["Backflip","Cloak And Dagger"],"picked":"Dagger Throw","floor":17},{"not_picked":["Terror","Deadly Poison+1"],"picked":"Escape Plan","floor":18},{"not_picked":["Terror","Bouncing Flask"],"picked":"All Out Attack","floor":20},{"not_picked":["Leg Sweep+1","Footwork"],"picked":"Underhanded Strike+1","floor":21},{"not_picked":["Footwork","Outmaneuver"],"picked":"Poisoned Stab","floor":24},{"not_picked":["Underhanded Strike","Bane"],"picked":"Acrobatics+1","floor":31},{"not_picked":["Corpse Explosion","Die Die Die"],"picked":"A Thousand Cuts","floor":33},{"not_picked":["Endless Agony+1","Poisoned Stab+1"],"picked":"Quick Slash","floor":35},{"not_picked":["Deep Breath","Flash of Steel"],"picked":"Dramatic Entrance","floor":36},{"not_picked":["Swift Strike","Jack Of All Trades"],"picked":"Apotheosis","floor":36}],"player_experience":2088467,"relics_obtained":[{"floor":9,"key":"The Courier"},{"floor":26,"key":"Regal Pillow"},{"floor":27,"key":"Nilry\u0027s Codex"}],"event_choices":[{"damage_healed":0,"gold_gain":75,"player_choice":"Touch","damage_taken":6,"max_hp_gain":0,"max_hp_loss":0,"event_name":"FaceTrader","floor":13,"gold_loss":0},{"damage_healed":0,"gold_gain":0,"player_choice":"Fight","damage_taken":0,"max_hp_gain":0,"max_hp_loss":0,"event_name":"Colosseum","floor":22,"gold_loss":0},{"damage_healed":0,"gold_gain":0,"player_choice":"Fled From Nobs","damage_taken":0,"max_hp_gain":0,"max_hp_loss":0,"event_name":"Colosseum","floor":22,"gold_loss":0},{"damage_healed":0,"gold_gain":0,"player_choice":"Obtained Book","damage_taken":16,"max_hp_gain":0,"max_hp_loss":0,"event_name":"Cursed Tome","floor":27,"gold_loss":0},{"damage_healed":0,"gold_gain":99,"player_choice":"Stole From Cult","damage_taken":0,"max_hp_gain":0,"max_hp_loss":0,"event_name":"Nest","floor":29,"gold_loss":0},{"damage_healed":0,"gold_gain":0,"player_choice":"Memory 2","damage_taken":5,"max_hp_gain":0,"max_hp_loss":0,"event_name":"SensoryStone","floor":36,"gold_loss":0}],"is_beta":false,"boss_relics":[{"not_picked":["Busted Crown","Philosopher\u0027s Stone"],"picked":"Tiny House"},{"not_picked":["Lizard Tail","WristBlade"],"picked":"HoveringKite"}],"items_purged_floors":[],"is_endless":false,"potions_floor_spawned":[1,2,5,8,14,18,20,31,33,35],"killed_by":"3 Darklings","ascension_level":4}