{"gold_per_floor":[12,28,28,28,46,76,76,101,124,144,144,178,178,144,144,249,249,267,58,58,58,75,109,109,144,218,237,237],"floor_reached":28,"playtime":4028,"items_purged":["Strike_R+1"],"score":329,"play_id":"979eff0a-ceed-4792-960b-fa14bbe2437c","local_time":"20190128150040","is_ascension_mode":true,"campfire_choices":[{"data":"Body Slam","floor":7,"key":"SMITH"},{"floor":11,"key":"REST"},{"data":"Heavy Blade","floor":13,"key":"SMITH"},{"data":"Spot Weakness","floor":15,"key":"SMITH"},{"floor":24,"key":"REST"}],"neow_cost":"NO_GOLD","seed_source_timestamp":521644867259979,"circlet_count":0,"master_deck":["Defend_R","Defend_R","Bash+1","Spot Weakness+1","Heavy Blade+1","Body Slam+1","Warcry","Inflame","Exhume","Second Wind+1","Flame Barrier+1","Corruption+1","Burning Pact","Warcry","Good Instincts","Pain","Shrug It Off"],"relics":["Burning Blood","Whetstone","Bag of Preparation","Vajra","Calipers","Astrolabe","Enchiridion","WarpedTongs","Bronze Scales","Singing Bowl","Meat on the Bone"],"potions_floor_usage":[16,16,23,23,27,28],"damage_taken":[{"damage":2,"enemies":"2 Louse","floor":1,"turns":3},{"damage":3,"enemies":"Jaw Worm","floor":2,"turns":5},{"damage":4,"enemies":"Small Slimes","floor":5,"turns":3},{"damage":53,"enemies":"Lagavulin","floor":6,"turns":11},{"damage":27,"enemies":"3 Sentries","floor":8,"turns":7},{"damage":2,"enemies":"2 Fungi Beasts","floor":10,"turns":3},{"damage":16,"enemies":"Gremlin Nob","floor":12,"turns":3},{"damage":17,"enemies":"Hexaghost","floor":16,"turns":7},{"damage":2,"enemies":"Chosen","floor":18,"turns":3},{"damage":1,"enemies":"Spheric Guardian","floor":22,"turns":4},{"damage":39,"enemies":"Gremlin Leader","floor":23,"turns":8},{"damage":23,"enemies":"Book of Stabbing","floor":25,"turns":5},{"damage":22,"enemies":"Snecko","floor":27,"turns":5},{"damage":45,"enemies":"Slavers","floor":28,"turns":3}],"seed_played":"5988565761681711563","potions_obtained":[{"floor":8,"key":"LiquidBronze"},{"floor":12,"key":"PowerPotion"},{"floor":16,"key":"Explosive Potion"},{"floor":18,"key":"Explosive Potion"},{"floor":25,"key":"Block Potion"},{"floor":27,"key":"SkillPotion"}],"is_trial":false,"path_per_floor":["M","M","$","?","M","E","R","E","T","M","R","E","R","?","R","B",null,"M","$","?","?","M","E","R","E","T","M","E"],"character_chosen":"IRONCLAD","items_purchased":["Warcry","Good Instincts"],"campfire_rested":2,"item_purchase_floors":[19,19],"current_hp_per_floor":[80,80,80,73,75,28,28,7,7,11,35,25,25,25,25,14,80,80,80,64,64,69,36,60,43,43,41,0],"gold":237,"neow_bonus":"REMOVE_TWO","is_prod":false,"is_daily":false,"chose_seed":false,"campfire_upgraded":3,"win_rate":0,"timestamp":1548709240,"path_taken":["M","M","$","?","M","E","R","E","T","M","R","E","R","?","R","BOSS","M","$","?","?","?","E","R","E","T","M","E"],"build_version":"2019-01-23","purchased_purges":1,"victory":false,"max_hp_per_floor":[80,80,80,80,80,80,80,80,80,80,80,80,80,80,80,80,80,80,80,80,80,80,80,80,80,80,82,82],"card_choices":[{"not_picked":["Cleave","Searing Blow"],"picked":"Spot Weakness","floor":1},{"not_picked":["Pommel Strike","Twin Strike"],"picked":"Heavy Blade","floor":2},{"not_picked":["Evolve","Pommel Strike"],"picked":"Body Slam","floor":5},{"not_picked":["Feel No Pain","Sword Boomerang"],"picked":"Warcry","floor":6},{"not_picked":["Twin Strike","Rupture"],"picked":"Inflame","floor":8},{"not_picked":["Immolate","Cleave","Power Through"],"picked":"SKIP","floor":10},{"not_picked":["Havoc","Pommel Strike","Iron Wave"],"picked":"SKIP","floor":12},{"not_picked":["Bludgeon","Brutality"],"picked":"Exhume","floor":16},{"not_picked":["Heavy Blade","True Grit"],"picked":"Burning Pact","floor":18},{"not_picked":["Pommel Strike","Inflame","Sword Boomerang"],"picked":"SKIP","floor":22},{"not_picked":["Clothesline+1","Dropkick","Fire Breathing"],"picked":"SKIP","floor":23},{"not_picked":["Clothesline+1","Sword Boomerang+1"],"picked":"Shrug It Off","floor":25},{"not_picked":["Armaments","Thunderclap","Twin Strike"],"picked":"Singing Bowl","floor":27}],"player_experience":566755,"relics_obtained":[{"floor":6,"key":"Whetstone"},{"floor":8,"key":"Bag of Preparation"},{"floor":9,"key":"Vajra"},{"floor":12,"key":"Calipers"},{"floor":20,"key":"Enchiridion"},{"floor":23,"key":"Bronze Scales"},{"floor":25,"key":"Singing Bowl"},{"floor":26,"key":"Meat on the Bone"}],"event_choices":[{"cards_removed":["Strike_R"],"damage_healed":0,"gold_gain":0,"player_choice":"Card Removal","damage_taken":7,"max_hp_gain":0,"max_hp_loss":0,"event_name":"Golden Wing","floor":4,"gold_loss":0},{"damage_healed":0,"gold_gain":0,"player_choice":"Left Gold","damage_taken":0,"max_hp_gain":0,"max_hp_loss":0,"event_name":"World of Goop","floor":14,"gold_loss":34},{"damage_healed":0,"gold_gain":0,"player_choice":"Obtained Book","damage_taken":16,"max_hp_gain":0,"max_hp_loss":0,"event_name":"Cursed Tome","floor":20,"gold_loss":0},{"damage_healed":0,"gold_gain":0,"player_choice":"Rummage","damage_taken":0,"relics_obtained":["WarpedTongs"],"max_hp_gain":0,"max_hp_loss":0,"event_name":"Accursed Blacksmith","floor":21,"gold_loss":0,"cards_obtained":["Pain"]}],"is_beta":false,"boss_relics":[{"not_picked":["Cursed Key","Fusion Hammer"],"picked":"Astrolabe"}],"items_purged_floors":[19],"is_endless":false,"potions_floor_spawned":[8,12,16,18,25,27],"killed_by":"Slavers","ascension_level":2}