{"gold_per_floor":[110,35,50,50,50,86,106,140,167,180,215,215,215,236,236,236],"floor_reached":16,"playtime":1116,"items_purged":["Writhe"],"score":150,"play_id":"4a7b8c5a-5f97-47c8-acd3-68f661b2567e","local_time":"20190204115749","is_ascension_mode":true,"campfire_choices":[{"floor":13,"key":"REST"},{"floor":15,"key":"REST"}],"neow_cost":"CURSE","seed_source_timestamp":330146936065755,"circlet_count":0,"master_deck":["Strike_B","Strike_B","Strike_B","Strike_B","Defend_B","Defend_B","Defend_B","Defend_B","Zap","Dualcast","Streamline","Rebound","Discovery","Hologram","Rip and Tear"],"relics":["Cracked Core","FossilizedHelix","Golden Idol","Potion Belt","Bag of Marbles","Regal Pillow","Oddly Smooth Stone"],"potions_floor_usage":[6,11,16],"damage_taken":[{"damage":2,"enemies":"Jaw Worm","floor":1,"turns":3},{"damage":6,"enemies":"2 Louse","floor":3,"turns":2},{"damage":15,"enemies":"Gremlin Nob","floor":6,"turns":5},{"damage":0,"enemies":"Cultist","floor":7,"turns":3},{"damage":20,"enemies":"Lagavulin","floor":8,"turns":5},{"damage":0,"enemies":"Large Slime","floor":10,"turns":3},{"damage":27,"enemies":"3 Sentries","floor":11,"turns":6},{"damage":0,"enemies":"2 Fungi Beasts","floor":14,"turns":2},{"damage":77,"enemies":"Hexaghost","floor":16,"turns":10}],"seed_played":"4625650195046986770","potions_obtained":[{"floor":3,"key":"Block Potion"},{"floor":10,"key":"SpeedPotion"},{"floor":11,"key":"Block Potion"}],"is_trial":false,"path_per_floor":["M","$","M","?","?","E","M","E","T","M","E","?","R","M","R","B"],"character_chosen":"DEFECT","items_purchased":[],"campfire_rested":2,"item_purchase_floors":[],"current_hp_per_floor":[73,73,67,67,67,52,52,32,32,32,5,10,47,47,74,0],"gold":236,"neow_bonus":"ONE_RARE_RELIC","is_prod":false,"is_daily":false,"chose_seed":false,"campfire_upgraded":0,"win_rate":0,"timestamp":1549303069,"path_taken":["M","$","M","?","?","E","?","E","T","M","E","?","R","M","R","BOSS"],"build_version":"2019-01-23","purchased_purges":1,"victory":false,"max_hp_per_floor":[75,75,75,69,69,69,69,69,69,69,69,74,74,74,74,74],"card_choices":[{"not_picked":["Steam Power","Force Field"],"picked":"Streamline","floor":1},{"not_picked":["Heatsinks","Tempest"],"picked":"Rebound","floor":3},{"not_picked":["Consume","Thunder Strike","Steam Power"],"picked":"SKIP","floor":6},{"not_picked":["Reinforced Body","Beam Cell"],"picked":"Hologram","floor":7},{"not_picked":["Redo","Gash","Beam Cell"],"picked":"SKIP","floor":8},{"not_picked":["Melter","Hologram"],"picked":"Rip and Tear","floor":10},{"not_picked":["Steam Power","Streamline","Sweeping Beam"],"picked":"SKIP","floor":11},{"not_picked":["Compile Driver","Streamline","All For One"],"picked":"SKIP","floor":14}],"player_experience":604175,"relics_obtained":[{"floor":6,"key":"Potion Belt"},{"floor":8,"key":"Bag of Marbles"},{"floor":9,"key":"Regal Pillow"},{"floor":11,"key":"Oddly Smooth Stone"}],"event_choices":[{"damage_healed":0,"gold_gain":0,"player_choice":"Lose Max HP","damage_taken":0,"relics_obtained":["Golden Idol"],"max_hp_gain":0,"max_hp_loss":6,"event_name":"Golden Idol","floor":4,"gold_loss":0},{"damage_healed":0,"gold_gain":0,"player_choice":"1 cards matched","damage_taken":0,"max_hp_gain":0,"max_hp_loss":0,"event_name":"Match and Keep!","floor":5,"gold_loss":0,"cards_obtained":["Discovery"]},{"damage_healed":0,"gold_gain":0,"player_choice":"Donut","damage_taken":0,"max_hp_gain":5,"max_hp_loss":0,"event_name":"Big Fish","floor":12,"gold_loss":0}],"is_beta":false,"boss_relics":[],"items_purged_floors":[2],"is_endless":false,"potions_floor_spawned":[3,10,11],"killed_by":"Hexaghost","ascension_level":5}