{"gold_per_floor":[110,12,12,31,31,31,50,69,69,107,107,107,122,22,22,118,118,132,132],"floor_reached":19,"playtime":1031,"items_purged":["Strike_G","Strike_G"],"score":284,"play_id":"c7972e8c-f7d7-4f01-8d62-64167b7363cd","local_time":"20180801013658","is_ascension_mode":true,"campfire_choices":[{"data":"Neutralize","floor":6,"key":"SMITH"},{"data":"Dash","floor":11,"key":"SMITH"},{"floor":15,"key":"REST"}],"neow_cost":"NONE","seed_source_timestamp":3902494755889907,"circlet_count":0,"master_deck":["Defend_G","Defend_G","Defend_G","Defend_G","Defend_G","Strike_G","Strike_G","Strike_G","Survivor","Neutralize+1","AscendersBane","Dagger Throw","Backflip","Dash+1","Dash","Backflip","Escape Plan","Burst","Deflect"],"relics":["Philosopher\u0027s Stone","Golden Idol","CultistMask","Meat on the Bone","Darkstone Periapt","Orichalcum","Runic Pyramid"],"potions_floor_usage":[10,10,19],"damage_taken":[{"damage":2,"enemies":"Cultist","floor":1,"turns":6},{"damage":5,"enemies":"Jaw Worm","floor":4,"turns":3},{"damage":0,"enemies":"Small Slimes","floor":7,"turns":3},{"damage":13,"enemies":"Gremlin Gang","floor":8,"turns":5},{"damage":1,"enemies":"Lagavulin","floor":10,"turns":5},{"damage":0,"enemies":"Exordium Wildlife","floor":13,"turns":3},{"damage":22,"enemies":"The Guardian","floor":16,"turns":18},{"damage":0,"enemies":"Chosen","floor":18,"turns":8},{"damage":54,"enemies":"3 Byrds","floor":19,"turns":3}],"seed_played":"1542013855927410128","potions_obtained":[{"floor":4,"key":"Poison Potion"},{"floor":7,"key":"LiquidBronze"},{"floor":8,"key":"Weak Potion"},{"floor":13,"key":"EssenceOfSteel"},{"floor":18,"key":"GamblersBrew"}],"is_trial":false,"path_per_floor":["M","$","?","M","?","R","M","M","T","E","R","T","M","$","R","B",null,"M"],"character_chosen":"THE_SILENT","items_purchased":["Backflip"],"campfire_rested":1,"item_purchase_floors":[2],"current_hp_per_floor":[57,57,57,52,52,52,52,39,39,38,38,38,38,38,56,34,54,54,0],"gold":132,"neow_bonus":"BOSS_RELIC","is_prod":false,"is_daily":false,"chose_seed":false,"campfire_upgraded":2,"win_rate":0,"timestamp":1533080218,"path_taken":["M","$","?","M","?","R","M","M","T","E","R","?","M","$","R","BOSS","M","M"],"build_version":"2018-07-26","purchased_purges":2,"victory":false,"max_hp_per_floor":[66,66,61,61,61,61,61,61,61,61,61,61,61,61,61,61,61,61,61],"card_choices":[{"not_picked":["Dagger Spray","Setup"],"picked":"Dagger Throw","floor":1},{"not_picked":["Deflect","Bane"],"picked":"Dash","floor":4},{"not_picked":["Catalyst","Flechettes","Endless Agony"],"picked":"SKIP","floor":7},{"not_picked":["Deflect","Infinite Blades"],"picked":"Dash","floor":8},{"not_picked":["PiercingWail","Deadly Poison"],"picked":"Backflip","floor":10},{"not_picked":["Sucker Punch","PiercingWail"],"picked":"Escape Plan","floor":13},{"not_picked":["Tools of the Trade","Envenom"],"picked":"Burst","floor":16},{"not_picked":["Acrobatics","Tactician"],"picked":"Deflect","floor":18}],"player_experience":421598,"relics_obtained":[{"floor":9,"key":"Meat on the Bone"},{"floor":10,"key":"Darkstone Periapt"},{"floor":12,"key":"Orichalcum"}],"event_choices":[{"event_name":"Golden Idol","player_choice":"Lose Max HP","floor":3,"damage_taken":0},{"event_name":"FaceTrader","player_choice":"Trade","floor":5,"damage_taken":0}],"is_beta":false,"boss_relics":[{"not_picked":["Tiny House","Fusion Hammer"],"picked":"Runic Pyramid"}],"items_purged_floors":[2,14],"is_endless":false,"potions_floor_spawned":[4,7,8,13,18],"killed_by":"3 Byrds","ascension_level":14}