{"gold_per_floor":[114,130,130,148,159,184,59,89,116,116,126,141,141,160,160,263,263,237,249,262,34,34,34],"floor_reached":23,"playtime":2570,"items_purged":["Pain","Strike_G"],"score":277,"play_id":"301107ef-4ef6-4252-8e99-345816d754ea","local_time":"20181230151314","is_ascension_mode":true,"campfire_choices":[{"floor":10.0,"key":"REST"},{"floor":15,"key":"REST"}],"neow_cost":"NONE","seed_source_timestamp":117208772828057,"circlet_count":0,"master_deck":["Defend_G","Defend_G","Defend_G","Defend_G","Defend_G","Strike_G","Strike_G","Strike_G","Strike_G","Survivor","Neutralize","Backstab","Sucker Punch","Infinite Blades","Calculated Gamble","Dash","Finisher","Flechettes","Backflip","A Thousand Cuts","Blade Dance","Blade Dance","Dash"],"special_seed":0,"relics":["Ring of the Snake","NeowsBlessing","WarpedTongs","Torii","PreservedInsect","Happy Flower","Lizard Tail","Regal Pillow"],"potions_floor_usage":[16,16,16],"damage_taken":[{"damage":0.0,"enemies":"Small Slimes","floor":1.0,"turns":1.0},{"damage":0.0,"enemies":"Cultist","floor":2.0,"turns":1.0},{"damage":0.0,"enemies":"2 Louse","floor":4.0,"turns":1.0},{"damage":12.0,"enemies":"Large Slime","floor":5.0,"turns":4.0},{"damage":34.0,"enemies":"3 Sentries","floor":6.0,"turns":9.0},{"damage":1.0,"enemies":"Gremlin Nob","floor":8.0,"turns":3.0},{"damage":9.0,"enemies":"3 Louse","floor":11.0,"turns":2.0},{"damage":1.0,"enemies":"Blue Slaver","floor":12.0,"turns":2.0},{"damage":1.0,"enemies":"2 Fungi Beasts","floor":14.0,"turns":3.0},{"damage":11,"enemies":"The Guardian","floor":16,"turns":10},{"damage":21,"enemies":"2 Thieves","floor":18,"turns":5},{"damage":25,"enemies":"Chosen","floor":19,"turns":6},{"damage":57,"enemies":"Centurion and Healer","floor":20,"turns":5},{"damage":1,"enemies":"Gremlin Leader","floor":23,"turns":2}],"seed_played":"-895377908047985124","potions_obtained":[{"floor":2.0,"key":"Fire Potion"},{"floor":6.0,"key":"SteroidPotion"},{"floor":8.0,"key":"SkillPotion"},{"floor":11.0,"key":"AttackPotion"},{"floor":14.0,"key":"GamblersBrew"},{"floor":18,"key":"GhostInAJar"},{"floor":19,"key":"Fire Potion"}],"is_trial":false,"path_per_floor":["M","M","?","M","M","E","$","E","T","R","M","M","?","M","R","B",null,"M","M","M","$","?","E"],"character_chosen":"THE_SILENT","items_purchased":["PowerPotion","Blade Dance","Dash"],"campfire_rested":2,"item_purchase_floors":[7,21,21],"current_hp_per_floor":[63,63,63,63,51,17,17,16,16,37,28,27,32,31,53,42,67,46,21,1,1,1,0],"gold":34,"neow_bonus":"THREE_ENEMY_KILL","is_prod":false,"is_daily":false,"chose_seed":false,"campfire_upgraded":0,"win_rate":0,"timestamp":1546204394,"path_taken":["M","M","?","M","?","E","$","E","T","R","M","M","?","M","R","BOSS","M","M","M","$","?","E"],"build_version":"2018-12-20","purchased_purges":2,"victory":false,"max_hp_per_floor":[70,70,70,70,70,70,70,70,70,70,70,70,75,75,75,75,75,75,75,75,75,75,75],"card_choices":[{"not_picked":["Cloak And Dagger","Blade Dance"],"picked":"Backstab","floor":1.0},{"not_picked":["Terror","PiercingWail"],"picked":"Sucker Punch","floor":2.0},{"not_picked":["Underhanded Strike","Quick Slash"],"picked":"Infinite Blades","floor":4.0},{"not_picked":["Bane","Slice"],"picked":"Calculated Gamble","floor":5.0},{"not_picked":["Calculated Gamble","Underhanded Strike"],"picked":"Dash","floor":6.0},{"not_picked":["Prepared","Crippling Poison"],"picked":"Finisher","floor":8.0},{"not_picked":["PiercingWail","Wraith Form v2"],"picked":"Flechettes","floor":11.0},{"not_picked":["Blade Dance","Bane","Slice"],"picked":"SKIP","floor":12.0},{"not_picked":["Dodge and Roll","Sucker Punch"],"picked":"Backflip","floor":14.0},{"not_picked":["Wraith Form v2","Phantasmal Killer"],"picked":"A Thousand Cuts","floor":16},{"not_picked":["Underhanded Strike+1","Concentrate","Eviscerate"],"picked":"SKIP","floor":18},{"not_picked":["Concentrate","Dodge and Roll"],"picked":"Blade Dance","floor":19},{"not_picked":["Eviscerate","Acrobatics","Setup"],"picked":"SKIP","floor":20}],"player_experience":397682,"relics_obtained":[{"floor":6.0,"key":"Torii"},{"floor":8.0,"key":"PreservedInsect"},{"floor":9.0,"key":"Happy Flower"}],"event_choices":[{"damage_healed":0.0,"max_hp_gain":0.0,"max_hp_loss":0.0,"gold_gain":0.0,"event_name":"Accursed Blacksmith","player_choice":"Rummage","floor":3.0,"gold_loss":0.0,"damage_taken":0.0,"relics_obtained":["WarpedTongs"],"cards_obtained":["Pain"]},{"damage_healed":0.0,"max_hp_gain":5.0,"max_hp_loss":0.0,"gold_gain":0.0,"event_name":"Big Fish","player_choice":"Donut","floor":13.0,"gold_loss":0.0,"damage_taken":0.0},{"damage_healed":0,"gold_gain":0,"player_choice":"Opened","damage_taken":0,"relics_obtained":["Regal Pillow"],"max_hp_gain":0,"max_hp_loss":0,"event_name":"The Mausoleum","floor":22,"gold_loss":0}],"is_beta":false,"boss_relics":[{"not_picked":["Velvet Choker","Orrery"],"picked":"Lizard Tail"}],"items_purged_floors":[7,21],"is_endless":false,"potions_floor_spawned":[2,6,8,11,14,18,19],"killed_by":"Gremlin Leader","ascension_level":7}