{"gold_per_floor":[18,18,31,50,125,199,199,199,199,199,218,230,240,259,259,357,357,373,373,20,40,58,58,58,33,33,33,33,44,44,44,44,142,142,162,214,233,233,233,248,248],"floor_reached":41,"playtime":2938,"items_purged":["Strike_G"],"score":490,"play_id":"aa721319-0c4d-4994-b8a9-1340169574c1","local_time":"20180916055903","is_ascension_mode":true,"campfire_choices":[{"data":"Blade Dance","floor":7,"key":"SMITH"},{"floor":15,"key":"REST"},{"data":"Choke","floor":24,"key":"SMITH"},{"data":"Choke","floor":27,"key":"SMITH"},{"data":"A Thousand Cuts","floor":30,"key":"SMITH"},{"floor":32,"key":"REST"}],"neow_cost":"NO_GOLD","seed_source_timestamp":22743287115430,"circlet_count":0,"master_deck":["Survivor","Neutralize","Choke+1","Blade Dance+1","Caltrops","Underhanded Strike","Flying Knee","Footwork","Cloak And Dagger","Terror","Concentrate","A Thousand Cuts+1","Choke+1","Cloak And Dagger","Deflect","Cloak And Dagger","Tools of the Trade","PiercingWail","Bane","Cloak And Dagger","Dagger Throw","Footwork","Dagger Spray","Backflip","Setup+1","Dodge and Roll+1","Concentrate+1","Dodge and Roll+1","Madness","Madness","Caltrops+1"],"relics":["Ring of the Snake","Ninja Scroll","Boot","Bottled Flame","Gremlin Horn","Runic Pyramid","Pantograph","Shuriken","Bag of Preparation","MutagenicStrength","Pandora\u0027s Box","Ginger"],"potions_floor_usage":[16,29,33,33,36,41],"damage_taken":[{"damage":1,"enemies":"2 Louse","floor":1,"turns":3},{"damage":0,"enemies":"Cultist","floor":3,"turns":3},{"damage":4,"enemies":"Jaw Worm","floor":4,"turns":3},{"damage":9,"enemies":"Red Slaver","floor":11,"turns":2},{"damage":3,"enemies":"Large Slime","floor":12,"turns":3},{"damage":0,"enemies":"Blue Slaver","floor":13,"turns":1},{"damage":0,"enemies":"Looter","floor":14,"turns":1},{"damage":46,"enemies":"Hexaghost","floor":16,"turns":11},{"damage":3,"enemies":"2 Thieves","floor":18,"turns":4},{"damage":9,"enemies":"3 Byrds","floor":21,"turns":2},{"damage":8,"enemies":"Centurion and Healer","floor":22,"turns":4},{"damage":0,"enemies":"Snecko","floor":29,"turns":3},{"damage":38,"enemies":"Automaton","floor":33,"turns":8},{"damage":10,"enemies":"Orb Walker","floor":35,"turns":3},{"damage":12,"enemies":"Mysterious Sphere","floor":36,"turns":5},{"damage":11,"enemies":"3 Darklings","floor":37,"turns":4},{"damage":15,"enemies":"Maw","floor":40,"turns":7},{"damage":35,"enemies":"Transient","floor":41,"turns":4}],"seed_played":"-2105306441051471916","potions_obtained":[{"floor":2,"key":"LiquidBronze"},{"floor":2,"key":"Swift Potion"},{"floor":2,"key":"SneckoOil"},{"floor":3,"key":"SteroidPotion"},{"floor":11,"key":"Regen Potion"},{"floor":16,"key":"Poison Potion"},{"floor":33,"key":"SpeedPotion"},{"floor":35,"key":"Explosive Potion"}],"is_trial":false,"path_per_floor":["M","?","M","M","?","T","R","?","T","T","M","M","M","M","R","B",null,"M","?","$","M","M","?","R","$","T","R","?","M","R","?","R","B",null,"M","?","M","?","?","M"],"character_chosen":"THE_SILENT","items_purchased":["Cloak And Dagger","Shuriken","Deflect"],"campfire_rested":2,"item_purchase_floors":[20,20,25],"current_hp_per_floor":[69,69,69,65,54,54,54,54,54,54,45,42,42,42,63,32,70,67,67,67,58,50,50,50,50,50,50,50,50,50,50,70,32,70,60,48,37,37,28,13,0],"gold":248,"neow_bonus":"TRANSFORM_TWO_CARDS","is_prod":false,"is_daily":false,"chose_seed":false,"campfire_upgraded":4,"win_rate":0,"timestamp":1537091943,"path_taken":["M","?","M","?","?","?","R","?","T","?","M","M","?","M","R","BOSS","M","?","$","M","?","?","R","$","T","R","?","M","R","?","R","BOSS","M","?","?","?","?","M","M"],"build_version":"2018-09-06","purchased_purges":1,"victory":false,"max_hp_per_floor":[70,70,70,70,70,70,70,70,70,70,70,70,70,70,70,70,70,70,70,70,70,70,70,70,70,70,70,70,70,70,70,70,70,70,70,70,70,70,70,70,70],"card_choices":[{"not_picked":["PiercingWail","Dodge and Roll"],"picked":"Caltrops","floor":1},{"not_picked":["Outmaneuver","Prepared"],"picked":"Underhanded Strike","floor":3},{"not_picked":["Reflex","Deadly Poison"],"picked":"Flying Knee","floor":4},{"not_picked":["Poisoned Stab","Calculated Gamble"],"picked":"Footwork","floor":11},{"not_picked":["Eviscerate","Poisoned Stab"],"picked":"Cloak And Dagger","floor":12},{"not_picked":["Escape Plan","Predator"],"picked":"Terror","floor":13},{"not_picked":["Calculated Gamble","Dodge and Roll"],"picked":"Concentrate","floor":14},{"not_picked":["Glass Knife","Phantasmal Killer"],"picked":"A Thousand Cuts","floor":16},{"not_picked":["Riddle With Holes","Deflect"],"picked":"Choke","floor":18},{"not_picked":["Endless Agony","Riddle With Holes+1","Dagger Throw"],"picked":"SKIP","floor":21},{"not_picked":["Dagger Throw","Eviscerate","All Out Attack"],"picked":"SKIP","floor":22},{"not_picked":["Dagger Spray","PiercingWail"],"picked":"Cloak And Dagger","floor":29},{"not_picked":["Grand Finale","Venomology"],"picked":"Tools of the Trade","floor":33},{"not_picked":["Acrobatics","Outmaneuver"],"picked":"Setup+1","floor":35},{"not_picked":["Deadly Poison+1","Blade Dance"],"picked":"Dodge and Roll+1","floor":36},{"not_picked":["Outmaneuver","Poisoned Stab"],"picked":"Concentrate+1","floor":37},{"not_picked":["Bane+1","Deadly Poison+1"],"picked":"Caltrops+1","floor":40}],"player_experience":850416,"relics_obtained":[{"floor":6,"key":"Ninja Scroll"},{"floor":9,"key":"Bottled Flame"},{"floor":10,"key":"Gremlin Horn"},{"floor":26,"key":"Bag of Preparation"},{"floor":36,"key":"Ginger"}],"event_choices":[{"event_name":"The Lab","player_choice":"Got Potions","floor":2,"damage_taken":0},{"event_name":"World of Goop","player_choice":"Gather Gold","floor":5,"damage_taken":0},{"event_name":"WeMeetAgain","player_choice":"Potion","floor":8,"damage_taken":0},{"event_name":"The Mausoleum","player_choice":"Yes","floor":19,"damage_taken":0},{"event_name":"Purifier","player_choice":"One Purge","floor":23,"damage_taken":0},{"event_name":"Drug Dealer","player_choice":"Inject Mutagens","floor":28,"damage_taken":0},{"event_name":"Ghosts","player_choice":"Ignored","floor":31,"damage_taken":0},{"event_name":"Mysterious Sphere","player_choice":"Fight","floor":36,"damage_taken":0},{"event_name":"Duplicator","player_choice":"One dupe","floor":38,"damage_taken":0},{"event_name":"Winding Halls","player_choice":"Embrace Madness","floor":39,"damage_taken":0}],"is_beta":false,"boss_relics":[{"not_picked":["Velvet Choker","Fusion Hammer"],"picked":"Runic Pyramid"},{"not_picked":["Orrery","Empty Cage"],"picked":"Pandora\u0027s Box"}],"items_purged_floors":[20],"is_endless":false,"potions_floor_spawned":[3,11,16,18,33,35],"killed_by":"Transient","ascension_level":3}