{"gold_per_floor":[10,30,30,30,46,74,74,85,85,41,41,58,70,105,117,205,217,244,256,268,298,327,364,376,403,415,427,136,136,136,167,167,246,246,264,282,297,297,313,313,325,325,325,325,325,350,364,364,364,364],"floor_reached":50,"playtime":2064,"items_purged":[],"score":985,"play_id":"aa4fc7c5-6b37-4a67-85ef-8e5a145a21a3","local_time":"20190503041008","is_ascension_mode":true,"campfire_choices":[{"data":"Storm","floor":7.0,"key":"SMITH"},{"data":"Darkness","floor":11.0,"key":"SMITH"},{"data":"Static Discharge","floor":15.0,"key":"SMITH"},{"data":"Creative AI","floor":24.0,"key":"SMITH"},{"data":"Reinforced Body","floor":27.0,"key":"SMITH"},{"data":"Redo","floor":30.0,"key":"SMITH"},{"data":"Machine Learning","floor":32.0,"key":"SMITH"},{"data":"Thunder Strike","floor":40.0,"key":"SMITH"},{"floor":45.0,"key":"REST"},{"floor":49,"key":"REST"}],"neow_cost":"NO_GOLD","seed_source_timestamp":0,"circlet_count":0,"master_deck":["AscendersBane","Defend_B","Defend_B","Defend_B","Defend_B","Zap","Dualcast","Storm+1","Ball Lightning","BootSequence","Static Discharge+1","Self Repair","Darkness+1","Redo+1","Redo","Reinforced Body+1","Electrodynamics","Auto Shields","Creative AI+1","BootSequence","Doom and Gloom","Fusion+1","Self Repair","Machine Learning+1","Thunder Strike+1","Tempest+1","Heatsinks","Conserve Battery+1","Madness","Madness","White Noise"],"special_seed":0,"relics":["Cracked Core","Symbiotic Virus","PreservedInsect","Bottled Flame","MawBank","Eternal Feather","Juzu Bracelet","Gremlin Horn","Lee\u0027s Waffle","Darkstone Periapt","Velvet Choker","Omamori","Pocketwatch"],"potions_floor_usage":[],"damage_taken":[{"damage":1.0,"enemies":"Cultist","floor":1.0,"turns":4.0},{"damage":5.0,"enemies":"Small Slimes","floor":2.0,"turns":4.0},{"damage":4.0,"enemies":"Jaw Worm","floor":5.0,"turns":3.0},{"damage":10.0,"enemies":"Gremlin Nob","floor":6.0,"turns":3.0},{"damage":0.0,"enemies":"Exordium Wildlife","floor":8.0,"turns":3.0},{"damage":6.0,"enemies":"Exordium Thugs","floor":12.0,"turns":4.0},{"damage":0.0,"enemies":"3 Louse","floor":13.0,"turns":1.0},{"damage":15.0,"enemies":"Lagavulin","floor":14.0,"turns":4.0},{"damage":18.0,"enemies":"Slime Boss","floor":16.0,"turns":5.0},{"damage":15.0,"enemies":"3 Byrds","floor":18.0,"turns":3.0},{"damage":0.0,"enemies":"Spheric Guardian","floor":21.0,"turns":3.0},{"damage":23.0,"enemies":"Centurion and Healer","floor":22.0,"turns":5.0},{"damage":10.0,"enemies":"Slavers","floor":23.0,"turns":3.0},{"damage":13.0,"enemies":"Snecko","floor":25.0,"turns":5.0},{"damage":0.0,"enemies":"Gremlin Leader","floor":31.0,"turns":5.0},{"damage":40.0,"enemies":"Collector","floor":33.0,"turns":9.0},{"damage":7.0,"enemies":"3 Darklings","floor":35.0,"turns":3.0},{"damage":9.0,"enemies":"Orb Walker","floor":36.0,"turns":3.0},{"damage":2.0,"enemies":"3 Darklings","floor":37.0,"turns":3.0},{"damage":10.0,"enemies":"Spire Growth","floor":39.0,"turns":4.0},{"damage":52.0,"enemies":"Transient","floor":41.0,"turns":5.0},{"damage":40.0,"enemies":"Giant Head","floor":46.0,"turns":6.0},{"damage":21,"enemies":"Sphere and 2 Shapes","floor":47,"turns":3},{"damage":56,"enemies":"Time Eater","floor":50,"turns":3}],"seed_played":"-4709950852355754211","potions_obtained":[{"floor":2.0,"key":"Fire Potion"},{"floor":5.0,"key":"SpeedPotion"},{"floor":12.0,"key":"Explosive Potion"},{"floor":13.0,"key":"GamblersBrew"},{"floor":21.0,"key":"Dexterity Potion"},{"floor":23.0,"key":"Ancient Potion"},{"floor":31.0,"key":"Strength Potion"},{"floor":36.0,"key":"AttackPotion"},{"floor":46.0,"key":"Swift Potion"}],"is_trial":false,"path_per_floor":["M","M","?","?","M","E","R","M","T","$","R","M","M","E","R","B",null,"M","?","?","M","M","E","R","M","T","R","$","?","R","E","R","B",null,"M","M","M","?","M","R","M","?","T","?","R","E","M","?","R","B"],"character_chosen":"DEFECT","items_purchased":["Darkness","Lee\u0027s Waffle","Self Repair"],"campfire_rested":2,"item_purchase_floors":[10,28,28],"current_hp_per_floor":[63,58,58,58,54,44,44,44,44,44,44,45,45,37,37,19,58,43,43,57,57,41,38,50,37,37,49,78,78,78,78,78,52,72,72,63,68,68,58,73,28,14,14,14,55,29,8,8,49,0],"gold":364,"neow_bonus":"REMOVE_TWO","is_prod":false,"is_daily":false,"chose_seed":false,"campfire_upgraded":8,"win_rate":0,"timestamp":1556871008,"path_taken":["M","?","?","?","M","E","R","M","T","$","R","M","M","E","R","BOSS","M","?","?","M","?","E","R","M","T","R","$","?","R","E","R","BOSS","M","M","M","?","M","R","M","?","T","?","R","E","M","?","R","BOSS"],"build_version":"2019-01-23","purchased_purges":0,"victory":false,"max_hp_per_floor":[71,71,71,71,71,71,71,71,71,71,71,71,71,71,71,71,71,71,71,71,71,71,71,71,71,71,71,78,78,78,78,78,78,78,78,78,78,78,78,78,78,78,78,78,78,78,78,78,78,78],"card_choices":[{"not_picked":["Streamline","Heatsinks"],"picked":"Storm","floor":1.0},{"not_picked":["Barrage","Stack"],"picked":"Ball Lightning","floor":2.0},{"not_picked":["Rip and Tear","Cold Snap"],"picked":"BootSequence","floor":5.0},{"not_picked":["Conserve Battery","All For One"],"picked":"Static Discharge","floor":6.0},{"not_picked":["Barrage","Coolheaded"],"picked":"Self Repair","floor":8.0},{"not_picked":["Streamline","Go for the Eyes"],"picked":"Redo","floor":12.0},{"not_picked":["Glacier","Cold Snap"],"picked":"Redo","floor":13.0},{"not_picked":["Scrape","Ball Lightning"],"picked":"Reinforced Body","floor":14.0},{"not_picked":["Core Surge","Creative AI"],"picked":"Electrodynamics","floor":16.0},{"not_picked":["Aggregate","Hologram"],"picked":"Auto Shields","floor":18.0},{"not_picked":["Compile Driver","Streamline","Coolheaded"],"picked":"SKIP","floor":21.0},{"not_picked":["Turbo","Stack"],"picked":"Doom and Gloom","floor":22.0},{"not_picked":["Turbo+1","Auto Shields"],"picked":"Ball Lightning","floor":23.0},{"not_picked":["Rebound","Leap"],"picked":"Fusion+1","floor":25.0},{"not_picked":["Streamline","Leap"],"picked":"Machine Learning","floor":31.0},{"not_picked":["Seek","Rainbow"],"picked":"Thunder Strike","floor":33.0},{"not_picked":["Rebound","Hologram","Beam Cell+1"],"picked":"SKIP","floor":35.0},{"not_picked":["Stack","Hologram"],"picked":"Tempest+1","floor":36.0},{"not_picked":["Sunder","Hello World"],"picked":"Heatsinks","floor":37.0},{"not_picked":["Gash","Sweeping Beam","Steam"],"picked":"SKIP","floor":39.0},{"not_picked":["Hologram","Glacier"],"picked":"Conserve Battery+1","floor":41.0},{"not_picked":["Chill+1","Amplify"],"picked":"White Noise","floor":46.0},{"not_picked":["Tempest","Recycle","Sweeping Beam"],"picked":"SKIP","floor":47}],"player_experience":2878354,"relics_obtained":[{"floor":6.0,"key":"PreservedInsect"},{"floor":9.0,"key":"Bottled Flame"},{"floor":14.0,"key":"MawBank"},{"floor":23.0,"key":"Juzu Bracelet"},{"floor":26.0,"key":"Gremlin Horn"},{"floor":31.0,"key":"Darkstone Periapt"},{"floor":43.0,"key":"Omamori"},{"floor":46.0,"key":"Pocketwatch"}],"event_choices":[{"damage_healed":0.0,"max_hp_gain":0.0,"max_hp_loss":0.0,"gold_gain":0.0,"event_name":"Big Fish","player_choice":"Box","floor":3.0,"gold_loss":0.0,"damage_taken":0.0,"relics_obtained":["Symbiotic Virus"],"cards_obtained":["Regret"]},{"cards_removed":["Regret"],"damage_healed":0.0,"max_hp_gain":0.0,"max_hp_loss":0.0,"gold_gain":0.0,"event_name":"Living Wall","player_choice":"Forget","floor":4.0,"gold_loss":0.0,"damage_taken":0.0},{"damage_healed":0.0,"max_hp_gain":0.0,"max_hp_loss":0.0,"gold_gain":0.0,"cards_transformed":["Strike_B","Strike_B"],"event_name":"Drug Dealer","player_choice":"Became Test Subject","floor":19.0,"gold_loss":0.0,"damage_taken":0.0,"cards_obtained":["Creative AI","BootSequence"]},{"damage_healed":14.0,"max_hp_gain":0.0,"max_hp_loss":0.0,"gold_gain":0.0,"event_name":"The Library","player_choice":"Heal","floor":20.0,"gold_loss":0.0,"damage_taken":0.0},{"damage_healed":0.0,"max_hp_gain":0.0,"max_hp_loss":0.0,"gold_gain":0.0,"event_name":"Beggar","player_choice":"Ignored","floor":29.0,"gold_loss":0.0,"damage_taken":0.0},{"cards_removed":["Ball Lightning"],"damage_healed":0.0,"max_hp_gain":0.0,"max_hp_loss":0.0,"gold_gain":0.0,"event_name":"Falling","player_choice":"Removed Attack","floor":38.0,"gold_loss":0.0,"damage_taken":0.0},{"damage_healed":0.0,"max_hp_gain":0.0,"max_hp_loss":0.0,"gold_gain":0.0,"event_name":"Winding Halls","player_choice":"Embrace Madness","floor":42.0,"gold_loss":0.0,"damage_taken":14.0,"cards_obtained":["Madness","Madness"]},{"damage_healed":0.0,"max_hp_gain":0.0,"max_hp_loss":0.0,"gold_gain":0.0,"event_name":"Mysterious Sphere","player_choice":"Ignored","floor":44.0,"gold_loss":0.0,"damage_taken":0.0},{"damage_healed":0,"gold_gain":0,"player_choice":"Ignored","damage_taken":0,"max_hp_gain":0,"max_hp_loss":0,"event_name":"Tomb of Lord Red Mask","floor":48,"gold_loss":0}],"is_beta":false,"boss_relics":[{"not_picked":["Coffee Dripper","Snecko Eye"],"picked":"Eternal Feather"},{"not_picked":["Lizard Tail","White Beast Statue"],"picked":"Velvet Choker"}],"items_purged_floors":[],"is_endless":false,"potions_floor_spawned":[2,5,12,13,14,21,23,31,36,46],"killed_by":"Time Eater","ascension_level":16}