{"gold_per_floor":[10,85,85,85,100,134,134,151,177,204,106,106,122,135,135,135],"floor_reached":16,"playtime":716,"items_purged":["Strike_R"],"score":160,"play_id":"955b493d-058a-4cd4-8f6e-90f512061194","local_time":"20180626215336","is_ascension_mode":true,"campfire_choices":[{"floor":7,"key":"REST"},{"data":"Defend_R","floor":15,"key":"SMITH"}],"neow_cost":"NO_GOLD","seed_source_timestamp":865400153184893,"circlet_count":0,"master_deck":["Strike_R","Strike_R","Strike_R","Defend_R+1","Defend_R+1","Defend_R","Bash","Armaments+1","Cleave","Evolve","Shrug It Off"],"relics":["Burning Blood","Ancient Tea Set","Dream Catcher","Art of War"],"potions_floor_usage":[16,16,16],"damage_taken":[{"damage":5,"enemies":"2 Louse","floor":1,"turns":4},{"damage":4,"enemies":"Small Slimes","floor":5,"turns":4},{"damage":28,"enemies":"Gremlin Nob","floor":6,"turns":5},{"damage":0,"enemies":"Jaw Worm","floor":8,"turns":2},{"damage":49,"enemies":"Lagavulin","floor":10,"turns":7},{"damage":0,"enemies":"2 Fungi Beasts","floor":13,"turns":4},{"damage":0,"enemies":"3 Louse","floor":14,"turns":4},{"damage":29,"enemies":"The Guardian","floor":16,"turns":7}],"seed_played":"8037619803604575370","potions_obtained":[{"floor":10,"key":"SkillPotion"},{"floor":13,"key":"SteroidPotion"},{"floor":14,"key":"SkillPotion"}],"is_trial":false,"path_per_floor":["M","?","?","?","M","E","R","M","T","E","$","?","M","M","R"],"character_chosen":"IRONCLAD","items_purchased":["Shrug It Off"],"campfire_rested":1,"item_purchase_floors":[11],"current_hp_per_floor":[73,62,46,46,48,26,50,56,56,13,13,13,19,25,25,0],"gold":135,"neow_bonus":"REMOVE_TWO","is_prod":false,"is_daily":false,"chose_seed":false,"campfire_upgraded":1,"win_rate":0,"timestamp":1530042816,"path_taken":["M","?","?","?","M","E","R","?","T","E","$","?","M","M","R","BOSS"],"build_version":"2018-06-21v2","purchased_purges":1,"victory":false,"max_hp_per_floor":[80,80,80,80,80,80,80,80,80,80,80,80,80,80,80,80],"card_choices":[{"not_picked":["Anger","Second Wind"],"picked":"Armaments","floor":1},{"not_picked":["Shrug It Off","Havoc"],"picked":"Cleave","floor":5},{"not_picked":["Rupture","Havoc"],"picked":"Evolve","floor":6},{"not_picked":["Twin Strike","Iron Wave","Headbutt"],"picked":"SKIP","floor":8},{"not_picked":["Exhume","Flex","Reckless Charge"],"picked":"SKIP","floor":10},{"not_picked":["Warcry","Anger","Havoc"],"picked":"SKIP","floor":13},{"not_picked":["Uppercut","Flex","Infernal Blade"],"picked":"SKIP","floor":14}],"player_experience":360194,"relics_obtained":[{"floor":6,"key":"Ancient Tea Set"},{"floor":9,"key":"Dream Catcher"},{"floor":10,"key":"Art of War"}],"event_choices":[{"event_name":"World of Goop","player_choice":"Gather Gold","floor":2,"damage_taken":0},{"event_name":"Shining Light","player_choice":"Entered Light","floor":3,"damage_taken":0},{"event_name":"The Woman in Blue","player_choice":"Bought 0 Potions","floor":4,"damage_taken":0},{"event_name":"Scrap Ooze","player_choice":"unsuccessful","floor":12,"damage_taken":0}],"boss_relics":[],"items_purged_floors":[11],"is_endless":false,"potions_floor_spawned":[10,13,14],"killed_by":"The Guardian","ascension_level":9}