{"gold_per_floor":[112,127,127,7,7,39,66,95,132,177,189,201,231,262,274,390,402,425,23,41,41,56,84,84,32,32,47,47,58,58,93,93,190,190,209,223,243,297,697,732,134,165,165,40,40,40,40,40,40,40],"floor_reached":51,"playtime":4217,"items_purged":["Strike_R","Strike_R","Decay"],"score":853,"play_id":"e61b03a9-d685-4253-84fb-93d96e7dfa25","local_time":"20190521153929","is_ascension_mode":false,"campfire_choices":[{"data":"Clothesline","floor":12,"key":"SMITH"},{"data":"Armaments","floor":15,"key":"SMITH"},{"data":"Inflame","floor":28,"key":"SMITH"},{"data":"Dual Wield","floor":30,"key":"SMITH"},{"data":"Bash","floor":32,"key":"SMITH"},{"data":"Limit Break","floor":45,"key":"SMITH"},{"data":"Clothesline","floor":47,"key":"SMITH"},{"data":"Shrug It Off","floor":49,"key":"SMITH"}],"neow_cost":"NONE","seed_source_timestamp":69211458706800,"circlet_count":0,"master_deck":["Strike_R","Strike_R","Defend_R","Defend_R","Defend_R","Bash+1","Pommel Strike","Battle Trance","Twin Strike","Clothesline+1","Armaments+1","Shrug It Off","Dual Wield+1","Headbutt","Intimidate","Feed","Metallicize+1","Feel No Pain","Headbutt","Shrug It Off+1","Clothesline+1","Inflame+1","Burning Pact+1","Dark Embrace","Limit Break+1","Metallicize","Feed","Inflame+1","Power Through+1","Reaper","Barricade"],"relics":["Burning Blood","Art of War","MawBank","Lantern","Anchor","Snecko Eye","ClockworkSouvenir","Bag of Preparation","FossilizedHelix","Oddly Smooth Stone","Mark of Pain","StoneCalendar","Old Coin","Ice Cream","Meat on the Bone","Dodecahedron","Charon\u0027s Ashes","Sundial"],"potions_floor_usage":[6,6,16,16,23,33,33,50,50],"damage_taken":[{"damage":4,"enemies":"2 Louse","floor":1,"turns":4},{"damage":3,"enemies":"Small Slimes","floor":2,"turns":4},{"damage":19,"enemies":"Lagavulin","floor":6,"turns":5},{"damage":1,"enemies":"Cultist","floor":7,"turns":3},{"damage":20,"enemies":"Exordium Thugs","floor":8,"turns":7},{"damage":42,"enemies":"3 Sentries","floor":10,"turns":8},{"damage":0,"enemies":"3 Louse","floor":13,"turns":3},{"damage":0,"enemies":"Blue Slaver","floor":14,"turns":3},{"damage":14,"enemies":"Hexaghost","floor":16,"turns":12},{"damage":0,"enemies":"Chosen","floor":18,"turns":3},{"damage":21,"enemies":"2 Thieves","floor":20,"turns":5},{"damage":1,"enemies":"Cultist and Chosen","floor":22,"turns":8},{"damage":43,"enemies":"Gremlin Leader","floor":23,"turns":11},{"damage":0,"enemies":"Chosen and Byrds","floor":27,"turns":6},{"damage":0,"enemies":"Shelled Parasite and Fungi","floor":29,"turns":8},{"damage":0,"enemies":"Book of Stabbing","floor":31,"turns":6},{"damage":70,"enemies":"Champ","floor":33,"turns":27},{"damage":0,"enemies":"3 Darklings","floor":35,"turns":10},{"damage":0,"enemies":"3 Shapes","floor":36,"turns":7},{"damage":0,"enemies":"Spire Growth","floor":37,"turns":5},{"damage":25,"enemies":"2 Orb Walkers","floor":38,"turns":5},{"damage":20,"enemies":"Mind Bloom Boss Battle","floor":39,"turns":7},{"damage":0,"enemies":"Nemesis","floor":40,"turns":9},{"damage":18,"enemies":"Giant Head","floor":42,"turns":9},{"damage":30,"enemies":"Awakened One","floor":50,"turns":10}],"seed_played":"-8753299814168664180","potions_obtained":[{"floor":1,"key":"Strength Potion"},{"floor":10,"key":"PowerPotion"},{"floor":13,"key":"LiquidBronze"},{"floor":22,"key":"GamblersBrew"},{"floor":27,"key":"LiquidBronze"},{"floor":29,"key":"EssenceOfSteel"},{"floor":31,"key":"Swift Potion"},{"floor":33,"key":"FearPotion"},{"floor":35,"key":"Poison Potion"},{"floor":40,"key":"Energy Potion"}],"is_trial":false,"path_per_floor":["M","M","?","$","?","E","M","M","T","E","?","R","M","M","R","B",null,"M","$","M","$","M","E","?","$","T","M","R","M","R","E","R","B",null,"M","M","M","?","?","E","$","E","T","$","R","$","R","?","R","B",null],"character_chosen":"IRONCLAD","items_purchased":["Block Potion","Battle Trance","ClockworkSouvenir","Feel No Pain","Headbutt","Shrug It Off","SteroidPotion","Meat on the Bone","Dodecahedron"],"campfire_rested":0,"item_purchase_floors":[4,4,19,19,19,19,25,41,41],"current_hp_per_floor":[88,88,81,81,86,73,78,64,64,28,28,28,34,40,40,32,93,97,97,82,82,90,53,53,53,53,62,62,71,71,81,81,21,114,117,120,123,107,97,107,107,129,129,129,129,129,129,129,129,137],"gold":40,"neow_bonus":"TEN_PERCENT_HP_BONUS","is_prod":false,"is_daily":false,"chose_seed":false,"campfire_upgraded":8,"win_rate":1,"timestamp":1558478369,"path_taken":["M","M","?","$","?","E","M","M","T","E","?","R","M","M","R","BOSS","M","?","M","?","M","E","?","?","T","?","R","M","R","E","R","BOSS","M","M","M","?","?","E","$","E","T","$","R","?","R","?","R","BOSS"],"build_version":"2019-01-23","purchased_purges":3,"victory":true,"max_hp_per_floor":[88,88,88,88,93,93,93,93,93,93,93,93,93,93,93,93,93,97,97,97,97,100,100,100,100,100,103,103,106,106,110,110,114,114,117,120,123,126,130,134,134,137,137,137,137,137,137,137,137,137],"card_choices":[{"not_picked":["Fire Breathing","Whirlwind","Warcry"],"picked":"SKIP","floor":1},{"not_picked":["Wild Strike","Dual Wield"],"picked":"Pommel Strike","floor":2},{"not_picked":["Wild Strike","Entrench"],"picked":"Twin Strike","floor":6},{"not_picked":["Shrug It Off","Iron Wave"],"picked":"Clothesline","floor":7},{"not_picked":["Havoc","Battle Trance"],"picked":"Armaments","floor":8},{"not_picked":["Offering","Dropkick"],"picked":"Shrug It Off","floor":10},{"not_picked":["Bloodletting","Warcry"],"picked":"Headbutt","floor":13},{"not_picked":["Thunderclap","Clash"],"picked":"Intimidate","floor":14},{"not_picked":["Brutality","Berserk"],"picked":"Feed","floor":16},{"not_picked":["Flex","Twin Strike"],"picked":"Metallicize+1","floor":18},{"not_picked":["Thunderclap","Havoc","Rage"],"picked":"SKIP","floor":20},{"not_picked":["Entrench","Infernal Blade"],"picked":"Clothesline","floor":22},{"not_picked":["Juggernaut","Armaments"],"picked":"Inflame","floor":23},{"not_picked":["Sword Boomerang","Second Wind"],"picked":"Burning Pact+1","floor":27},{"not_picked":["Armaments","Combust","Burning Pact"],"picked":"SKIP","floor":29},{"not_picked":["Body Slam","Dropkick"],"picked":"Dark Embrace","floor":31},{"not_picked":["Offering","Juggernaut"],"picked":"Limit Break","floor":33},{"not_picked":["Perfected Strike","Sword Boomerang+1","Pommel Strike"],"picked":"SKIP","floor":35},{"not_picked":["Iron Wave","Dropkick+1"],"picked":"Metallicize","floor":36},{"not_picked":["True Grit+1","Entrench"],"picked":"Feed","floor":37},{"not_picked":["Havoc+1","Ghostly Armor"],"picked":"Inflame+1","floor":38},{"not_picked":["Flex","Clash+1"],"picked":"Power Through+1","floor":39},{"not_picked":["Shrug It Off+1","Perfected Strike"],"picked":"Reaper","floor":40},{"not_picked":["Armaments+1","Anger+1"],"picked":"Barricade","floor":42}],"player_experience":845045,"relics_obtained":[{"floor":6,"key":"MawBank"},{"floor":9,"key":"Lantern"},{"floor":10,"key":"Anchor"},{"floor":23,"key":"Bag of Preparation"},{"floor":26,"key":"FossilizedHelix"},{"floor":31,"key":"Oddly Smooth Stone"},{"floor":38,"key":"StoneCalendar"},{"floor":39,"key":"Old Coin"},{"floor":40,"key":"Ice Cream"},{"floor":42,"key":"Charon\u0027s Ashes"},{"floor":43,"key":"Sundial"}],"event_choices":[{"damage_healed":0,"gold_gain":0,"player_choice":"Success","damage_taken":7,"relics_obtained":["Art of War"],"max_hp_gain":0,"max_hp_loss":0,"event_name":"Scrap Ooze","floor":3,"gold_loss":0},{"damage_healed":0,"gold_gain":0,"player_choice":"Donut","damage_taken":0,"max_hp_gain":5,"max_hp_loss":0,"event_name":"Big Fish","floor":5,"gold_loss":0},{"damage_healed":0,"gold_gain":0,"cards_transformed":["Strike_R"],"player_choice":"Transformed","damage_taken":0,"max_hp_gain":0,"max_hp_loss":0,"event_name":"Transmorgrifier","floor":11,"gold_loss":0,"cards_obtained":["Dual Wield"]},{"damage_healed":0,"gold_gain":0,"player_choice":"Smashed Altar","damage_taken":0,"max_hp_gain":0,"max_hp_loss":0,"event_name":"Forgotten Altar","floor":24,"gold_loss":0,"cards_obtained":["Decay"]},{"damage_healed":0,"gold_gain":0,"player_choice":"Fight","damage_taken":0,"max_hp_gain":0,"max_hp_loss":0,"event_name":"Mysterious Sphere","floor":38,"gold_loss":0},{"damage_healed":0,"gold_gain":0,"player_choice":"Fight","damage_taken":0,"max_hp_gain":0,"max_hp_loss":0,"event_name":"MindBloom","floor":39,"gold_loss":0},{"cards_removed":["Defend_R"],"damage_healed":0,"gold_gain":0,"player_choice":"Removed Skill","damage_taken":0,"max_hp_gain":0,"max_hp_loss":0,"event_name":"Falling","floor":48,"gold_loss":0}],"is_beta":false,"boss_relics":[{"not_picked":["Cursed Key","Fusion Hammer"],"picked":"Snecko Eye"},{"not_picked":["Black Star","Eternal Feather"],"picked":"Mark of Pain"}],"items_purged_floors":[19,41,44],"is_endless":false,"potions_floor_spawned":[1,10,13,22,27,29,31,33,35,38,40],"ascension_level":0}