{"gold_per_floor":[111,111,111,64,64,64,92,92,144,176,186,206,206,217,217,315,315,339,351,379,401,429,441],"floor_reached":23,"playtime":1247,"items_purged":[],"score":264,"play_id":"662868ed-755b-4f3e-89d9-95aaa1cc0045","local_time":"20181221194618","is_ascension_mode":true,"campfire_choices":[{"floor":6,"key":"RECALL"},{"data":"Zap","floor":8,"key":"SMITH"},{"data":"Dualcast","floor":15,"key":"SMITH"}],"neow_cost":"NONE","seed_source_timestamp":586783275941936,"circlet_count":0,"master_deck":["Strike_B+1","Strike_B","Strike_B","Defend_B+1","Defend_B","Defend_B","Zap+1","Dualcast+1","Chill","Conserve Battery","Glacier","Go for the Eyes","Beam Cell","Conserve Battery","Coolheaded","Buffer","Static Discharge+1","Rip and Tear+1","Fusion+1","White Noise"],"relics":["Cracked Core","NeowsBlessing","Unceasing Top","PreservedInsect","Calling Bell","Emotion Chip","Frozen Egg 2","MawBank"],"potions_floor_usage":[16,16,22,23,23],"damage_taken":[{"damage":0,"enemies":"Small Slimes","floor":1,"turns":1},{"damage":0,"enemies":"Lagavulin","floor":7,"turns":1},{"damage":0,"enemies":"Gremlin Nob","floor":10,"turns":1},{"damage":9,"enemies":"Jaw Worm","floor":11,"turns":3},{"damage":0,"enemies":"Cultist","floor":12,"turns":3},{"damage":0,"enemies":"2 Fungi Beasts","floor":14,"turns":4},{"damage":2,"enemies":"The Guardian","floor":16,"turns":11},{"damage":30,"enemies":"Chosen","floor":18,"turns":9},{"damage":1,"enemies":"3 Byrds","floor":20,"turns":7},{"damage":20,"enemies":"Cultist and Chosen","floor":21,"turns":8},{"damage":0,"enemies":"Snecko","floor":22,"turns":6},{"damage":31,"enemies":"Slavers","floor":23,"turns":2}],"seed_played":"7646972352900183291","potions_obtained":[{"floor":1,"key":"Strength Potion"},{"floor":7,"key":"Dexterity Potion"},{"floor":10,"key":"SpeedPotion"},{"floor":16,"key":"Ancient Potion"},{"floor":21,"key":"EssenceOfSteel"}],"is_trial":false,"path_per_floor":["M","$","?","$","?","R","E","R","T","E","M","M","?","M","R","B",null,"M","?","M","M","M","E"],"character_chosen":"DEFECT","items_purchased":["Conserve Battery"],"campfire_rested":0,"item_purchase_floors":[4],"current_hp_per_floor":[75,75,60,60,60,60,60,60,60,60,51,51,44,44,44,42,75,45,45,44,24,24,0],"gold":441,"neow_bonus":"THREE_ENEMY_KILL","is_prod":false,"is_daily":false,"chose_seed":false,"campfire_upgraded":2,"win_rate":0,"timestamp":1545439578,"path_taken":["M","$","?","$","?","R","E","R","T","E","?","M","?","M","R","BOSS","M","?","M","?","M","E"],"build_version":"2018-12-20","purchased_purges":0,"victory":false,"max_hp_per_floor":[75,75,75,75,75,75,75,75,75,75,75,75,75,75,75,75,75,75,75,75,75,75,75],"card_choices":[{"not_picked":["Redo","Go for the Eyes"],"picked":"Chill","floor":1},{"not_picked":["Meteor Strike","Darkness"],"picked":"Glacier","floor":7},{"not_picked":["Streamline","Steam"],"picked":"Go for the Eyes","floor":10},{"not_picked":["Storm","Streamline"],"picked":"Beam Cell","floor":11},{"not_picked":["Turbo","Ball Lightning"],"picked":"Conserve Battery","floor":12},{"not_picked":["Amplify","Beam Cell"],"picked":"Coolheaded","floor":14},{"not_picked":["Thunder Strike","Meteor Strike"],"picked":"Buffer","floor":16},{"not_picked":["Barrage","Hologram"],"picked":"Static Discharge+1","floor":18},{"not_picked":["Beam Cell","Rebound"],"picked":"Rip and Tear+1","floor":20},{"not_picked":["Compile Driver+1","Barrage"],"picked":"Fusion+1","floor":21},{"not_picked":["Conserve Battery","Compile Driver"],"picked":"White Noise","floor":22}],"player_experience":153168,"relics_obtained":[{"floor":7,"key":"Unceasing Top"},{"floor":10,"key":"PreservedInsect"},{"floor":17,"key":"Emotion Chip"},{"floor":17,"key":"Frozen Egg 2"},{"floor":17,"key":"MawBank"}],"event_choices":[{"damage_healed":0,"gold_gain":0,"player_choice":"Entered Light","damage_taken":15,"max_hp_gain":0,"max_hp_loss":0,"event_name":"Shining Light","floor":3,"gold_loss":0,"cards_upgraded":["Defend_B","Strike_B"]},{"cards_removed":["Strike_B"],"damage_healed":0,"gold_gain":0,"player_choice":"Purged","damage_taken":0,"max_hp_gain":0,"max_hp_loss":0,"event_name":"Purifier","floor":5,"gold_loss":0},{"cards_removed":["Defend_B"],"damage_healed":0,"gold_gain":0,"player_choice":"Card Removal","damage_taken":7,"max_hp_gain":0,"max_hp_loss":0,"event_name":"Golden Wing","floor":13,"gold_loss":0},{"cards_removed":["Clumsy","Pain","Regret"],"damage_healed":0,"gold_gain":0,"player_choice":"Removed Curses","damage_taken":0,"max_hp_gain":0,"max_hp_loss":0,"event_name":"Fountain of Cleansing","floor":19,"gold_loss":0}],"is_beta":false,"boss_relics":[{"not_picked":["Philosopher\u0027s Stone","Lizard Tail"],"picked":"Calling Bell"}],"items_purged_floors":[],"is_endless":false,"potions_floor_spawned":[1,7,10,16,21],"killed_by":"Slavers","ascension_level":1}