{"gold_per_floor":[361,379,398,142,153,164,164,164,164,164,179,204,0,100,100,198,198,208,174,449,465,475,475,490,490,544,577,577,591,607,65,65,65],"floor_reached":33,"playtime":2232,"items_purged":["Regret"],"score":388,"play_id":"98e83a78-087c-4c38-bcb9-be504fa75862","local_time":"20190126193741","is_ascension_mode":true,"campfire_choices":[{"data":"Static Discharge","floor":7,"key":"SMITH"},{"floor":10,"key":"REST"},{"floor":15,"key":"REST"},{"floor":23,"key":"REST"},{"floor":25,"key":"REST"},{"floor":28,"key":"REST"},{"data":"Creative AI","floor":32,"key":"SMITH"}],"neow_cost":"TEN_PERCENT_HP_LOSS","seed_source_timestamp":259643215995431,"circlet_count":0,"master_deck":["Strike_B","Strike_B","Strike_B","Strike_B","Defend_B","Defend_B","Defend_B","Defend_B","Zap","Dualcast","Conserve Battery","Ball Lightning","Static Discharge+1","Cold Snap","Genetic Algorithm","Lockon","Compile Driver","Thunder Strike","Sucker Punch+1","Melter","Flash of Steel","Parasite","Creative AI+1","Darkness+1"],"relics":["Cracked Core","Singing Bowl","Blue Candle","Ornamental Fan","PreservedInsect","PrismaticShard","Cursed Key","Juzu Bracelet","Potion Belt","Symbiotic Virus","Lee\u0027s Waffle"],"potions_floor_usage":[6,24,24,30],"damage_taken":[{"damage":0,"enemies":"Small Slimes","floor":1,"turns":3},{"damage":4,"enemies":"Jaw Worm","floor":2,"turns":3},{"damage":1,"enemies":"Cultist","floor":3,"turns":3},{"damage":5,"enemies":"Looter","floor":5,"turns":3},{"damage":9,"enemies":"Lots of Slimes","floor":6,"turns":3},{"damage":6,"enemies":"Red Slaver","floor":11,"turns":4},{"damage":25,"enemies":"Lagavulin","floor":12,"turns":5},{"damage":42,"enemies":"The Guardian","floor":16,"turns":12},{"damage":7,"enemies":"Chosen","floor":18,"turns":4},{"damage":9,"enemies":"Spheric Guardian","floor":21,"turns":4},{"damage":23,"enemies":"Snecko","floor":22,"turns":5},{"damage":18,"enemies":"3 Cultists","floor":24,"turns":5},{"damage":10,"enemies":"Book of Stabbing","floor":27,"turns":4},{"damage":29,"enemies":"Snake Plant","floor":29,"turns":4},{"damage":19,"enemies":"Centurion and Healer","floor":30,"turns":11},{"damage":86,"enemies":"Collector","floor":33,"turns":6}],"seed_played":"2761005361770061058","potions_obtained":[{"floor":3,"key":"AttackPotion"},{"floor":5,"key":"Fire Potion"},{"floor":6,"key":"Dexterity Potion"},{"floor":11,"key":"Ancient Potion"},{"floor":22,"key":"AttackPotion"},{"floor":27,"key":"SpeedPotion"},{"floor":29,"key":"Regen Potion"}],"is_trial":false,"path_per_floor":["M","M","M","$","M","M","R","?","T","R","M","E","$","?","R","B",null,"M","$","?","M","M","R","M","R","T","E","R","M","M","$","R","B"],"character_chosen":"DEFECT","items_purchased":["Singing Bowl","PrismaticShard","Melter","Symbiotic Virus","Lee\u0027s Waffle"],"campfire_rested":5,"item_purchase_floors":[4,13,19,31,31],"current_hp_per_floor":[68,64,63,63,58,49,49,37,37,57,51,26,26,26,46,4,52,45,45,45,38,17,38,20,41,41,31,52,25,21,81,81,0],"gold":65,"neow_bonus":"TWO_FIFTY_GOLD","is_prod":false,"is_daily":false,"chose_seed":false,"campfire_upgraded":2,"win_rate":0,"timestamp":1548549461,"path_taken":["M","M","M","$","M","M","R","?","T","R","M","E","$","?","R","BOSS","M","?","?","?","M","R","M","R","T","E","R","M","M","?","R","BOSS"],"build_version":"2019-01-23","purchased_purges":1,"victory":false,"max_hp_per_floor":[68,68,68,68,68,68,68,68,68,68,68,68,68,68,68,68,68,68,68,68,70,72,72,72,72,72,72,72,74,74,81,81,81],"card_choices":[{"not_picked":["Chaos","Barrage"],"picked":"Conserve Battery","floor":1},{"not_picked":["Leap","Sweeping Beam"],"picked":"Ball Lightning","floor":2},{"not_picked":["Skim","Chill"],"picked":"Static Discharge","floor":3},{"not_picked":["Barrage","Steam"],"picked":"Cold Snap","floor":5},{"not_picked":["Stack","Turbo"],"picked":"Genetic Algorithm","floor":6},{"not_picked":["Storm","Steam"],"picked":"Lockon","floor":11},{"not_picked":["Streamline","Sweeping Beam"],"picked":"Compile Driver","floor":12},{"not_picked":["Chrysalis","Secret Weapon"],"picked":"Thunder Strike","floor":16},{"not_picked":["Havoc","Leap"],"picked":"Sucker Punch+1","floor":18},{"not_picked":["Flex+1","Dodge and Roll","Gash"],"picked":"Singing Bowl","floor":21},{"not_picked":["Skewer","Underhanded Strike+1","Bane+1"],"picked":"Singing Bowl","floor":22},{"not_picked":["Flying Knee","Rampage"],"picked":"Flash of Steel","floor":24},{"not_picked":["Dodge and Roll","Skewer"],"picked":"Creative AI","floor":27},{"not_picked":["Recycle+1","Backflip","Sunder"],"picked":"Singing Bowl","floor":29},{"not_picked":["Outmaneuver","Conserve Battery+1"],"picked":"Darkness+1","floor":30}],"player_experience":2018351,"relics_obtained":[{"floor":9,"key":"Ornamental Fan"},{"floor":12,"key":"PreservedInsect"},{"floor":26,"key":"Juzu Bracelet"},{"floor":27,"key":"Potion Belt"}],"event_choices":[{"damage_healed":0,"gold_gain":0,"player_choice":"Success","damage_taken":12,"relics_obtained":["Blue Candle"],"max_hp_gain":0,"max_hp_loss":0,"event_name":"Scrap Ooze","floor":8,"gold_loss":0},{"damage_healed":0,"gold_gain":100,"player_choice":"Pray","damage_taken":0,"max_hp_gain":0,"max_hp_loss":0,"event_name":"Golden Shrine","floor":14,"gold_loss":0},{"damage_healed":0,"gold_gain":275,"player_choice":"Desecrate","damage_taken":0,"max_hp_gain":0,"max_hp_loss":0,"event_name":"Golden Shrine","floor":20,"gold_loss":0,"cards_obtained":["Regret"]}],"is_beta":false,"boss_relics":[{"not_picked":["Coffee Dripper","Sozu"],"picked":"Cursed Key"}],"items_purged_floors":[31],"is_endless":false,"potions_floor_spawned":[3,5,6,11,22,27,29],"killed_by":"Collector","ascension_level":7}