{"gold_per_floor":[117,132,148,166,166,199,199,227,227,257,225,225,237,265,265,362,362,352,90,90,90,90,119,119,119,119,119,119,119,130,158,158,260,260,270,270,270,283,283,312,312,324,324,8,8,61,61,74,74,74],"floor_reached":51,"playtime":3271,"items_purged":["Strike_G"],"score":1061,"play_id":"d8f05b90-7b23-482f-9636-ec2008e55d5f","local_time":"20190104212504","is_ascension_mode":true,"campfire_choices":[{"data":"Neutralize","floor":7,"key":"SMITH"},{"floor":12,"key":"DIG"},{"floor":15,"key":"REST"},{"floor":24,"key":"DIG"},{"floor":27,"key":"DIG"},{"floor":29,"key":"DIG"},{"floor":32,"key":"DIG"},{"floor":41,"key":"DIG"},{"floor":45,"key":"DIG"},{"floor":49,"key":"DIG"}],"neow_cost":"NONE","seed_source_timestamp":14050419813275,"circlet_count":0,"master_deck":["Defend_G+1","Defend_G+1","Defend_G+1","Defend_G+1","Defend_G+1","Survivor+1","Neutralize+1","Slice+1","Flechettes+1","Bouncing Flask+1","Terror+1","Backflip+1","Backflip+1","Dash+1","Adrenaline+1","Predator+1","Terror+1","Phantasmal Killer+1","A Thousand Cuts+1","Envenom+1","Footwork","Parasite","Noxious Fumes","Sadistic Nature","Dash","Footwork+1"],"relics":["Ring of the Serpent","PreservedInsect","Boot","Shovel","Matryoshka","Pear","Juzu Bracelet","Pen Nib","Lantern","Singing Bowl","Question Card","Vajra","Letter Opener","Gremlin Horn","Paper Crane","Dream Catcher","Meat on the Bone","Sozu","Mark of the Bloom","Ginger","Blood Vial","Bag of Marbles","Anchor","Omamori","Centennial Puzzle","Orichalcum"],"potions_floor_usage":[6,10,14,16,42],"damage_taken":[{"damage":1,"enemies":"2 Louse","floor":1,"turns":3},{"damage":0,"enemies":"Jaw Worm","floor":2,"turns":4},{"damage":0,"enemies":"Small Slimes","floor":3,"turns":4},{"damage":0,"enemies":"Gremlin Gang","floor":4,"turns":9},{"damage":18,"enemies":"Gremlin Nob","floor":6,"turns":4},{"damage":17,"enemies":"Lagavulin","floor":8,"turns":5},{"damage":10,"enemies":"Gremlin Nob","floor":10,"turns":4},{"damage":14,"enemies":"Large Slime","floor":13,"turns":6},{"damage":2,"enemies":"3 Sentries","floor":14,"turns":5},{"damage":28,"enemies":"The Guardian","floor":16,"turns":9},{"damage":11,"enemies":"2 Thieves","floor":18,"turns":4},{"damage":9,"enemies":"Book of Stabbing","floor":23,"turns":4},{"damage":3,"enemies":"Spheric Guardian","floor":30,"turns":4},{"damage":8,"enemies":"Gremlin Leader","floor":31,"turns":3},{"damage":67,"enemies":"Champ","floor":33,"turns":10},{"damage":1,"enemies":"Orb Walker","floor":35,"turns":3},{"damage":0,"enemies":"3 Darklings","floor":38,"turns":3},{"damage":0,"enemies":"Giant Head","floor":40,"turns":6},{"damage":24,"enemies":"Writhing Mass","floor":42,"turns":5},{"damage":0,"enemies":"Transient","floor":48,"turns":5},{"damage":32,"enemies":"Time Eater","floor":50,"turns":9}],"seed_played":"-5854732260924637689","potions_obtained":[{"floor":3,"key":"Weak Potion"},{"floor":8,"key":"SpeedPotion"},{"floor":10,"key":"LiquidBronze"},{"floor":13,"key":"Explosive Potion"},{"floor":18,"key":"FairyPotion"},{"floor":33,"key":"Weak Potion"}],"is_trial":false,"path_per_floor":["M","M","M","M","?","E","R","E","T","E","?","R","M","E","R","B",null,"M","$","?","?","?","E","R","?","T","R","?","R","M","E","R","B",null,"M","?","?","M","?","E","R","M","T","$","R","T","?","M","R","B",null],"character_chosen":"THE_SILENT","items_purchased":["Predator","Lantern","Noxious Fumes","Sadistic Nature","Dash"],"campfire_rested":1,"item_purchase_floors":[19,19,44,44,44],"current_hp_per_floor":[62,62,62,62,67,49,49,32,32,32,32,32,18,16,41,13,67,56,56,40,40,70,63,63,63,63,63,63,63,62,54,54,21,76,77,77,77,77,77,77,77,53,53,53,53,53,53,53,53,21],"gold":74,"neow_bonus":"RANDOM_COMMON_RELIC","is_prod":false,"is_daily":false,"chose_seed":false,"campfire_upgraded":1,"win_rate":0,"timestamp":1546658704,"path_taken":["M","M","M","M","?","E","R","E","T","E","?","R","M","E","R","BOSS","M","$","?","?","?","E","R","?","T","R","?","R","M","E","R","BOSS","M","?","?","M","?","E","R","M","T","?","R","?","?","M","R","BOSS"],"build_version":"2019-01-03v4","purchased_purges":1,"victory":true,"max_hp_per_floor":[70,70,70,70,75,75,75,75,75,85,85,85,85,85,85,85,85,85,85,90,90,90,92,92,92,92,92,92,92,94,94,94,94,94,96,96,96,98,93,93,93,95,95,95,95,95,95,95,95,95],"card_choices":[{"not_picked":["Setup","Prepared"],"picked":"Slice","floor":1},{"not_picked":["Tactician","Acrobatics","Underhanded Strike"],"picked":"SKIP","floor":2},{"not_picked":["Dagger Throw","Bane"],"picked":"Flechettes","floor":3},{"not_picked":["Acrobatics","Deflect"],"picked":"Bouncing Flask","floor":4},{"not_picked":["Calculated Gamble","Outmaneuver"],"picked":"Terror","floor":6},{"not_picked":["Masterful Stab","Endless Agony"],"picked":"Backflip","floor":8},{"not_picked":["Deadly Poison","Reflex","Poisoned Stab"],"picked":"SKIP","floor":10},{"not_picked":["Acrobatics","Slice"],"picked":"Backflip","floor":13},{"not_picked":["Acrobatics","Blade Dance"],"picked":"Dash","floor":14},{"not_picked":["Doppelganger","After Image"],"picked":"Adrenaline","floor":16},{"not_picked":["PiercingWail","Concentrate","Deflect+1"],"picked":"SKIP","floor":18},{"not_picked":["Quick Slash","Cloak And Dagger","Riddle With Holes"],"picked":"Singing Bowl","floor":23},{"not_picked":["All Out Attack","Heel Hook","Poisoned Stab","Backflip"],"picked":"Singing Bowl","floor":30},{"not_picked":["Tactician+1","Dagger Throw+1","Escape Plan"],"picked":"A Thousand Cuts","floor":31},{"not_picked":["Glass Knife","Venomology","Storm of Steel"],"picked":"Envenom","floor":33},{"not_picked":["Concentrate+1","Sucker Punch+1","Tactician","Bane+1"],"picked":"Singing Bowl","floor":35},{"not_picked":["Masterful Stab+1","Prepared","Deadly Poison","Predator+1"],"picked":"Singing Bowl","floor":38},{"not_picked":["Sucker Punch+1","Calculated Gamble","Choke+1"],"picked":"Footwork","floor":40},{"not_picked":["Finisher","Wraith Form v2","Acrobatics+1","Blur+1"],"picked":"Singing Bowl","floor":42},{"not_picked":["Backflip","Deflect+1","Slice+1"],"picked":"Footwork+1","floor":48}],"player_experience":461507,"relics_obtained":[{"floor":6,"key":"Boot"},{"floor":8,"key":"Shovel"},{"floor":9,"key":"Matryoshka"},{"floor":10,"key":"Pear"},{"floor":12,"key":"Juzu Bracelet"},{"floor":14,"key":"Pen Nib"},{"floor":23,"key":"Singing Bowl"},{"floor":24,"key":"Question Card"},{"floor":26,"key":"Vajra"},{"floor":26,"key":"Letter Opener"},{"floor":27,"key":"Gremlin Horn"},{"floor":29,"key":"Paper Crane"},{"floor":31,"key":"Dream Catcher"},{"floor":32,"key":"Meat on the Bone"},{"floor":40,"key":"Ginger"},{"floor":41,"key":"Blood Vial"},{"floor":43,"key":"Bag of Marbles"},{"floor":43,"key":"Anchor"},{"floor":45,"key":"Omamori"},{"floor":46,"key":"Centennial Puzzle"},{"floor":49,"key":"Orichalcum"}],"event_choices":[{"damage_healed":0,"gold_gain":0,"player_choice":"Donut","damage_taken":0,"max_hp_gain":5,"max_hp_loss":0,"event_name":"Big Fish","floor":5,"gold_loss":0},{"damage_healed":0,"gold_gain":0,"player_choice":"Left Gold","damage_taken":0,"max_hp_gain":0,"max_hp_loss":0,"event_name":"World of Goop","floor":11,"gold_loss":32},{"damage_healed":0,"gold_gain":0,"player_choice":"Shed Blood","damage_taken":21,"max_hp_gain":5,"max_hp_loss":0,"event_name":"Forgotten Altar","floor":20,"gold_loss":0},{"damage_healed":0,"gold_gain":0,"player_choice":"Upgraded","damage_taken":0,"max_hp_gain":0,"max_hp_loss":0,"event_name":"Upgrade Shrine","floor":21,"gold_loss":0,"cards_upgraded":["Adrenaline"]},{"damage_healed":30,"gold_gain":0,"player_choice":"Heal","damage_taken":0,"max_hp_gain":0,"max_hp_loss":0,"event_name":"The Library","floor":22,"gold_loss":0},{"cards_removed":["Strike_G"],"damage_healed":0,"gold_gain":0,"player_choice":"Purged","damage_taken":0,"max_hp_gain":0,"max_hp_loss":0,"event_name":"Purifier","floor":25,"gold_loss":0},{"damage_healed":0,"gold_gain":0,"cards_transformed":["Strike_G","Strike_G"],"player_choice":"Became Test Subject","damage_taken":0,"max_hp_gain":0,"max_hp_loss":0,"event_name":"Drug Dealer","floor":28,"gold_loss":0,"cards_obtained":["Terror","Phantasmal Killer"]},{"damage_healed":0,"gold_gain":0,"player_choice":"Upgrade","damage_taken":0,"relics_obtained":["Mark of the Bloom"],"max_hp_gain":0,"max_hp_loss":0,"event_name":"MindBloom","floor":36,"gold_loss":0,"cards_upgraded":["Defend_G","Defend_G","Defend_G","Defend_G","Defend_G","Strike_G","Survivor","Slice","Flechettes","Bouncing Flask","Terror","Backflip","Backflip","Dash","Predator","Terror","Phantasmal Killer","A Thousand Cuts","Envenom"]},{"damage_healed":0,"gold_gain":0,"player_choice":"Ignored","damage_taken":0,"max_hp_gain":0,"max_hp_loss":0,"event_name":"Tomb of Lord Red Mask","floor":37,"gold_loss":0},{"damage_healed":0,"gold_gain":0,"player_choice":"Max HP","damage_taken":0,"max_hp_gain":0,"max_hp_loss":5,"event_name":"Winding Halls","floor":39,"gold_loss":0},{"cards_removed":["Strike_G"],"damage_healed":0,"gold_gain":0,"player_choice":"Removed Attack","damage_taken":0,"max_hp_gain":0,"max_hp_loss":0,"event_name":"Falling","floor":47,"gold_loss":0}],"is_beta":false,"boss_relics":[{"not_picked":["Velvet Choker","White Beast Statue"],"picked":"Ring of the Serpent"},{"not_picked":["HoveringKite","Astrolabe"],"picked":"Sozu"}],"items_purged_floors":[19],"is_endless":false,"potions_floor_spawned":[3,8,10,13,18,33,42],"ascension_level":7}