{"path_per_floor":["M","$","?","M","$","R","M","M","T","T","?","R","?","M","R","B",null,"M","M","?","?"],"character_chosen":"IRONCLAD","items_purchased":[],"gold_per_floor":[115,40,115,128,28,28,47,57,83,108,108,108,108,119,119,224,224,242,252,252,177,177],"floor_reached":22,"campfire_rested":0,"playtime":789,"item_purchase_floors":[],"current_hp_per_floor":[77,77,66,65,65,65,63,60,60,60,80,80,62,60,60,28,67,50,28,28,28,0],"items_purged":["Strike_R","Defend_R"],"gold":177,"score":244,"play_id":"7305a4ff-be49-49ea-9506-26dfac3514bd","local_time":"20180609210045","is_prod":false,"is_daily":false,"chose_seed":false,"is_ascension_mode":true,"campfire_upgraded":3,"win_rate":0,"timestamp":1528570845,"campfire_choices":[{"data":"Demon Form","floor":6,"key":"SMITH"},{"data":"Shrug It Off","floor":12,"key":"SMITH"},{"data":"Rampage","floor":15,"key":"SMITH"}],"path_taken":["M","$","?","M","$","R","M","M","T","?","?","R","?","M","R","BOSS","M","M","?","?","M"],"build_version":"2018-06-07v3","seed_source_timestamp":2070351841725848,"purchased_purges":2,"victory":false,"master_deck":["Strike_R","Strike_R","Strike_R","Strike_R","Defend_R","Defend_R","Bash","Demon Form+1","Shrug It Off+1","Rampage+1","Double Tap","Metallicize","Rage+1"],"max_hp_per_floor":[80,80,80,80,80,80,80,80,80,80,80,80,80,80,80,80,80,80,80,80,80,80],"relics":["Burning Blood","Bronze Scales","Vajra","Bag of Preparation","Philosopher\u0027s Stone"],"card_choices":[{"not_picked":["Havoc","Clothesline","Hemokinesis"],"picked":"SKIP","floor":1},{"not_picked":["Dual Wield","Havoc","Clothesline"],"picked":"SKIP","floor":4},{"not_picked":["Power Through","Body Slam","Sever Soul"],"picked":"SKIP","floor":7},{"not_picked":["Clash","Feel No Pain"],"picked":"Shrug It Off","floor":8},{"not_picked":["Havoc","Perfected Strike"],"picked":"Rampage","floor":14},{"not_picked":["Juggernaut","Fiend Fire"],"picked":"Double Tap","floor":16},{"not_picked":["Anger","Heavy Blade"],"picked":"Metallicize","floor":18},{"not_picked":["Infernal Blade","Rampage"],"picked":"Rage","floor":19}],"player_experience":289174,"potions_floor_usage":[8,8,19],"damage_taken":[{"damage":1,"enemies":"Cultist","floor":1,"turns":4},{"damage":7,"enemies":"Jaw Worm","floor":4,"turns":7},{"damage":8,"enemies":"2 Louse","floor":7,"turns":5},{"damage":9,"enemies":"Exordium Wildlife","floor":8,"turns":5},{"damage":8,"enemies":"Blue Slaver","floor":14,"turns":4},{"damage":38,"enemies":"Slime Boss","floor":16,"turns":5},{"damage":23,"enemies":"Spheric Guardian","floor":18,"turns":4},{"damage":28,"enemies":"2 Thieves","floor":19,"turns":4},{"damage":36,"enemies":"Chosen and Byrds","floor":22,"turns":5}],"relics_obtained":[{"floor":9,"key":"Bronze Scales"},{"floor":10,"key":"Vajra"}],"event_choices":[{"event_name":"World of Goop","player_choice":"Gather Gold","floor":3,"damage_taken":0},{"event_name":"Big Fish","player_choice":"Banana","floor":11,"damage_taken":0},{"event_name":"Scrap Ooze","player_choice":"success","floor":13,"damage_taken":18},{"event_name":"Accursed Blacksmith","player_choice":"Forge","floor":20,"damage_taken":0},{"event_name":"Beggar","player_choice":"Gave Gold","floor":21,"damage_taken":0}],"boss_relics":[{"not_picked":["Orrery","Black Blood"],"picked":"Philosopher\u0027s Stone"}],"items_purged_floors":[2,5],"potions_floor_spawned":[4,7,18],"seed_played":"7545511451455499312","killed_by":"Chosen and Byrds","ascension_level":8,"potions_obtained":[{"floor":4,"key":"SteroidPotion"},{"floor":7,"key":"Energy Potion"},{"floor":18,"key":"PowerPotion"}],"is_trial":false}