{"gold_per_floor":[14,27,46,56,71,103,103,118,118,118,118,193,203,219,219,320,320,338,211,211,226,325,325,350,350,421,336,361,361,381,396,396,497,497,515,257,277,277,277,312,312,324,350,361,361,42,62,62,62,62],"floor_reached":51,"playtime":3711,"items_purged":["Strike_B","Hello World"],"score":719,"play_id":"a37bc06e-2185-4fe1-85de-35074b8df0c0","local_time":"20180722203441","is_ascension_mode":false,"campfire_choices":[{"floor":7,"key":"REST"},{"floor":11,"key":"REST"},{"floor":15,"key":"REST"},{"data":"Conserve Battery","floor":23,"key":"SMITH"},{"floor":25,"key":"REST"},{"floor":29,"key":"REST"},{"floor":32,"key":"REST"},{"floor":41,"key":"REST"},{"floor":45,"key":"REST"},{"data":"Darkness","floor":49,"key":"SMITH"}],"neow_cost":"NO_GOLD","seed_source_timestamp":217041295155282,"circlet_count":0,"master_deck":["Zap","Dualcast","Gash","Streamline","Doom and Gloom","Melter","Steam","Gash","Gash","Conserve Battery+1","Streamline+1","Defragment","Chill","Conserve Battery","Darkness+1","Lockon","Conserve Battery+1","Seek","Gash","Jack Of All Trades","Blind","Apotheosis","Doubt"],"relics":["Cracked Core","Letter Opener","Thread and Needle","Potion Belt","Busted Crown","Mango","Bottled Flame","Torii","Incense Burner","Pandora\u0027s Box","Singing Bowl","Happy Flower","Blood Vial"],"potions_floor_usage":[16,18,21,24,33,33,33,33,40,40,40,40,44,50],"damage_taken":[{"damage":2,"enemies":"Small Slimes","floor":1,"turns":4},{"damage":5,"enemies":"2 Louse","floor":2,"turns":3},{"damage":1,"enemies":"Jaw Worm","floor":3,"turns":2},{"damage":16,"enemies":"3 Louse","floor":4,"turns":4},{"damage":6,"enemies":"Exordium Thugs","floor":5,"turns":4},{"damage":25,"enemies":"3 Sentries","floor":6,"turns":5},{"damage":0,"enemies":"Looter","floor":8,"turns":2},{"damage":2,"enemies":"2 Fungi Beasts","floor":13,"turns":3},{"damage":0,"enemies":"3 Louse","floor":14,"turns":2},{"damage":20,"enemies":"The Guardian","floor":16,"turns":10},{"damage":15,"enemies":"2 Thieves","floor":18,"turns":4},{"damage":0,"enemies":"3 Byrds","floor":21,"turns":3},{"damage":26,"enemies":"Slavers","floor":24,"turns":4},{"damage":39,"enemies":"Book of Stabbing","floor":28,"turns":7},{"damage":8,"enemies":"Snake Plant","floor":30,"turns":3},{"damage":0,"enemies":"3 Cultists","floor":31,"turns":5},{"damage":51,"enemies":"Automaton","floor":33,"turns":8},{"damage":15,"enemies":"3 Darklings","floor":35,"turns":6},{"damage":1,"enemies":"Orb Walker","floor":37,"turns":3},{"damage":63,"enemies":"2 Orb Walkers","floor":40,"turns":6},{"damage":0,"enemies":"Sphere and 2 Shapes","floor":42,"turns":3},{"damage":25,"enemies":"Spire Growth","floor":44,"turns":6},{"damage":2,"enemies":"3 Darklings","floor":47,"turns":4},{"damage":94,"enemies":"Donu and Deca","floor":50,"turns":10}],"seed_played":"-2666041427690131876","potions_obtained":[{"floor":3,"key":"SneckoOil"},{"floor":8,"key":"Fire Potion"},{"floor":13,"key":"GamblersBrew"},{"floor":16,"key":"AttackPotion"},{"floor":18,"key":"PowerPotion"},{"floor":28,"key":"SteroidPotion"},{"floor":30,"key":"EntropicBrew"},{"floor":33,"key":"SteroidPotion"},{"floor":37,"key":"FocusPotion"},{"floor":42,"key":"Weak Potion"},{"floor":47,"key":"SpeedPotion"}],"is_trial":false,"path_per_floor":["M","M","M","M","M","E","R","M","T","?","R","?","M","M","R","B",null,"M","$","?","M","?","R","E","R","T","?","E","R","M","M","R","B",null,"M","$","M","?","?","E","R","M","T","M","R","$","M","?","R","B"],"character_chosen":"DEFECT","items_purchased":["Gash","Seek","Apotheosis","Blood Vial"],"campfire_rested":8,"item_purchase_floors":[19,36,46,46],"current_hp_per_floor":[73,68,67,51,45,20,42,42,42,35,57,46,44,44,66,46,75,60,60,60,60,60,60,48,74,74,74,35,61,53,53,79,37,89,74,74,73,73,68,7,34,36,36,13,41,41,43,97,97,3],"gold":62,"neow_bonus":"REMOVE_TWO","is_prod":false,"is_daily":false,"chose_seed":false,"campfire_upgraded":2,"win_rate":0,"timestamp":1532306081,"path_taken":["M","M","M","M","M","E","R","M","T","?","R","?","M","M","R","BOSS","M","$","?","M","?","R","E","R","T","?","E","R","M","M","R","BOSS","M","$","M","?","?","E","R","M","T","?","R","$","M","?","R","BOSS"],"build_version":"2018-07-19v2","purchased_purges":2,"victory":true,"max_hp_per_floor":[75,75,75,75,75,75,75,75,75,75,75,75,75,75,75,75,75,75,75,75,75,75,75,89,89,89,89,89,89,89,89,89,89,89,89,89,89,89,89,91,91,93,93,95,95,95,97,97,97,97],"card_choices":[{"not_picked":["Sweeping Beam","Hologram"],"picked":"Gash","floor":1},{"not_picked":["Cold Snap","Coolheaded","Defragment"],"picked":"SKIP","floor":2},{"not_picked":["Redo","Sweeping Beam","Steam Power"],"picked":"SKIP","floor":3},{"not_picked":["Hologram","Conserve Battery"],"picked":"Streamline","floor":4},{"not_picked":["Storm","Cold Snap"],"picked":"Doom and Gloom","floor":5},{"not_picked":["Steam Power","Stack"],"picked":"Melter","floor":6},{"not_picked":["Turbo","Leap"],"picked":"Steam","floor":8},{"not_picked":["Heatsinks","Compile Driver","Fusion"],"picked":"SKIP","floor":13},{"not_picked":["Compile Driver","Barrage","Darkness"],"picked":"SKIP","floor":14},{"not_picked":[],"picked":"Gash","floor":18},{"not_picked":["Beam Cell"],"picked":"SKIP","floor":21},{"not_picked":["Sweeping Beam"],"picked":"SKIP","floor":24},{"not_picked":[],"picked":"Streamline+1","floor":28},{"not_picked":[],"picked":"Defragment","floor":30},{"not_picked":["Coolheaded"],"picked":"SKIP","floor":31},{"not_picked":[],"picked":"Conserve Battery+1","floor":35},{"not_picked":["Rebound+1"],"picked":"SKIP","floor":37},{"not_picked":[],"picked":"Jack Of All Trades","floor":39},{"not_picked":[],"picked":"Blind","floor":39},{"not_picked":["Ball Lightning+1"],"picked":"Singing Bowl","floor":40},{"not_picked":["Hologram+1"],"picked":"Singing Bowl","floor":42},{"not_picked":["Compile Driver"],"picked":"Singing Bowl","floor":44},{"not_picked":["Ball Lightning"],"picked":"Singing Bowl","floor":47}],"player_experience":425666,"relics_obtained":[{"floor":6,"key":"Letter Opener"},{"floor":9,"key":"Thread and Needle"},{"floor":24,"key":"Mango"},{"floor":26,"key":"Bottled Flame"},{"floor":28,"key":"Incense Burner"},{"floor":40,"key":"Singing Bowl"},{"floor":43,"key":"Happy Flower"}],"event_choices":[{"event_name":"Scrap Ooze","player_choice":"success","floor":10,"damage_taken":7},{"event_name":"World of Goop","player_choice":"Gather Gold","floor":12,"damage_taken":0},{"event_name":"The Library","player_choice":"Read","floor":20,"damage_taken":0},{"event_name":"Nest","player_choice":"Stole From Cult","floor":22,"damage_taken":0},{"event_name":"Addict","player_choice":"Obtained Relic","floor":27,"damage_taken":0},{"event_name":"Duplicator","player_choice":"One dupe","floor":38,"damage_taken":0},{"event_name":"SensoryStone","player_choice":"Memory 2","floor":39,"damage_taken":0},{"event_name":"MindBloom","player_choice":"Heal","floor":48,"damage_taken":0}],"is_beta":false,"boss_relics":[{"not_picked":["Runic Dome","Eternal Feather"],"picked":"Busted Crown"},{"not_picked":["Nuclear Battery","Calling Bell"],"picked":"Pandora\u0027s Box"}],"items_purged_floors":[19,36],"is_endless":false,"potions_floor_spawned":[3,8,13,16,18,28,30,33,37,42,47],"ascension_level":0}