{"gold_per_floor":[112,127,127,127,146,159,209,209,209,226,0,26,46,65,65,137,137,156,206,206,206,222,222,10,10,10,25,42,42,55,55],"floor_reached":31,"playtime":1496,"items_purged":["Strike_B"],"score":430,"play_id":"a2288f68-9b8a-4c95-a935-39aec378994b","local_time":"20190505032355","is_ascension_mode":true,"campfire_choices":[{"data":"Gash","floor":8,"key":"SMITH"},{"floor":15,"key":"REST"},{"floor":23,"key":"REST"}],"neow_cost":"NONE","seed_source_timestamp":6328574953100,"circlet_count":0,"master_deck":["AscendersBane","Defend_B","Defend_B","Defend_B","Defend_B","Zap","Dualcast","Gash+1","Rebound","Beam Cell","Chill","BootSequence","All For One","Electrodynamics","Hologram","Self Repair","Thunder Strike","Rebound","Writhe","Rebound","Panache","Echo Form","Conserve Battery+1","Self Repair"],"relics":["Nuclear Battery","Lantern","Matryoshka","Empty Cage","Symbiotic Virus","Pen Nib","Molten Egg 2"],"potions_floor_usage":[10,16,16,18,22,28,30],"damage_taken":[{"damage":5,"enemies":"Cultist","floor":1,"turns":4},{"damage":4,"enemies":"2 Louse","floor":2,"turns":3},{"damage":7,"enemies":"Jaw Worm","floor":5,"turns":4},{"damage":9,"enemies":"Red Slaver","floor":6,"turns":3},{"damage":6,"enemies":"3 Louse","floor":10,"turns":3},{"damage":15,"enemies":"3 Sentries","floor":12,"turns":8},{"damage":0,"enemies":"Large Slime","floor":13,"turns":3},{"damage":8,"enemies":"Blue Slaver","floor":14,"turns":3},{"damage":23,"enemies":"The Guardian","floor":16,"turns":10},{"damage":21,"enemies":"Shell Parasite","floor":18,"turns":6},{"damage":17,"enemies":"3 Byrds","floor":22,"turns":4},{"damage":34,"enemies":"Centurion and Healer","floor":27,"turns":6},{"damage":0,"enemies":"Snecko","floor":28,"turns":4},{"damage":25,"enemies":"Snake Plant","floor":30,"turns":4},{"damage":30,"enemies":"Shelled Parasite and Fungi","floor":31,"turns":5}],"seed_played":"4918945120838754209","potions_obtained":[{"floor":2,"key":"Strength Potion"},{"floor":5,"key":"Swift Potion"},{"floor":14,"key":"Block Potion"},{"floor":16,"key":"AttackPotion"},{"floor":18,"key":"Poison Potion"},{"floor":27,"key":"PowerPotion"},{"floor":28,"key":"Ancient Potion"}],"is_trial":false,"path_per_floor":["M","M","?","?","M","M","?","R","T","M","$","E","M","M","R","B",null,"M","?","?","?","M","R","$","$","T","M","M","$","M","M"],"character_chosen":"DEFECT","items_purchased":["All For One","Panache"],"campfire_rested":2,"item_purchase_floors":[11,24],"current_hp_per_floor":[59,55,55,55,48,39,32,32,32,26,26,11,11,3,24,8,55,41,41,55,55,45,66,66,66,66,39,39,39,21,0],"gold":55,"neow_bonus":"BOSS_RELIC","is_prod":false,"is_daily":false,"chose_seed":false,"campfire_upgraded":1,"win_rate":0,"timestamp":1557041035,"path_taken":["M","?","?","?","?","M","?","R","T","?","$","E","M","M","R","BOSS","M","?","?","?","M","R","?","$","T","M","M","$","?","M"],"build_version":"2019-01-23","purchased_purges":1,"victory":false,"max_hp_per_floor":[71,71,71,71,71,71,71,71,71,71,71,71,71,71,71,71,71,71,71,71,71,71,71,71,71,71,71,71,71,71,71],"card_choices":[{"not_picked":["Turbo","Blizzard"],"picked":"Gash","floor":1},{"not_picked":["Conserve Battery","Redo"],"picked":"Rebound","floor":2},{"not_picked":["Storm","Cold Snap"],"picked":"Beam Cell","floor":5},{"not_picked":["Storm","Streamline"],"picked":"Chill","floor":6},{"not_picked":["Streamline","Barrage"],"picked":"BootSequence","floor":10},{"not_picked":["Beam Cell","Hologram"],"picked":"Electrodynamics","floor":12},{"not_picked":["Undo","Capacitor"],"picked":"Hologram","floor":13},{"not_picked":["Stack","Streamline"],"picked":"Self Repair","floor":14},{"not_picked":["Multi-Cast","Seek"],"picked":"Thunder Strike","floor":16},{"not_picked":["Barrage+1","Stack"],"picked":"Rebound","floor":18},{"not_picked":["Aggregate","Conserve Battery"],"picked":"Rebound","floor":22},{"not_picked":["Hologram","Chill+1"],"picked":"Echo Form","floor":27},{"not_picked":["Barrage+1","Ball Lightning+1"],"picked":"Conserve Battery+1","floor":28},{"not_picked":["Undo+1","Ball Lightning+1"],"picked":"Self Repair","floor":30}],"player_experience":2892732,"relics_obtained":[{"floor":9,"key":"Lantern"},{"floor":12,"key":"Matryoshka"},{"floor":26,"key":"Pen Nib"},{"floor":26,"key":"Molten Egg 2"}],"event_choices":[{"damage_healed":0,"gold_gain":0,"player_choice":"Ignored","damage_taken":0,"max_hp_gain":0,"max_hp_loss":0,"event_name":"Shining Light","floor":3,"gold_loss":0},{"cards_removed":["Strike_B"],"damage_healed":0,"gold_gain":0,"player_choice":"Offered Basic","damage_taken":0,"max_hp_gain":0,"max_hp_loss":0,"event_name":"Bonfire Elementals","floor":4,"gold_loss":0},{"damage_healed":0,"gold_gain":50,"player_choice":"Touch","damage_taken":7,"max_hp_gain":0,"max_hp_loss":0,"event_name":"FaceTrader","floor":7,"gold_loss":0},{"damage_healed":0,"gold_gain":50,"player_choice":"Stole From Cult","damage_taken":0,"max_hp_gain":0,"max_hp_loss":0,"event_name":"Nest","floor":19,"gold_loss":0},{"damage_healed":14,"gold_gain":0,"player_choice":"Heal","damage_taken":0,"max_hp_gain":0,"max_hp_loss":0,"event_name":"The Library","floor":20,"gold_loss":0},{"damage_healed":0,"gold_gain":0,"player_choice":"Opened","damage_taken":0,"relics_obtained":["Symbiotic Virus"],"max_hp_gain":0,"max_hp_loss":0,"event_name":"The Mausoleum","floor":21,"gold_loss":0,"cards_obtained":["Writhe"]}],"is_beta":false,"boss_relics":[{"not_picked":["Runic Dome","Astrolabe"],"picked":"Empty Cage"}],"items_purged_floors":[11],"is_endless":false,"potions_floor_spawned":[2,5,14,16,18,27,28],"killed_by":"Shelled Parasite and Fungi","ascension_level":16}