{"gold_per_floor":[215,215,233,233,233,245,245,175,175,187,112,112,187,219,219,290,290,300,300],"floor_reached":19,"playtime":2994,"items_purged":[],"score":281,"play_id":"6d743979-5a32-4bbb-a1c0-a5588a8382ee","local_time":"20190409210845","is_ascension_mode":true,"campfire_choices":[{"data":"Dualcast","floor":7,"key":"SMITH"},{"floor":15,"key":"REST"}],"neow_cost":"NONE","seed_source_timestamp":591927223921400,"circlet_count":0,"master_deck":["AscendersBane","Strike_B","Strike_B","Strike_B","Defend_B","Defend_B","Defend_B","Defend_B","Zap","Dualcast+1","Capacitor","Cold Snap","Reboot","Blizzard","Loop","Genetic Algorithm","Rainbow","Creative AI","Multi-Cast+1","Conserve Battery+1"],"relics":["Cracked Core","Cables","Shuriken","Toxic Egg 2","Inserter"],"potions_floor_usage":[2,10,14,14,14,16,18],"damage_taken":[{"damage":3,"enemies":"2 Louse","floor":1,"turns":3},{"damage":1,"enemies":"Cultist","floor":3,"turns":3},{"damage":3,"enemies":"Small Slimes","floor":6,"turns":5},{"damage":11,"enemies":"3 Louse","floor":10,"turns":3},{"damage":24,"enemies":"Lagavulin","floor":14,"turns":8},{"damage":12,"enemies":"Slime Boss","floor":16,"turns":12},{"damage":55,"enemies":"Shell Parasite","floor":18,"turns":11},{"damage":17,"enemies":"Chosen","floor":19,"turns":5}],"seed_played":"1775082276889877608","potions_obtained":[{"floor":2,"key":"Fruit Juice"},{"floor":2,"key":"EntropicBrew"},{"floor":2,"key":"PowerPotion"},{"floor":14,"key":"Block Potion"},{"floor":16,"key":"Energy Potion"}],"is_trial":false,"path_per_floor":["M","?","M","?","?","M","R","$","T","M","$","?","?","E","R","B",null,"M","M"],"character_chosen":"DEFECT","items_purchased":["Loop","Rainbow"],"campfire_rested":1,"item_purchase_floors":[8,11],"current_hp_per_floor":[61,66,65,53,53,50,50,50,50,39,39,39,28,4,26,14,61,6,0],"gold":300,"neow_bonus":"HUNDRED_GOLD","is_prod":false,"is_daily":false,"chose_seed":false,"campfire_upgraded":1,"win_rate":0,"timestamp":1554858525,"path_taken":["M","?","?","?","?","?","R","$","T","M","?","?","?","E","R","BOSS","M","M"],"build_version":"2019-01-23","purchased_purges":0,"victory":false,"max_hp_per_floor":[71,76,76,76,76,76,76,76,76,76,76,76,76,76,76,76,76,76,76],"card_choices":[{"not_picked":["Leap","Cold Snap"],"picked":"Capacitor","floor":1},{"not_picked":["Recycle","Leap"],"picked":"Cold Snap","floor":3},{"not_picked":["Chill","Leap"],"picked":"Blizzard","floor":6},{"not_picked":["Steam Power","Chill"],"picked":"Genetic Algorithm","floor":10},{"not_picked":["White Noise","Cold Snap"],"picked":"Creative AI","floor":14},{"not_picked":["Hyperbeam","Buffer"],"picked":"Multi-Cast+1","floor":16},{"not_picked":["Genetic Algorithm+1","Coolheaded+1"],"picked":"Conserve Battery+1","floor":18}],"player_experience":2627084,"relics_obtained":[{"floor":9,"key":"Shuriken"},{"floor":14,"key":"Toxic Egg 2"}],"event_choices":[{"damage_healed":0,"gold_gain":0,"player_choice":"Got Potions","damage_taken":0,"max_hp_gain":0,"max_hp_loss":0,"event_name":"Lab","floor":2,"gold_loss":0},{"damage_healed":0,"gold_gain":0,"player_choice":"Success","damage_taken":12,"relics_obtained":["Cables"],"max_hp_gain":0,"max_hp_loss":0,"event_name":"Scrap Ooze","floor":4,"gold_loss":0},{"damage_healed":0,"gold_gain":0,"cards_transformed":["Strike_B"],"player_choice":"Transformed","damage_taken":0,"max_hp_gain":0,"max_hp_loss":0,"event_name":"Transmorgrifier","floor":5,"gold_loss":0,"cards_obtained":["Reboot"]},{"damage_healed":0,"gold_gain":0,"player_choice":"Ignored","damage_taken":0,"max_hp_gain":0,"max_hp_loss":0,"event_name":"Golden Wing","floor":12,"gold_loss":0},{"damage_healed":0,"gold_gain":75,"player_choice":"Gather Gold","damage_taken":11,"max_hp_gain":0,"max_hp_loss":0,"event_name":"World of Goop","floor":13,"gold_loss":0}],"is_beta":false,"boss_relics":[{"not_picked":["Nuclear Battery","FrozenCore"],"picked":"Inserter"}],"items_purged_floors":[],"is_endless":false,"potions_floor_spawned":[6,14,16],"killed_by":"Chosen","ascension_level":14}