{"gold_per_floor":[109,123,123,138,413,445,455,455,506,518,532,532],"floor_reached":12,"playtime":600,"items_purged":[],"score":107,"play_id":"374c288b-f108-4747-8424-205f8bdea18f","local_time":"20190521194219","is_ascension_mode":true,"campfire_choices":[{"floor":8,"key":"REST"}],"neow_cost":"NONE","seed_source_timestamp":90708464204486,"circlet_count":0,"master_deck":["Strike_B","Strike_B","Strike_B","Strike_B","Defend_B","Defend_B+1","Defend_B+1","Defend_B","Zap","Dualcast","Cold Snap","Defragment","Ball Lightning","Coolheaded","Darkness","Capacitor"],"relics":["Cracked Core","Omamori","Question Card","Oddly Smooth Stone"],"potions_floor_usage":[7,12],"damage_taken":[{"damage":1,"enemies":"Cultist","floor":1,"turns":3},{"damage":10,"enemies":"Jaw Worm","floor":2,"turns":3},{"damage":13,"enemies":"Small Slimes","floor":4,"turns":3},{"damage":24,"enemies":"Gremlin Nob","floor":6,"turns":4},{"damage":0,"enemies":"Blue Slaver","floor":7,"turns":2},{"damage":6,"enemies":"Red Slaver","floor":10,"turns":4},{"damage":11,"enemies":"Looter","floor":11,"turns":4},{"damage":11,"enemies":"Gremlin Gang","floor":12,"turns":1}],"seed_played":"-3546156557545808774","potions_obtained":[{"floor":2,"key":"SneckoOil"},{"floor":6,"key":"FearPotion"},{"floor":7,"key":"FearPotion"},{"floor":11,"key":"SkillPotion"}],"is_trial":false,"path_per_floor":["M","M","?","M","?","E","M","R","T","M","M","M"],"character_chosen":"DEFECT","items_purchased":[],"campfire_rested":1,"item_purchase_floors":[],"current_hp_per_floor":[67,57,42,29,29,5,5,27,27,21,10,0],"gold":532,"neow_bonus":"RANDOM_COMMON_RELIC","is_prod":false,"is_daily":false,"chose_seed":false,"campfire_upgraded":0,"win_rate":0,"timestamp":1558485739,"path_taken":["M","M","?","M","?","E","?","R","T","M","M","?"],"build_version":"2019-01-23","purchased_purges":0,"victory":false,"max_hp_per_floor":[75,75,75,75,75,75,75,75,75,75,75,75],"card_choices":[{"not_picked":["Redo","Hologram"],"picked":"Cold Snap","floor":1},{"not_picked":["Steam Power","Turbo"],"picked":"Defragment","floor":2},{"not_picked":["Storm","Chaos"],"picked":"Ball Lightning","floor":4},{"not_picked":["Beam Cell","Fusion"],"picked":"Coolheaded","floor":6},{"not_picked":["Fusion","Consume","Redo"],"picked":"Darkness","floor":7},{"not_picked":["Stack","Conserve Battery","Skim"],"picked":"Capacitor","floor":10},{"not_picked":["Rebound","Steam","Streamline","Beam Cell"],"picked":"SKIP","floor":11}],"player_experience":717467,"relics_obtained":[{"floor":6,"key":"Question Card"},{"floor":9,"key":"Oddly Smooth Stone"}],"event_choices":[{"damage_healed":0,"gold_gain":0,"player_choice":"Entered Light","damage_taken":15,"max_hp_gain":0,"max_hp_loss":0,"event_name":"Shining Light","floor":3,"gold_loss":0,"cards_upgraded":["Defend_B","Defend_B"]},{"damage_healed":0,"gold_gain":275,"player_choice":"Desecrate","damage_taken":0,"max_hp_gain":0,"max_hp_loss":0,"event_name":"Golden Shrine","floor":5,"gold_loss":0,"cards_obtained":["Regret"]}],"is_beta":false,"boss_relics":[],"items_purged_floors":[],"is_endless":false,"potions_floor_spawned":[2,6,7,11],"killed_by":"Gremlin Gang","ascension_level":6}