{"path_per_floor":["M","?","M","?","$","E","R","M","T","$","M","M","M","M","R","B",null,"M","M","M","$","M","R","M","?","T","M","M","E","?","M","R"],"character_chosen":"IRONCLAD","items_purchased":["Inflame"],"gold_per_floor":[111,111,129,129,54,98,98,121,145,45,61,77,93,112,112,243,243,243,243,243,83,83,83,83,83,83,83,83,83,83,83,83,83],"floor_reached":33,"campfire_rested":0,"playtime":2993,"item_purchase_floors":[21],"current_hp_per_floor":[78,58,59,43,43,18,18,28,28,28,40,52,60,72,72,22,100,92,79,74,74,56,56,55,55,65,61,34,39,39,48,48,0],"items_purged":["Defend_R","Strike_R","Defend_R"],"gold":83,"score":325,"play_id":"fb58adbe-3488-485f-9b75-181621b0e6a0","local_time":"20180529210406","is_prod":false,"is_daily":false,"chose_seed":false,"is_ascension_mode":false,"campfire_upgraded":4,"win_rate":0,"timestamp":1527620646,"campfire_choices":[{"data":"Feed","floor":7,"key":"SMITH"},{"data":"Berserk","floor":15,"key":"SMITH"},{"data":"Inflame","floor":23,"key":"SMITH"},{"data":"Inflame","floor":32,"key":"SMITH"}],"path_taken":["M","?","M","?","$","E","R","M","T","$","M","?","M","M","R","BOSS","M","M","M","$","M","R","M","?","T","M","M","E","?","M","R","BOSS"],"build_version":"2018-05-24","seed_source_timestamp":1117977579299108,"purchased_purges":3,"victory":false,"master_deck":["Strike_R","Strike_R","Strike_R","Strike_R","Defend_R","Defend_R+1","Bash+1","Berserk+1","Dropkick","Twin Strike","Feed+1","Thunderclap","Twin Strike","Metallicize","Sever Soul","Searing Blow","Reaper","Clash","Metallicize","Seeing Red+1","Inflame+1","Twin Strike+1","Inflame+1","Twin Strike","Dark Embrace","Inflame","Ghostly","Ghostly","Ghostly","Ghostly","Ghostly","Twin Strike"],"max_hp_per_floor":[80,80,80,80,80,80,80,84,84,84,88,92,96,100,100,100,100,104,104,104,104,108,108,112,112,122,126,130,130,65,69,69,69],"relics":["Burning Blood","Golden Idol","Anchor","Blood Vial","Ectoplasm","Pear","Mercury Hourglass"],"card_choices":[{"not_picked":["Clothesline","Ghostly Armor"],"picked":"Dropkick","floor":1},{"not_picked":["Havoc","Sentinel"],"picked":"Twin Strike","floor":3},{"not_picked":["Body Slam","Clothesline"],"picked":"Feed","floor":6},{"not_picked":["Entrench","Pummel"],"picked":"Thunderclap","floor":8},{"not_picked":["Flex","Wild Strike"],"picked":"Twin Strike","floor":11},{"not_picked":["Body Slam","Rage"],"picked":"Metallicize","floor":12},{"not_picked":["Havoc","Carnage"],"picked":"Sever Soul","floor":13},{"not_picked":["Sword Boomerang","Flex"],"picked":"Searing Blow","floor":14},{"not_picked":["Fiend Fire","Juggernaut"],"picked":"Reaper","floor":16},{"not_picked":["Pommel Strike","Fire Breathing"],"picked":"Clash","floor":18},{"not_picked":["Combust","Havoc"],"picked":"Metallicize","floor":19},{"not_picked":["Heavy Blade","Body Slam"],"picked":"Seeing Red+1","floor":20},{"not_picked":["Heavy Blade","Cleave+1"],"picked":"Twin Strike+1","floor":22},{"not_picked":["Second Wind","Iron Wave"],"picked":"Inflame","floor":24},{"not_picked":["Body Slam","Inflame"],"picked":"Twin Strike","floor":27},{"not_picked":["Reckless Charge","Spot Weakness"],"picked":"Dark Embrace","floor":28},{"not_picked":["Iron Wave","Perfected Strike"],"picked":"Inflame","floor":29},{"not_picked":["Bloodletting","Heavy Blade"],"picked":"Twin Strike","floor":31}],"player_experience":34288,"potions_floor_usage":[16,16,16,24,27,28,29,33],"damage_taken":[{"damage":8,"enemies":"Cultist","floor":1,"turns":5},{"damage":5,"enemies":"Small Slimes","floor":3,"turns":4},{"damage":31,"enemies":"Lagavulin","floor":6,"turns":5},{"damage":0,"enemies":"Jaw Worm","floor":8,"turns":2},{"damage":0,"enemies":"3 Louse","floor":11,"turns":2},{"damage":0,"enemies":"Large Slime","floor":12,"turns":4},{"damage":4,"enemies":"Exordium Wildlife","floor":13,"turns":4},{"damage":0,"enemies":"2 Fungi Beasts","floor":14,"turns":4},{"damage":58,"enemies":"The Guardian","floor":16,"turns":8},{"damage":18,"enemies":"Spheric Guardian","floor":18,"turns":5},{"damage":21,"enemies":"Chosen","floor":19,"turns":5},{"damage":17,"enemies":"Snecko","floor":20,"turns":5},{"damage":39,"enemies":"Centurion and Healer","floor":22,"turns":5},{"damage":18,"enemies":"Cultist and Chosen","floor":24,"turns":6},{"damage":20,"enemies":"Sentry and Sphere","floor":27,"turns":5},{"damage":39,"enemies":"Snake Plant","floor":28,"turns":4},{"damage":24,"enemies":"Book of Stabbing","floor":29,"turns":4},{"damage":9,"enemies":"Slaver and Parasite","floor":31,"turns":5},{"damage":57,"enemies":"Automaton","floor":33,"turns":8}],"relics_obtained":[{"floor":6,"key":"Anchor"},{"floor":9,"key":"Blood Vial"},{"floor":26,"key":"Pear"},{"floor":29,"key":"Mercury Hourglass"}],"event_choices":[{"event_name":"Golden Idol","player_choice":"Take Damage","floor":2,"damage_taken":0},{"event_name":"Shining Light","player_choice":"Entered Light","floor":4,"damage_taken":0},{"event_name":"The Lab","player_choice":"Got Potions","floor":25,"damage_taken":0},{"event_name":"Ghosts","player_choice":"Became a Ghost","floor":30,"damage_taken":0}],"boss_relics":[{"not_picked":["Mark of Pain","Black Blood"],"picked":"Ectoplasm"}],"items_purged_floors":[5,10,21],"potions_floor_spawned":[3,6,11,12,13,19,22,24,31],"seed_played":"1731274475837730199","killed_by":"Automaton","ascension_level":0,"potions_obtained":[{"floor":3,"key":"Fire Potion"},{"floor":6,"key":"Swift Potion"},{"floor":11,"key":"Fire Potion"},{"floor":12,"key":"Explosive Potion"},{"floor":19,"key":"FearPotion"},{"floor":22,"key":"Strength Potion"},{"floor":24,"key":"BloodPotion"},{"floor":25,"key":"Weak Potion"},{"floor":31,"key":"PowerPotion"}],"is_trial":false}