{"gold_per_floor":[111,111,128,128,144,173,173,191,191,191,208,221,221,208,208,285,285,297,187,187,207,220,220],"floor_reached":23,"playtime":1446,"items_purged":[],"score":351,"play_id":"79ceae8b-5259-4d78-90c2-91cf5622a1ce","local_time":"20190501192752","is_ascension_mode":true,"campfire_choices":[{"floor":7,"key":"REST"},{"floor":10,"key":"REST"},{"floor":13,"key":"REST"},{"floor":15,"key":"REST"}],"neow_cost":"PERCENT_DAMAGE","seed_source_timestamp":1287644086077300,"circlet_count":0,"master_deck":["AscendersBane","Strike_B","Strike_B","Defend_B","Defend_B","Defend_B","Defend_B","Zap","Dualcast","Sweeping Beam+1","Loop","Barrage","Capacitor","Coolheaded","Hello World","Defragment","Cold Snap","Creative AI","Darkness","Static Discharge","Darkness"],"relics":["FrozenCore","Emotion Chip","Omamori","Mummified Hand","Anchor"],"potions_floor_usage":[12],"damage_taken":[{"damage":4,"enemies":"Small Slimes","floor":1,"turns":3},{"damage":1,"enemies":"Cultist","floor":3,"turns":3},{"damage":2,"enemies":"Jaw Worm","floor":5,"turns":2},{"damage":25,"enemies":"3 Sentries","floor":6,"turns":6},{"damage":10,"enemies":"2 Fungi Beasts","floor":8,"turns":3},{"damage":26,"enemies":"Gremlin Gang","floor":11,"turns":4},{"damage":2,"enemies":"Large Slime","floor":12,"turns":5},{"damage":11,"enemies":"Exordium Thugs","floor":14,"turns":4},{"damage":22,"enemies":"The Guardian","floor":16,"turns":12},{"damage":25,"enemies":"3 Byrds","floor":18,"turns":8},{"damage":14,"enemies":"Spheric Guardian","floor":21,"turns":4},{"damage":3,"enemies":"3 Cultists","floor":22,"turns":5},{"damage":17,"enemies":"Gremlin Leader","floor":23,"turns":4}],"seed_played":"5132844787356126631","potions_obtained":[{"floor":8,"key":"FearPotion"},{"floor":11,"key":"EssenceOfSteel"},{"floor":12,"key":"Weak Potion"}],"is_trial":false,"path_per_floor":["M","?","M","?","M","E","R","M","T","R","M","M","R","M","R","B",null,"M","?","$","M","M","E"],"character_chosen":"DEFECT","items_purchased":[],"campfire_rested":4,"item_purchase_floors":[],"current_hp_per_floor":[42,42,41,30,28,3,24,14,14,35,9,7,28,17,38,16,57,32,32,32,18,15,0],"gold":220,"neow_bonus":"ONE_RARE_RELIC","is_prod":false,"is_daily":false,"chose_seed":false,"campfire_upgraded":0,"win_rate":0,"timestamp":1556753272,"path_taken":["M","?","?","?","M","E","R","M","T","R","M","M","R","M","R","BOSS","M","?","$","M","?","E"],"build_version":"2019-01-23","purchased_purges":0,"victory":false,"max_hp_per_floor":[71,71,71,71,71,71,71,71,71,71,71,71,71,71,71,71,71,71,71,71,71,71,71],"card_choices":[{"not_picked":["Leap","Hologram"],"picked":"Sweeping Beam","floor":1},{"not_picked":["Coolheaded","Beam Cell"],"picked":"Loop","floor":3},{"not_picked":["Rebound","Stack"],"picked":"Barrage","floor":5},{"not_picked":["Rebound","Hologram"],"picked":"Capacitor","floor":6},{"not_picked":["Barrage","Beam Cell"],"picked":"Coolheaded","floor":8},{"not_picked":["Steam","Gash"],"picked":"Hello World","floor":11},{"not_picked":["Tempest","Reprogram"],"picked":"Defragment","floor":12},{"not_picked":["Redo","Rip and Tear"],"picked":"Cold Snap","floor":14},{"not_picked":["Meteor Strike","Core Surge"],"picked":"Creative AI","floor":16},{"not_picked":["Turbo","Redo+1"],"picked":"Darkness","floor":18},{"not_picked":["Cold Snap+1","Turbo"],"picked":"Static Discharge","floor":21},{"not_picked":["Conserve Battery","Leap"],"picked":"Darkness","floor":22}],"player_experience":2867766,"relics_obtained":[{"floor":6,"key":"Mummified Hand"},{"floor":9,"key":"Anchor"}],"event_choices":[{"cards_removed":["Strike_B"],"damage_healed":0,"gold_gain":0,"player_choice":"Offered Basic","damage_taken":0,"max_hp_gain":0,"max_hp_loss":0,"event_name":"Bonfire Elementals","floor":2,"gold_loss":0},{"damage_healed":0,"gold_gain":0,"player_choice":"Success","damage_taken":11,"relics_obtained":["Omamori"],"max_hp_gain":0,"max_hp_loss":0,"event_name":"Scrap Ooze","floor":4,"gold_loss":0},{"cards_removed":["Strike_B"],"damage_healed":0,"gold_gain":0,"player_choice":"Upgrade and Remove","damage_taken":0,"max_hp_gain":0,"max_hp_loss":0,"event_name":"Designer","floor":19,"gold_loss":110,"cards_upgraded":["Sweeping Beam"]}],"is_beta":false,"boss_relics":[{"not_picked":["Ectoplasm","Eternal Feather"],"picked":"FrozenCore"}],"items_purged_floors":[],"is_endless":false,"potions_floor_spawned":[8,11,12,22],"killed_by":"Gremlin Leader","ascension_level":16}