{"gold_per_floor":[109,128,145,145,159,159,188,207,207,207,207,225,225],"floor_reached":13,"playtime":535,"items_purged":[],"score":100,"play_id":"39716956-e2f9-4abf-97a3-5283c692cd5b","local_time":"20190112134703","is_ascension_mode":true,"campfire_choices":[{"data":"Zap","floor":6,"key":"SMITH"},{"data":"Defragment","floor":11,"key":"SMITH"}],"neow_cost":"NONE","seed_source_timestamp":257582351496486,"circlet_count":0,"master_deck":["Strike_B","Strike_B","Strike_B","Defend_B","Defend_B","Defend_B","Defend_B","Zap+1","Dualcast","Streamline","Cold Snap","Coolheaded","Defragment+1","Creative AI"],"relics":["Cracked Core","NeowsBlessing","DataDisk","Mummified Hand","Unceasing Top"],"potions_floor_usage":[5],"damage_taken":[{"damage":0,"enemies":"Jaw Worm","floor":1,"turns":1},{"damage":0,"enemies":"2 Louse","floor":2,"turns":1},{"damage":0,"enemies":"Small Slimes","floor":3,"turns":1},{"damage":9,"enemies":"Gremlin Gang","floor":5,"turns":5},{"damage":24,"enemies":"Lagavulin","floor":7,"turns":6},{"damage":6,"enemies":"Looter","floor":8,"turns":2},{"damage":0,"enemies":"2 Fungi Beasts","floor":12,"turns":3},{"damage":18,"enemies":"Gremlin Nob","floor":13,"turns":3}],"seed_played":"344530300320745641","potions_obtained":[{"floor":1,"key":"Energy Potion"},{"floor":3,"key":"Ancient Potion"}],"is_trial":false,"path_per_floor":["M","M","M","?","M","R","E","M","T","?","R","M","E"],"character_chosen":"DEFECT","items_purchased":[],"campfire_rested":0,"item_purchase_floors":[],"current_hp_per_floor":[75,75,75,68,59,59,35,29,29,17,17,17,0],"gold":225,"neow_bonus":"THREE_ENEMY_KILL","is_prod":false,"is_daily":false,"chose_seed":false,"campfire_upgraded":2,"win_rate":0,"timestamp":1547322423,"path_taken":["M","M","M","?","M","R","E","M","T","?","R","M","E"],"build_version":"2019-01-10","purchased_purges":0,"victory":false,"max_hp_per_floor":[75,75,75,75,75,75,75,75,75,75,75,75,75],"card_choices":[{"not_picked":["Aggregate","Recycle"],"picked":"Streamline","floor":1},{"not_picked":["Coolheaded","Barrage"],"picked":"Cold Snap","floor":2},{"not_picked":["Compile Driver","Gash","Stack"],"picked":"SKIP","floor":3},{"not_picked":["Force Field","Turbo"],"picked":"Coolheaded","floor":5},{"not_picked":["Stack","Lockon","Melter"],"picked":"SKIP","floor":7},{"not_picked":["Go for the Eyes","Hologram"],"picked":"Defragment","floor":8},{"not_picked":["Sweeping Beam","Loop"],"picked":"Creative AI","floor":12}],"player_experience":520946,"relics_obtained":[{"floor":7,"key":"DataDisk"},{"floor":9,"key":"Mummified Hand"}],"event_choices":[{"cards_removed":["Strike_B"],"damage_healed":0,"gold_gain":0,"player_choice":"Card Removal","damage_taken":7,"max_hp_gain":0,"max_hp_loss":0,"event_name":"Golden Wing","floor":4,"gold_loss":0},{"damage_healed":0,"gold_gain":0,"player_choice":"Success","damage_taken":12,"relics_obtained":["Unceasing Top"],"max_hp_gain":0,"max_hp_loss":0,"event_name":"Scrap Ooze","floor":10,"gold_loss":0}],"is_beta":false,"boss_relics":[],"items_purged_floors":[],"is_endless":false,"potions_floor_spawned":[1,3],"killed_by":"Gremlin Nob","ascension_level":3}