{"gold_per_floor":[116,47,61,79,79,79,97,97,97,97,153,228,247,59,59,160,210,224,240,240,256,274,274,301,301],"floor_reached":25,"playtime":964,"items_purged":[],"score":245,"play_id":"0c0b9a79-7586-40a6-aa1b-b5923da834ae","local_time":"20190103144550","is_ascension_mode":true,"campfire_choices":[{"floor":6,"key":"RECALL"},{"data":"Zap","floor":8,"key":"SMITH"},{"data":"Fusion","floor":10,"key":"SMITH"},{"floor":15,"key":"REST"},{"floor":23,"key":"REST"}],"neow_cost":"NONE","seed_source_timestamp":6477913333612,"circlet_count":0,"master_deck":["Strike_B","Strike_B","Strike_B","Defend_B","Defend_B","Defend_B","Zap+1","Dualcast","Fusion+1","Self Repair","Go for the Eyes+1","Gash","Static Discharge","Capacitor","Apotheosis","Thunder Strike","Gash","Hologram","Doom and Gloom+1","Stack","Double Energy","Storm","Electrodynamics","Gash"],"relics":["Cracked Core","Mercury Hourglass","Tiny Chest","Tiny House","Happy Flower"],"potions_floor_usage":[7,13,19,22,24,25],"damage_taken":[{"damage":3,"enemies":"2 Louse","floor":1,"turns":3},{"damage":7,"enemies":"Jaw Worm","floor":3,"turns":3},{"damage":5,"enemies":"Small Slimes","floor":4,"turns":3},{"damage":7,"enemies":"Exordium Wildlife","floor":7,"turns":3},{"damage":17,"enemies":"Lots of Slimes","floor":13,"turns":2},{"damage":42,"enemies":"The Guardian","floor":16,"turns":10},{"damage":27,"enemies":"Shell Parasite","floor":18,"turns":5},{"damage":10,"enemies":"Chosen","floor":19,"turns":4},{"damage":24,"enemies":"Shelled Parasite and Fungi","floor":21,"turns":6},{"damage":26,"enemies":"Snecko","floor":22,"turns":5},{"damage":52,"enemies":"Slavers","floor":24,"turns":4},{"damage":14,"enemies":"Centurion and Healer","floor":25,"turns":1}],"seed_played":"3546071115604897318","potions_obtained":[{"floor":0,"key":"Poison Potion"},{"floor":0,"key":"SneckoOil"},{"floor":0,"key":"FearPotion"},{"floor":1,"key":"Energy Potion"},{"floor":13,"key":"Weak Potion"},{"floor":16,"key":"Fire Potion"},{"floor":17,"key":"Regen Potion"},{"floor":24,"key":"GamblersBrew"}],"is_trial":false,"path_per_floor":["M","$","M","M","?","R","M","R","T","R","T","?","M","$","R","B",null,"M","M","?","M","M","R","E","M"],"character_chosen":"DEFECT","items_purchased":["Self Repair","Apotheosis"],"campfire_rested":2,"item_purchase_floors":[2,14],"current_hp_per_floor":[72,72,72,74,67,67,67,67,67,67,67,56,46,46,68,33,80,60,69,69,55,29,53,8,0],"gold":301,"neow_bonus":"THREE_SMALL_POTIONS","is_prod":false,"is_daily":false,"chose_seed":false,"campfire_upgraded":2,"win_rate":0,"timestamp":1546544750,"path_taken":["M","$","M","M","?","R","M","R","T","R","?","?","?","?","R","BOSS","M","M","?","M","M","R","E","M"],"build_version":"2018-12-20","purchased_purges":0,"victory":false,"max_hp_per_floor":[75,75,75,75,75,75,75,75,75,75,75,75,75,75,75,75,80,80,80,80,80,80,80,80,80],"card_choices":[{"not_picked":["Streamline","Leap"],"picked":"Fusion","floor":1},{"not_picked":["Rip and Tear","Rebound"],"picked":"Go for the Eyes","floor":3},{"not_picked":["Rebound","Reprogram"],"picked":"Gash","floor":4},{"not_picked":["Rip and Tear","Conserve Battery"],"picked":"Static Discharge","floor":7},{"not_picked":["Go for the Eyes","Seek"],"picked":"Capacitor","floor":13},{"not_picked":["Buffer","Seek"],"picked":"Thunder Strike","floor":16},{"not_picked":["Consume","Compile Driver"],"picked":"Gash","floor":17},{"not_picked":["Go for the Eyes","Sweeping Beam"],"picked":"Hologram","floor":18},{"not_picked":["Streamline+1","Recycle+1"],"picked":"Doom and Gloom+1","floor":19},{"not_picked":["Sunder","Steam Power"],"picked":"Storm","floor":21},{"not_picked":["Compile Driver","Ball Lightning"],"picked":"Electrodynamics","floor":22},{"not_picked":["Reinforced Body+1","Rebound"],"picked":"Gash","floor":24}],"player_experience":229468,"relics_obtained":[{"floor":11,"key":"Tiny Chest"},{"floor":24,"key":"Happy Flower"}],"event_choices":[{"damage_healed":0,"gold_gain":0,"player_choice":"Success","damage_taken":7,"relics_obtained":["Mercury Hourglass"],"max_hp_gain":0,"max_hp_loss":0,"event_name":"Scrap Ooze","floor":5,"gold_loss":0},{"damage_healed":0,"gold_gain":75,"player_choice":"Gather Gold","damage_taken":11,"max_hp_gain":0,"max_hp_loss":0,"event_name":"World of Goop","floor":12,"gold_loss":0},{"damage_healed":0,"gold_gain":0,"cards_transformed":["Strike_B","Defend_B"],"player_choice":"Became Test Subject","damage_taken":0,"max_hp_gain":0,"max_hp_loss":0,"event_name":"Drug Dealer","floor":20,"gold_loss":0,"cards_obtained":["Stack","Double Energy"]}],"is_beta":false,"boss_relics":[{"not_picked":["Runic Dome","Runic Pyramid"],"picked":"Tiny House"}],"items_purged_floors":[],"is_endless":false,"potions_floor_spawned":[1,13,16,18,24],"killed_by":"Centurion and Healer","ascension_level":3}