{"path_per_floor":["M","?","$","?","M","R","M","R","T","?","M","E","?","$","R"],"character_chosen":"IRONCLAD","items_purchased":["Flame Barrier"],"gold_per_floor":[119,119,5,5,25,25,49,49,49,14,38,69,144,44,44,44],"floor_reached":16,"campfire_rested":1,"playtime":916,"item_purchase_floors":[3],"current_hp_per_floor":[41,25,25,25,31,31,30,30,30,48,54,60,10,10,32,0],"items_purged":["Strike_R","Defend_R"],"gold":44,"score":160,"play_id":"bf040e41-ff00-491d-94d3-5da565b4931c","local_time":"20180609131518","is_prod":false,"is_daily":false,"chose_seed":false,"is_ascension_mode":true,"campfire_upgraded":2,"win_rate":0,"timestamp":1528542918,"campfire_choices":[{"data":"Barricade","floor":6,"key":"SMITH"},{"data":"True Grit","floor":8,"key":"SMITH"},{"floor":15,"key":"REST"}],"path_taken":["M","?","$","?","M","R","M","R","T","?","?","E","?","?","R","BOSS"],"build_version":"2018-06-07v3","seed_source_timestamp":2042307107978651,"purchased_purges":2,"victory":false,"master_deck":["Strike_R","Strike_R","Strike_R","Strike_R+1","Defend_R+1","Defend_R+1","Defend_R+1","Bash+1","Barricade+1","True Grit+1","Flame Barrier","Thunderclap+1","Impervious","Flame Barrier","Rage"],"max_hp_per_floor":[80,80,80,74,74,74,74,74,74,74,74,74,74,74,74,74],"relics":["Burning Blood","Golden Idol","Dream Catcher","War Paint","Whetstone"],"card_choices":[{"not_picked":["Limit Break","Bludgeon"],"picked":"Barricade","floor":0},{"not_picked":["Armaments","Pommel Strike"],"picked":"True Grit","floor":1},{"not_picked":["Flex","Anger"],"picked":"Thunderclap","floor":5},{"not_picked":["Havoc","Battle Trance"],"picked":"Impervious","floor":7},{"not_picked":["Thunderclap","Pommel Strike","Twin Strike"],"picked":"SKIP","floor":11},{"not_picked":["Headbutt","Whirlwind","Sword Boomerang"],"picked":"SKIP","floor":12},{"not_picked":["Havoc","Infernal Blade"],"picked":"Flame Barrier","floor":13},{"not_picked":["Twin Strike","Anger"],"picked":"Rage","floor":15}],"player_experience":276239,"potions_floor_usage":[12,12,16],"damage_taken":[{"damage":1,"enemies":"Small Slimes","floor":1,"turns":6},{"damage":0,"enemies":"2 Louse","floor":5,"turns":5},{"damage":7,"enemies":"Jaw Worm","floor":7,"turns":5},{"damage":0,"enemies":"2 Fungi Beasts","floor":11,"turns":5},{"damage":0,"enemies":"Lagavulin","floor":12,"turns":13},{"damage":56,"enemies":"Lagavulin Event","floor":13,"turns":13},{"damage":40,"enemies":"Slime Boss","floor":16,"turns":14}],"relics_obtained":[{"floor":9,"key":"Dream Catcher"},{"floor":12,"key":"War Paint"},{"floor":13,"key":"Whetstone"}],"event_choices":[{"event_name":"Shining Light","player_choice":"Entered Light","floor":2,"damage_taken":0},{"event_name":"Golden Idol","player_choice":"Lose Max HP","floor":4,"damage_taken":0},{"event_name":"The Cleric","player_choice":"Healed","floor":10,"damage_taken":0},{"event_name":"Dead Adventurer","player_choice":"Searched \u00271\u0027 times","floor":13,"damage_taken":0}],"boss_relics":[],"items_purged_floors":[3,14],"potions_floor_spawned":[5,7,13],"seed_played":"4952362831161262570","killed_by":"Slime Boss","ascension_level":6,"potions_obtained":[{"floor":5,"key":"SteroidPotion"},{"floor":7,"key":"PowerPotion"},{"floor":13,"key":"SpeedPotion"}],"is_trial":false}