{"gold_per_floor":[112,112,125,145,70,70,86,86,112,112,112,127,127,147,147,251,251,262,262,274,294,78,106,126,126],"floor_reached":25,"playtime":2260,"items_purged":["Pain"],"score":269,"play_id":"139c9557-bb34-4eae-954f-46092c6be999","local_time":"20190219210316","is_ascension_mode":true,"campfire_choices":[{"data":"A Thousand Cuts","floor":6.0,"key":"SMITH"},{"data":"Neutralize","floor":8.0,"key":"SMITH"},{"data":"Neutralize","floor":11.0,"key":"SMITH"},{"data":"Flechettes","floor":13.0,"key":"SMITH"},{"data":"Caltrops","floor":15.0,"key":"SMITH"}],"neow_cost":"TEN_PERCENT_HP_LOSS","seed_source_timestamp":0,"circlet_count":0,"master_deck":["Defend_G","Defend_G","Defend_G","Defend_G","Defend_G","Strike_G","Strike_G","Strike_G","Survivor","Neutralize+1","A Thousand Cuts+1","Endless Agony","Flechettes+1","Neutralize+1","Unload","Infinite Blades","Caltrops+1","Prepared","Prepared","Glass Knife","Well Laid Plans","Calculated Gamble+1","Blade Dance","Footwork","Distraction+1","Caltrops"],"special_seed":0,"relics":["Ring of the Snake","Ancient Tea Set","Cursed Key","Membership Card","Dream Catcher"],"potions_floor_usage":[24,24,24,24,24,25],"damage_taken":[{"damage":6.0,"enemies":"Jaw Worm","floor":1.0,"turns":4.0},{"damage":3.0,"enemies":"Cultist","floor":3.0,"turns":4.0},{"damage":2.0,"enemies":"Small Slimes","floor":4.0,"turns":3.0},{"damage":9.0,"enemies":"Looter","floor":7.0,"turns":3.0},{"damage":0.0,"enemies":"Large Slime","floor":12.0,"turns":5.0},{"damage":10.0,"enemies":"Exordium Thugs","floor":14.0,"turns":4.0},{"damage":14.0,"enemies":"The Guardian","floor":16.0,"turns":9.0},{"damage":0.0,"enemies":"3 Byrds","floor":18.0,"turns":3.0},{"damage":0.0,"enemies":"Chosen","floor":20.0,"turns":5.0},{"damage":18.0,"enemies":"Snake Plant","floor":21.0,"turns":4.0},{"damage":15.0,"enemies":"Gremlin Leader","floor":23.0,"turns":3.0},{"damage":4,"enemies":"Centurion and Healer","floor":24,"turns":5},{"damage":7,"enemies":"Cultist and Chosen","floor":25,"turns":3}],"seed_played":"-5529535019243571150","potions_obtained":[{"floor":1.0,"key":"EntropicBrew"},{"floor":4.0,"key":"Strength Potion"},{"floor":14.0,"key":"Swift Potion"},{"floor":21.0,"key":"Strength Potion"},{"floor":23.0,"key":"EntropicBrew"},{"floor":24,"key":"Poison Potion"}],"is_trial":false,"path_per_floor":["M","?","M","M","$","R","M","R","T","$","R","M","R","M","R","B",null,"M","?","M","M","$","E","M","M"],"character_chosen":"THE_SILENT","items_purchased":["Membership Card","Footwork"],"campfire_rested":0,"item_purchase_floors":[22,22],"current_hp_per_floor":[57,57,54,52,52,52,43,43,43,43,43,43,43,33,33,19,52,52,41,41,23,23,8,4,0],"gold":126,"neow_bonus":"TRANSFORM_TWO_CARDS","is_prod":false,"is_daily":false,"chose_seed":false,"campfire_upgraded":5,"win_rate":0,"timestamp":1550628196,"path_taken":["M","?","?","M","$","R","M","R","T","$","R","M","R","M","R","BOSS","M","?","M","M","$","E","M","M"],"build_version":"2019-01-23","purchased_purges":1,"victory":false,"max_hp_per_floor":[63,63,63,63,63,63,63,63,63,63,63,63,63,63,63,63,63,63,68,68,68,68,68,68,68],"card_choices":[{"not_picked":["Concentrate","Heel Hook"],"picked":"Flechettes","floor":1.0},{"not_picked":["Blade Dance","Expertise"],"picked":"Infinite Blades","floor":3.0},{"not_picked":["Dagger Throw","Outmaneuver"],"picked":"Caltrops","floor":4.0},{"not_picked":["Deflect","Outmaneuver"],"picked":"Prepared","floor":7.0},{"not_picked":["Sucker Punch","Underhanded Strike"],"picked":"Prepared","floor":12.0},{"not_picked":["Prepared","Flying Knee","Quick Slash"],"picked":"SKIP","floor":14.0},{"not_picked":["Malaise","Bullet Time"],"picked":"Glass Knife","floor":16.0},{"not_picked":["Heel Hook+1","Slice"],"picked":"Well Laid Plans","floor":18.0},{"not_picked":["Slice","Sucker Punch"],"picked":"Calculated Gamble+1","floor":20.0},{"not_picked":["Concentrate+1","Outmaneuver"],"picked":"Blade Dance","floor":21.0},{"not_picked":["Crippling Poison+1","Setup"],"picked":"Distraction+1","floor":23.0},{"not_picked":["Prepared","Concentrate"],"picked":"Caltrops","floor":24}],"player_experience":2171735,"relics_obtained":[{"floor":9.0,"key":"Ancient Tea Set"},{"floor":23.0,"key":"Dream Catcher"}],"event_choices":[{"damage_healed":0.0,"max_hp_gain":0.0,"max_hp_loss":0.0,"gold_gain":0.0,"event_name":"Match and Keep!","player_choice":"3 cards matched","floor":2.0,"gold_loss":0.0,"damage_taken":0.0,"cards_obtained":["Neutralize","Pain","Unload"]},{"damage_healed":0.0,"max_hp_gain":5.0,"max_hp_loss":0.0,"gold_gain":0.0,"event_name":"Forgotten Altar","player_choice":"Shed Blood","floor":19.0,"gold_loss":0.0,"damage_taken":16.0}],"is_beta":false,"boss_relics":[{"not_picked":["Eternal Feather","Ectoplasm"],"picked":"Cursed Key"}],"items_purged_floors":[5],"is_endless":false,"potions_floor_spawned":[1,4,14,16,21,23,24],"killed_by":"Cultist and Chosen","ascension_level":5}