{"path_per_floor":["M","?","?","?","M","R","M","E","T","M","?","M","M","$","R"],"character_chosen":"THE_SILENT","items_purchased":["Footwork","Bag of Marbles"],"gold_per_floor":[114,114,114,289,303,303,321,351,351,366,366,377,387,141,141,141],"floor_reached":16,"campfire_rested":1,"playtime":988,"item_purchase_floors":[14,14],"current_hp_per_floor":[69,69,66,66,59,59,59,27,27,27,27,27,21,21,42,0],"items_purged":["Doubt"],"gold":141,"score":112,"play_id":"04a69f15-d546-41ad-88b2-148c17524829","local_time":"20180601164017","is_prod":false,"is_daily":false,"chose_seed":false,"is_ascension_mode":true,"campfire_upgraded":1,"win_rate":0,"timestamp":1527864017,"campfire_choices":[{"data":"Neutralize","floor":6,"key":"SMITH"},{"floor":15,"key":"REST"}],"path_taken":["M","?","?","?","?","R","?","E","T","M","?","M","M","$","R","BOSS"],"build_version":"2018-05-31","seed_source_timestamp":1363345572208345,"purchased_purges":1,"victory":false,"master_deck":["Defend_G","Defend_G","Defend_G","Defend_G","Defend_G","Strike_G","Strike_G","Strike_G","Strike_G","Survivor","Neutralize+1","Blade Dance","Deflect","Slice","Blade Dance","Terror+1","Footwork"],"max_hp_per_floor":[70,70,70,70,70,70,70,70,70,70,70,70,70,70,70,70],"relics":["Ring of the Snake","The Courier","Bag of Preparation","Gremlin Horn","Bag of Marbles"],"card_choices":[{"not_picked":["Concentrate","Acrobatics"],"picked":"Blade Dance","floor":1},{"not_picked":["Flechettes","Slice"],"picked":"Deflect","floor":5},{"not_picked":["Outmaneuver","Acrobatics"],"picked":"Slice","floor":7},{"not_picked":["Noxious Fumes","Sucker Punch"],"picked":"Blade Dance","floor":8},{"not_picked":["Backflip","Reflex"],"picked":"Terror","floor":10},{"not_picked":["Deflect","Outmaneuver","Sucker Punch"],"picked":"SKIP","floor":12},{"not_picked":["Poisoned Stab","Malaise","Sucker Punch"],"picked":"SKIP","floor":13}],"player_experience":156977,"potions_floor_usage":[8,8,13,16,16],"damage_taken":[{"damage":1,"enemies":"Cultist","floor":1,"turns":5},{"damage":7,"enemies":"Jaw Worm","floor":5,"turns":4},{"damage":0,"enemies":"2 Louse","floor":7,"turns":3},{"damage":32,"enemies":"Gremlin Nob","floor":8,"turns":5},{"damage":0,"enemies":"Exordium Thugs","floor":10,"turns":4},{"damage":0,"enemies":"3 Louse","floor":12,"turns":4},{"damage":6,"enemies":"Exordium Wildlife","floor":13,"turns":6},{"damage":55,"enemies":"Slime Boss","floor":16,"turns":15}],"relics_obtained":[{"floor":8,"key":"Bag of Preparation"},{"floor":9,"key":"Gremlin Horn"}],"event_choices":[{"event_name":"Living Wall","player_choice":"Forget","floor":2,"damage_taken":0},{"event_name":"Scrap Ooze","player_choice":"success","floor":3,"damage_taken":3},{"event_name":"Liars Game","player_choice":"agreed","floor":4,"damage_taken":0},{"event_name":"Upgrade Shrine","player_choice":"Upgraded","floor":11,"damage_taken":0}],"boss_relics":[],"items_purged_floors":[14],"potions_floor_spawned":[1,7,8,12,13],"seed_played":"-3954906395594639869","killed_by":"Slime Boss","ascension_level":2,"potions_obtained":[{"floor":1,"key":"EntropicBrew"},{"floor":7,"key":"FairyPotion"},{"floor":8,"key":"SkillPotion"},{"floor":13,"key":"SpeedPotion"}],"is_trial":false}