{"gold_per_floor":[111,111,61,77,97,97,122,122,171,191,191,191,191,191,191,310,310,329,244,287,310,310],"floor_reached":22,"playtime":1018,"items_purged":[],"score":172,"play_id":"f0c5bb33-c3d3-4514-a656-d3cef94c0b28","local_time":"20190521220148","is_ascension_mode":false,"campfire_choices":[{"data":"Bash","floor":6.0,"key":"SMITH"},{"data":"Shrug It Off","floor":11.0,"key":"SMITH"},{"floor":15.0,"key":"REST"}],"neow_cost":"NONE","seed_source_timestamp":464657484739403,"circlet_count":0,"master_deck":["Strike_R","Defend_R","Defend_R","Bash+1","Shrug It Off+1","True Grit+1","Armaments+1","Double Tap+1"],"special_seed":0,"relics":["Burning Blood","Odd Mushroom","Red Skull","Torii","Golden Idol","Astrolabe","Vajra","Red Mask"],"potions_floor_usage":[],"damage_taken":[{"damage":0.0,"enemies":"2 Louse","floor":1.0,"turns":4.0},{"damage":5.0,"enemies":"Small Slimes","floor":4.0,"turns":7.0},{"damage":2.0,"enemies":"Jaw Worm","floor":5.0,"turns":4.0},{"damage":34.0,"enemies":"The Mushroom Lair","floor":7.0,"turns":8.0},{"damage":19.0,"enemies":"Exordium Wildlife","floor":10.0,"turns":5.0},{"damage":25.0,"enemies":"The Guardian","floor":16.0,"turns":17.0},{"damage":38.0,"enemies":"Spheric Guardian","floor":18.0,"turns":8.0},{"damage":41.0,"enemies":"Masked Bandits","floor":20.0,"turns":9.0},{"damage":12.0,"enemies":"2 Thieves","floor":21.0,"turns":4.0},{"damage":19,"enemies":"Cultist and Chosen","floor":22,"turns":5}],"seed_played":"8762778759302696121","potions_obtained":[{"floor":1.0,"key":"Poison Potion"},{"floor":4.0,"key":"SkillPotion"},{"floor":10.0,"key":"Weak Potion"},{"floor":21.0,"key":"SpeedPotion"}],"is_trial":false,"path_per_floor":["M","?","?","M","M","R","?","?","T","M","R","T","?","?","R","B",null,"M","?","?","M","M"],"character_chosen":"IRONCLAD","items_purchased":[],"campfire_rested":1,"item_purchase_floors":[],"current_hp_per_floor":[80,85,85,85,85,85,57,57,57,44,44,44,44,23,48,29,85,53,53,18,12,0],"gold":310,"neow_bonus":"REMOVE_CARD","is_prod":false,"is_daily":false,"chose_seed":false,"campfire_upgraded":2,"win_rate":0,"timestamp":1558447308,"path_taken":["M","?","?","M","M","R","?","?","T","?","R","?","?","?","R","BOSS","M","?","?","M","M"],"build_version":"2019-01-23","purchased_purges":0,"victory":false,"max_hp_per_floor":[80,85,85,85,85,85,85,85,85,85,85,85,85,85,85,85,85,85,85,85,85,85],"card_choices":[{"not_picked":["Spot Weakness","Clothesline","Battle Trance"],"picked":"SKIP","floor":1.0},{"not_picked":["Cleave","Clash"],"picked":"Shrug It Off","floor":4.0},{"not_picked":["Warcry","Anger","Clothesline"],"picked":"SKIP","floor":5.0},{"not_picked":["Havoc","Spot Weakness","Burning Pact"],"picked":"SKIP","floor":10.0},{"not_picked":["Carnage","Twin Strike","Havoc+1"],"picked":"SKIP","floor":18.0},{"not_picked":["Twin Strike","True Grit","Warcry+1"],"picked":"SKIP","floor":21.0}],"player_experience":552418,"relics_obtained":[{"floor":7.0,"key":"Odd Mushroom"},{"floor":9.0,"key":"Red Skull"},{"floor":12.0,"key":"Torii"},{"floor":20.0,"key":"Red Mask"}],"event_choices":[{"damage_healed":0.0,"max_hp_gain":5.0,"max_hp_loss":0.0,"gold_gain":0.0,"event_name":"Big Fish","player_choice":"Donut","floor":2.0,"gold_loss":0.0,"damage_taken":0.0},{"cards_removed":["Strike_R"],"damage_healed":0.0,"max_hp_gain":0.0,"max_hp_loss":0.0,"gold_gain":0.0,"event_name":"The Cleric","player_choice":"Card Removal","floor":3.0,"gold_loss":50.0,"damage_taken":0.0},{"damage_healed":0.0,"max_hp_gain":0.0,"max_hp_loss":0.0,"gold_gain":0.0,"event_name":"Mushrooms","player_choice":"Fought Mushrooms","floor":7.0,"gold_loss":0.0,"damage_taken":0.0},{"cards_removed":["Defend_R"],"damage_healed":0.0,"max_hp_gain":0.0,"max_hp_loss":0.0,"gold_gain":0.0,"event_name":"Living Wall","player_choice":"Forget","floor":8.0,"gold_loss":0.0,"damage_taken":0.0},{"damage_healed":0.0,"max_hp_gain":0.0,"max_hp_loss":0.0,"gold_gain":0.0,"event_name":"Liars Game","player_choice":"Ignored","floor":13.0,"gold_loss":0.0,"damage_taken":0.0},{"damage_healed":0.0,"max_hp_gain":0.0,"max_hp_loss":0.0,"gold_gain":0.0,"event_name":"Golden Idol","player_choice":"Take Damage","floor":14.0,"gold_loss":0.0,"damage_taken":21.0,"relics_obtained":["Golden Idol"]},{"damage_healed":0.0,"max_hp_gain":0.0,"max_hp_loss":0.0,"gold_gain":0.0,"event_name":"Addict","player_choice":"Obtained Relic","floor":19.0,"gold_loss":85.0,"damage_taken":0.0,"relics_obtained":["Vajra"]},{"damage_healed":0.0,"max_hp_gain":0.0,"max_hp_loss":0.0,"gold_gain":0.0,"event_name":"Masked Bandits","player_choice":"Fought Bandits","floor":20.0,"gold_loss":0.0,"damage_taken":0.0}],"is_beta":false,"boss_relics":[{"not_picked":["Cursed Key","Runic Dome"],"picked":"Astrolabe"}],"items_purged_floors":[],"is_endless":false,"potions_floor_spawned":[1,4,10,21],"killed_by":"Cultist and Chosen","ascension_level":0}