{"gold_per_floor":[116,191,191,191,203,236,236,248,248,262,272,272,289,251,251,326,326,345,355,355,355],"floor_reached":21,"playtime":908,"items_purged":[],"score":308,"play_id":"eb484dd2-2e99-449e-9569-b5359c90cdf1","local_time":"20190416222841","is_ascension_mode":true,"campfire_choices":[{"floor":7,"key":"REST"},{"floor":12,"key":"REST"},{"floor":15,"key":"REST"}],"neow_cost":"TEN_PERCENT_HP_LOSS","seed_source_timestamp":2952012160300,"circlet_count":0,"master_deck":["AscendersBane","Strike_B+1","Strike_B+1","Strike_B","Strike_B","Defend_B","Defend_B","Defend_B","Defend_B","Zap","Dualcast","Ball Lightning","Undo","Fusion","Reinforced Body","Lockon","Steam","Sweeping Beam","Sunder","Meteor Strike","Ball Lightning","Conserve Battery","Decay"],"relics":["Cracked Core","Peace Pipe","Kunai","FossilizedHelix","Symbiotic Virus","White Beast Statue"],"potions_floor_usage":[16,19,21],"damage_taken":[{"damage":1,"enemies":"2 Louse","floor":1,"turns":2},{"damage":4,"enemies":"Small Slimes","floor":5,"turns":3},{"damage":32,"enemies":"Lagavulin","floor":6,"turns":8},{"damage":0,"enemies":"Jaw Worm","floor":8,"turns":4},{"damage":19,"enemies":"Exordium Thugs","floor":10,"turns":5},{"damage":0,"enemies":"Looter","floor":11,"turns":3},{"damage":9,"enemies":"3 Louse","floor":13,"turns":3},{"damage":30,"enemies":"Hexaghost","floor":16,"turns":10},{"damage":25,"enemies":"Shell Parasite","floor":18,"turns":6},{"damage":15,"enemies":"3 Byrds","floor":19,"turns":3},{"damage":17,"enemies":"3 Cultists","floor":21,"turns":3}],"seed_played":"-1555907757872831055","potions_obtained":[{"floor":5,"key":"LiquidBronze"},{"floor":10,"key":"Regen Potion"},{"floor":16,"key":"GamblersBrew"},{"floor":18,"key":"Weak Potion"},{"floor":19,"key":"GamblersBrew"}],"is_trial":false,"path_per_floor":["M","?","?","T","M","E","R","M","T","M","M","R","M","$","R","B",null,"M","M","?","M"],"character_chosen":"DEFECT","items_purchased":["Sunder"],"campfire_rested":3,"item_purchase_floors":[14],"current_hp_per_floor":[63,52,39,39,35,3,22,22,22,3,3,22,13,13,32,17,52,27,12,12,0],"gold":355,"neow_bonus":"ONE_RARE_RELIC","is_prod":false,"is_daily":false,"chose_seed":false,"campfire_upgraded":0,"win_rate":0,"timestamp":1555468121,"path_taken":["M","?","?","?","?","E","R","M","T","M","M","R","M","$","R","BOSS","M","M","?","M"],"build_version":"2019-01-23","purchased_purges":0,"victory":false,"max_hp_per_floor":[64,64,64,64,64,64,64,64,64,64,64,64,64,64,64,64,64,64,64,64,64],"card_choices":[{"not_picked":["Redo","Compile Driver"],"picked":"Ball Lightning","floor":1},{"not_picked":["Redo","Hello World"],"picked":"Undo","floor":5},{"not_picked":["Steam Power","Core Surge"],"picked":"Fusion","floor":6},{"not_picked":["Capacitor","Cold Snap"],"picked":"Reinforced Body","floor":8},{"not_picked":["Hologram","Streamline"],"picked":"Lockon","floor":10},{"not_picked":["Cold Snap","Streamline"],"picked":"Steam","floor":11},{"not_picked":["Compile Driver","Undo"],"picked":"Sweeping Beam","floor":13},{"not_picked":["All For One","Buffer"],"picked":"Meteor Strike","floor":16},{"not_picked":["Redo","Rebound"],"picked":"Ball Lightning","floor":18},{"not_picked":["Steam","Rebound"],"picked":"Conserve Battery","floor":19}],"player_experience":2761571,"relics_obtained":[{"floor":4,"key":"Kunai"},{"floor":6,"key":"FossilizedHelix"},{"floor":9,"key":"Symbiotic Virus"}],"event_choices":[{"damage_healed":0,"gold_gain":75,"player_choice":"Gather Gold","damage_taken":11,"max_hp_gain":0,"max_hp_loss":0,"event_name":"World of Goop","floor":2,"gold_loss":0},{"damage_healed":0,"gold_gain":0,"player_choice":"Entered Light","damage_taken":13,"max_hp_gain":0,"max_hp_loss":0,"event_name":"Shining Light","floor":3,"gold_loss":0,"cards_upgraded":["Strike_B","Strike_B"]},{"damage_healed":0,"gold_gain":0,"player_choice":"Smashed Altar","damage_taken":0,"max_hp_gain":0,"max_hp_loss":0,"event_name":"Forgotten Altar","floor":20,"gold_loss":0,"cards_obtained":["Decay"]}],"is_beta":false,"boss_relics":[{"not_picked":["Lizard Tail","Velvet Choker"],"picked":"White Beast Statue"}],"items_purged_floors":[],"is_endless":false,"potions_floor_spawned":[5,10,13,16,18,19],"killed_by":"3 Cultists","ascension_level":14}