{"gold_per_floor":[113,1,1,18,18,43,61,96,121,121,132,132,132,145,145,245,245,263,275,275,275,126,126,161,175,175,194,194,194,194],"floor_reached":30,"playtime":4528,"items_purged":["Strike_B","Strike_B"],"score":413,"play_id":"9c1c2736-c836-43cd-9f15-01ea7351bbe6","local_time":"20190513085900","is_ascension_mode":true,"campfire_choices":[{"floor":10.0,"key":"REST"},{"data":"Zap","floor":12.0,"key":"SMITH"},{"data":"Zap","floor":15.0,"key":"SMITH"},{"data":"Leap","floor":23.0,"key":"SMITH"},{"data":"Defragment","floor":28.0,"key":"SMITH"}],"neow_cost":"PERCENT_DAMAGE","seed_source_timestamp":0,"circlet_count":0,"master_deck":["AscendersBane","Defend_B","Defend_B","Defend_B","Defend_B","Zap+1","Dualcast","Doom and Gloom","Zap+1","Steam+1","Ball Lightning","Ball Lightning","FTL+1","Conserve Battery","Chill","Chill","Defragment+1","Leap+1","Lockon"],"special_seed":0,"relics":["Cracked Core","Omamori","Blood Vial","Coffee Dripper","Vajra","Girya"],"potions_floor_usage":[30,30],"damage_taken":[{"damage":3.0,"enemies":"Jaw Worm","floor":1.0,"turns":5.0},{"damage":0.0,"enemies":"Cultist","floor":4.0,"turns":3.0},{"damage":9.0,"enemies":"Lagavulin","floor":6.0,"turns":5.0},{"damage":8.0,"enemies":"Small Slimes","floor":7.0,"turns":3.0},{"damage":17.0,"enemies":"Gremlin Nob","floor":8.0,"turns":3.0},{"damage":0.0,"enemies":"2 Fungi Beasts","floor":11.0,"turns":3.0},{"damage":0.0,"enemies":"3 Louse","floor":14.0,"turns":3.0},{"damage":18.0,"enemies":"The Guardian","floor":16.0,"turns":11.0},{"damage":8.0,"enemies":"3 Byrds","floor":18.0,"turns":4.0},{"damage":7.0,"enemies":"Shell Parasite","floor":19.0,"turns":6.0},{"damage":10.0,"enemies":"Colosseum Slavers","floor":21.0,"turns":5.0},{"damage":9.0,"enemies":"Gremlin Leader","floor":24.0,"turns":8.0},{"damage":15.0,"enemies":"Shelled Parasite and Fungi","floor":25.0,"turns":4.0},{"damage":0.0,"enemies":"Centurion and Healer","floor":27.0,"turns":5.0},{"damage":11,"enemies":"Book of Stabbing","floor":30,"turns":2}],"seed_played":"3439335479825103581","potions_obtained":[{"floor":1.0,"key":"GamblersBrew"},{"floor":14.0,"key":"EssenceOfSteel"},{"floor":16.0,"key":"GamblersBrew"},{"floor":24.0,"key":"FearPotion"},{"floor":25.0,"key":"Block Potion"},{"floor":27.0,"key":"Fire Potion"}],"is_trial":false,"path_per_floor":["M","$","?","M","$","E","M","E","T","R","M","R","?","M","R","B",null,"M","M","?","?","$","R","E","M","T","M","R","?","E"],"character_chosen":"DEFECT","items_purchased":["Doom and Gloom","Leap"],"campfire_rested":1,"item_purchase_floors":[2,22],"current_hp_per_floor":[47,47,47,47,47,38,30,13,13,35,37,37,22,24,24,8,58,52,47,33,25,25,25,18,5,5,7,7,7,0],"gold":194,"neow_bonus":"REMOVE_TWO","is_prod":false,"is_daily":false,"chose_seed":false,"campfire_upgraded":4,"win_rate":0,"timestamp":1557763140,"path_taken":["M","$","?","M","$","E","M","E","T","R","?","R","?","M","R","BOSS","M","M","?","?","$","R","E","M","T","M","R","?","E"],"build_version":"2019-01-23","purchased_purges":2,"victory":false,"max_hp_per_floor":[75,75,75,75,75,75,75,75,75,75,75,75,75,75,75,75,75,75,75,80,80,80,80,80,80,80,80,80,80,80],"card_choices":[{"not_picked":["Static Discharge","Undo","Turbo"],"picked":"SKIP","floor":1.0},{"not_picked":["Blizzard","Go for the Eyes"],"picked":"Ball Lightning","floor":4.0},{"not_picked":["Steam","Turbo"],"picked":"Ball Lightning","floor":6.0},{"not_picked":["Rebound","Redo"],"picked":"FTL","floor":7.0},{"not_picked":["Chill","Stack"],"picked":"Conserve Battery","floor":8.0},{"not_picked":["Hologram","Redo"],"picked":"Chill","floor":11.0},{"not_picked":["Self Repair","Sweeping Beam"],"picked":"Chill","floor":14.0},{"not_picked":["Static Discharge","Turbo+1","Steam"],"picked":"SKIP","floor":18.0},{"not_picked":["Ball Lightning","Coolheaded"],"picked":"Defragment","floor":19.0},{"not_picked":["Gash","Conserve Battery","Streamline"],"picked":"SKIP","floor":24.0},{"not_picked":["Gash","Redo"],"picked":"Lockon","floor":25.0},{"not_picked":["Stack","Redo","Rebound"],"picked":"SKIP","floor":27.0}],"player_experience":636779,"relics_obtained":[{"floor":6.0,"key":"Omamori"},{"floor":8.0,"key":"Blood Vial"},{"floor":24.0,"key":"Vajra"},{"floor":26.0,"key":"Girya"}],"event_choices":[{"damage_healed":0.0,"max_hp_gain":0.0,"max_hp_loss":0.0,"gold_gain":0.0,"event_name":"Match and Keep!","player_choice":"2 cards matched","floor":3.0,"gold_loss":0.0,"damage_taken":0.0,"cards_obtained":["Zap","Steam"]},{"damage_healed":0.0,"max_hp_gain":0.0,"max_hp_loss":0.0,"gold_gain":0.0,"event_name":"Shining Light","player_choice":"Entered Light","floor":13.0,"gold_loss":0.0,"damage_taken":15.0,"cards_upgraded":["Steam","FTL"]},{"damage_healed":0.0,"max_hp_gain":5.0,"max_hp_loss":0.0,"gold_gain":0.0,"event_name":"Forgotten Altar","player_choice":"Shed Blood","floor":20.0,"gold_loss":0.0,"damage_taken":19.0},{"damage_healed":0.0,"max_hp_gain":0.0,"max_hp_loss":0.0,"gold_gain":0.0,"event_name":"Colosseum","player_choice":"Fight","floor":21.0,"gold_loss":0.0,"damage_taken":0.0},{"damage_healed":0.0,"max_hp_gain":0.0,"max_hp_loss":0.0,"gold_gain":0.0,"event_name":"Colosseum","player_choice":"Fled From Nobs","floor":21.0,"gold_loss":0.0,"damage_taken":0.0},{"damage_healed":0.0,"max_hp_gain":0.0,"max_hp_loss":0.0,"gold_gain":0.0,"event_name":"FaceTrader","player_choice":"Leave","floor":29.0,"gold_loss":0.0,"damage_taken":0.0}],"is_beta":false,"boss_relics":[{"not_picked":["White Beast Statue","Astrolabe"],"picked":"Coffee Dripper"}],"items_purged_floors":[2,22],"is_endless":false,"potions_floor_spawned":[1,14,16,21,24,25,27],"killed_by":"Book of Stabbing","ascension_level":12}