{"gold_per_floor":[110,110,51,51,51,51,85,100,100,119,119,77,96,116,116,189,189,200,200,213,242,242],"floor_reached":22,"playtime":1273,"items_purged":[],"score":397,"play_id":"e8249b41-8978-4877-9f65-27704dbad576","local_time":"20190520212847","is_ascension_mode":true,"campfire_choices":[{"data":"Zap","floor":6.0,"key":"SMITH"},{"floor":11.0,"key":"REST"},{"data":"Loop","floor":15.0,"key":"SMITH"}],"neow_cost":"NONE","seed_source_timestamp":46768177049736,"circlet_count":0,"master_deck":["AscendersBane","Strike_B","Strike_B","Strike_B","Strike_B+1","Defend_B","Defend_B","Defend_B","Defend_B","Zap+1","Dualcast","Gash+1","Ball Lightning","Melter","Glacier","Leap+1","Loop+1","Sunder","Capacitor","Rainbow+1","Hologram+1","Gash","Rebound"],"special_seed":0,"relics":["Cracked Core","NeowsBlessing","Centennial Puzzle","Toxic Egg 2","Cursed Key","Red Mask"],"potions_floor_usage":[],"damage_taken":[{"damage":0.0,"enemies":"Small Slimes","floor":1.0,"turns":1.0},{"damage":0.0,"enemies":"Gremlin Nob","floor":7.0,"turns":1.0},{"damage":0.0,"enemies":"Jaw Worm","floor":8.0,"turns":1.0},{"damage":4.0,"enemies":"2 Louse","floor":10.0,"turns":3.0},{"damage":1.0,"enemies":"Blue Slaver","floor":13.0,"turns":4.0},{"damage":13.0,"enemies":"Large Slime","floor":14.0,"turns":4.0},{"damage":37.0,"enemies":"Slime Boss","floor":16.0,"turns":11.0},{"damage":2.0,"enemies":"Chosen","floor":18.0,"turns":4.0},{"damage":0.0,"enemies":"Spheric Guardian","floor":20.0,"turns":1.0},{"damage":19.0,"enemies":"Masked Bandits","floor":21.0,"turns":4.0},{"damage":27,"enemies":"Cultist and Chosen","floor":22,"turns":4}],"seed_played":"-8090765237747922839","potions_obtained":[{"floor":7.0,"key":"PowerPotion"},{"floor":13.0,"key":"SpeedPotion"},{"floor":14.0,"key":"AttackPotion"},{"floor":18.0,"key":"Ancient Potion"}],"is_trial":false,"path_per_floor":["M","?","$","?","?","R","E","M","T","M","R","$","M","M","R","B",null,"M","?","M","?","M"],"character_chosen":"DEFECT","items_purchased":["Ball Lightning","Loop"],"campfire_rested":1,"item_purchase_floors":[3,12],"current_hp_per_floor":[64,43,43,43,48,48,48,48,48,44,66,66,65,52,52,15,61,59,37,37,18,0],"gold":242,"neow_bonus":"THREE_ENEMY_KILL","is_prod":false,"is_daily":false,"chose_seed":false,"campfire_upgraded":2,"win_rate":0,"timestamp":1558412927,"path_taken":["M","?","$","?","?","R","E","M","T","M","R","?","?","M","R","BOSS","M","?","M","?","M"],"build_version":"2019-01-23","purchased_purges":0,"victory":false,"max_hp_per_floor":[71,71,71,71,76,76,76,76,76,76,76,76,76,76,76,76,76,76,81,81,81,81],"card_choices":[{"not_picked":["Coolheaded","BootSequence"],"picked":"Gash","floor":1.0},{"not_picked":["Sunder","Storm"],"picked":"Melter","floor":7.0},{"not_picked":["Barrage","Doom and Gloom"],"picked":"Glacier","floor":8.0},{"not_picked":["Go for the Eyes","Rebound"],"picked":"Leap+1","floor":10.0},{"not_picked":["Lockon","Aggregate+1"],"picked":"Sunder","floor":13.0},{"not_picked":["Beam Cell","BootSequence+1"],"picked":"Capacitor","floor":14.0},{"not_picked":["Core Surge","Multi-Cast+1"],"picked":"Rainbow+1","floor":16.0},{"not_picked":["Redo+1","Leap+1"],"picked":"Hologram+1","floor":18.0},{"not_picked":["Go for the Eyes","Beam Cell+1"],"picked":"Gash","floor":20.0},{"not_picked":["Force Field+1","Cold Snap"],"picked":"Rebound","floor":21.0}],"player_experience":730197,"relics_obtained":[{"floor":7.0,"key":"Centennial Puzzle"},{"floor":9.0,"key":"Toxic Egg 2"},{"floor":21.0,"key":"Red Mask"}],"event_choices":[{"damage_healed":0.0,"max_hp_gain":0.0,"max_hp_loss":0.0,"gold_gain":0.0,"event_name":"Shining Light","player_choice":"Entered Light","floor":2.0,"gold_loss":0.0,"damage_taken":21.0,"cards_upgraded":["Strike_B","Gash"]},{"damage_healed":0.0,"max_hp_gain":0.0,"max_hp_loss":0.0,"gold_gain":0.0,"event_name":"Scrap Ooze","player_choice":"Fled","floor":4.0,"gold_loss":0.0,"damage_taken":0.0},{"damage_healed":0.0,"max_hp_gain":5.0,"max_hp_loss":0.0,"gold_gain":0.0,"event_name":"Big Fish","player_choice":"Donut","floor":5.0,"gold_loss":0.0,"damage_taken":0.0},{"damage_healed":0.0,"max_hp_gain":5.0,"max_hp_loss":0.0,"gold_gain":0.0,"event_name":"Forgotten Altar","player_choice":"Shed Blood","floor":19.0,"gold_loss":0.0,"damage_taken":27.0},{"damage_healed":0.0,"max_hp_gain":0.0,"max_hp_loss":0.0,"gold_gain":0.0,"event_name":"Masked Bandits","player_choice":"Fought Bandits","floor":21.0,"gold_loss":0.0,"damage_taken":0.0}],"is_beta":false,"boss_relics":[{"not_picked":["Velvet Choker","Tiny House"],"picked":"Cursed Key"}],"items_purged_floors":[],"is_endless":false,"potions_floor_spawned":[7,13,14,18],"killed_by":"Cultist and Chosen","ascension_level":18}