{"gold_per_floor":[109,69,79,2,32,32,42,42,67,32,107,282,282,315,315,413,413,431,465,465,465,465],"floor_reached":22,"playtime":707,"items_purged":[],"score":264,"play_id":"72be0760-b66b-47c1-b4e4-be104995ceac","local_time":"20190126001140","is_ascension_mode":true,"campfire_choices":[{"data":"Zap","floor":6,"key":"SMITH"},{"floor":13,"key":"REST"},{"floor":15,"key":"REST"}],"neow_cost":"CURSE","seed_source_timestamp":718095612150569,"circlet_count":0,"master_deck":["Strike_B+1","Strike_B+1","Strike_B+1","Strike_B+1","Defend_B+1","Defend_B+1","Defend_B+1","Defend_B+1","Zap+1","Dualcast","Writhe","Coolheaded","Melter+1","Self Repair","Ball Lightning+1","Static Discharge","Doubt","Redo","Buffer","Loop","Go for the Eyes","Flash of Steel"],"relics":["Cracked Core","Du-Vu Doll","Tiny Chest","Shovel","Whetstone","War Paint","White Beast Statue","Red Mask"],"potions_floor_usage":[7,14,14,16,16,19],"damage_taken":[{"damage":3,"enemies":"2 Louse","floor":1,"turns":2},{"damage":0,"enemies":"Cultist","floor":3,"turns":4},{"damage":7,"enemies":"Jaw Worm","floor":7,"turns":2},{"damage":0,"enemies":"Gremlin Nob","floor":14,"turns":3},{"damage":38,"enemies":"The Guardian","floor":16,"turns":9},{"damage":26,"enemies":"Shell Parasite","floor":18,"turns":5},{"damage":38,"enemies":"Masked Bandits","floor":19,"turns":4},{"damage":12,"enemies":"Spheric Guardian","floor":22,"turns":3}],"seed_played":"-2269328870688869376","potions_obtained":[{"floor":2,"key":"Dexterity Potion"},{"floor":2,"key":"AttackPotion"},{"floor":2,"key":"SkillPotion"},{"floor":7,"key":"SpeedPotion"},{"floor":14,"key":"Block Potion"},{"floor":18,"key":"EssenceOfSteel"},{"floor":19,"key":"Explosive Potion"}],"is_trial":false,"path_per_floor":["M","?","M","$","?","R","M","T","T","$","?","?","R","E","R","B",null,"M","?","?","?","M"],"character_chosen":"DEFECT","items_purchased":["Self Repair","Static Discharge"],"campfire_rested":2,"item_purchase_floors":[4,10],"current_hp_per_floor":[65,65,65,65,47,47,40,40,40,40,29,29,51,58,75,44,67,48,10,10,10,0],"gold":465,"neow_bonus":"ONE_RARE_RELIC","is_prod":false,"is_daily":false,"chose_seed":false,"campfire_upgraded":1,"win_rate":0,"timestamp":1548479500,"path_taken":["M","?","?","$","?","R","M","?","T","$","?","?","R","E","R","BOSS","M","?","?","?","?"],"build_version":"2019-01-23","purchased_purges":0,"victory":false,"max_hp_per_floor":[75,75,75,75,75,75,75,75,75,75,75,75,75,75,75,75,75,75,75,75,75,75],"card_choices":[{"not_picked":["Conserve Battery","Cold Snap"],"picked":"Coolheaded","floor":1},{"not_picked":["Conserve Battery","Hologram"],"picked":"Melter","floor":3},{"not_picked":["Hologram","Lockon"],"picked":"Ball Lightning","floor":7},{"not_picked":["Go for the Eyes","Hologram"],"picked":"Redo","floor":14},{"not_picked":["Machine Learning","Multi-Cast"],"picked":"Buffer","floor":16},{"not_picked":["Barrage","Gash"],"picked":"Loop","floor":18},{"not_picked":["Streamline+1","Sweeping Beam"],"picked":"Go for the Eyes","floor":19}],"player_experience":488426,"relics_obtained":[{"floor":8,"key":"Shovel"},{"floor":9,"key":"Whetstone"},{"floor":14,"key":"War Paint"},{"floor":19,"key":"Red Mask"}],"event_choices":[{"damage_healed":0,"gold_gain":0,"player_choice":"Bought 3 Potions","damage_taken":0,"max_hp_gain":0,"max_hp_loss":0,"event_name":"The Woman in Blue","floor":2,"gold_loss":0},{"damage_healed":0,"gold_gain":0,"player_choice":"Success","damage_taken":18,"relics_obtained":["Tiny Chest"],"max_hp_gain":0,"max_hp_loss":0,"event_name":"Scrap Ooze","floor":5,"gold_loss":0},{"damage_healed":0,"gold_gain":75,"player_choice":"Gather Gold","damage_taken":11,"max_hp_gain":0,"max_hp_loss":0,"event_name":"World of Goop","floor":11,"gold_loss":0},{"damage_healed":0,"gold_gain":175,"player_choice":"AGREE","damage_taken":0,"max_hp_gain":0,"max_hp_loss":0,"event_name":"Liars Game","floor":12,"gold_loss":0,"cards_obtained":["Doubt"]},{"damage_healed":0,"gold_gain":0,"player_choice":"Fought Bandits","damage_taken":0,"max_hp_gain":0,"max_hp_loss":0,"event_name":"Masked Bandits","floor":19,"gold_loss":0},{"damage_healed":0,"gold_gain":0,"player_choice":"Simplicity","damage_taken":0,"max_hp_gain":0,"max_hp_loss":0,"event_name":"Back to Basics","floor":20,"gold_loss":0,"cards_upgraded":["Strike_B","Strike_B","Strike_B","Strike_B","Defend_B","Defend_B"]},{"damage_healed":0,"gold_gain":0,"player_choice":"1 cards matched","damage_taken":0,"max_hp_gain":0,"max_hp_loss":0,"event_name":"Match and Keep!","floor":21,"gold_loss":0,"cards_obtained":["Flash of Steel"]}],"is_beta":false,"boss_relics":[{"not_picked":["Velvet Choker","Cursed Key"],"picked":"White Beast Statue"}],"items_purged_floors":[],"is_endless":false,"potions_floor_spawned":[7,14,18,19],"killed_by":"Spheric Guardian","ascension_level":6}