{"gold_per_floor":[116,116,129,54,67,101,101,101,178,209,209,220,220,231,231,332,332,345,181,181,192,212,212,231,231,282,282,24,40,40,54,54,152,152,171,184,150,150],"floor_reached":38,"playtime":2386,"items_purged":["Strike_G"],"score":483,"play_id":"66aa5c81-2048-4a4a-b254-c22e2c88131f","local_time":"20190217150401","is_ascension_mode":true,"campfire_choices":[{"data":"Unload","floor":7.0,"key":"SMITH"},{"floor":11.0,"key":"REST"},{"floor":13.0,"key":"REST"},{"data":"Catalyst","floor":15.0,"key":"SMITH"},{"floor":23.0,"key":"REST"},{"data":"Apotheosis","floor":25.0,"key":"SMITH"},{"floor":27.0,"key":"REST"},{"data":"A Thousand Cuts","floor":32,"key":"SMITH"}],"neow_cost":"NONE","seed_source_timestamp":0,"circlet_count":0,"master_deck":["Survivor+1","Neutralize","Dagger Throw","Unload+1","Deflect","Catalyst+1","Poisoned Stab","Prepared","Die Die Die","Concentrate","Quick Slash","Concentrate","Grand Finale","A Thousand Cuts+1","Reflex","Dagger Throw","Outmaneuver+1","Apotheosis+1","Acrobatics","Deadly Poison","HandOfGreed","Catalyst","Footwork","Tactician","Burst","Backstab+1","Backstab+1","Well Laid Plans"],"special_seed":0,"relics":["Ring of the Snake","War Paint","Mummified Hand","Tingsha","Pandora\u0027s Box","Boot","Philosopher\u0027s Stone"],"potions_floor_usage":[33,33,38],"damage_taken":[{"damage":0.0,"enemies":"2 Louse","floor":1.0,"turns":3.0},{"damage":0.0,"enemies":"Small Slimes","floor":3.0,"turns":2.0},{"damage":0.0,"enemies":"Cultist","floor":5.0,"turns":4.0},{"damage":29.0,"enemies":"Gremlin Nob","floor":6.0,"turns":5.0},{"damage":34.0,"enemies":"Lagavulin","floor":10.0,"turns":8.0},{"damage":2.0,"enemies":"2 Fungi Beasts","floor":12.0,"turns":2.0},{"damage":5.0,"enemies":"Blue Slaver","floor":14.0,"turns":3.0},{"damage":18.0,"enemies":"The Guardian","floor":16.0,"turns":10.0},{"damage":27.0,"enemies":"3 Byrds","floor":18.0,"turns":3.0},{"damage":19.0,"enemies":"2 Thieves","floor":21.0,"turns":3.0},{"damage":26.0,"enemies":"Centurion and Healer","floor":22.0,"turns":5.0},{"damage":4.0,"enemies":"Sentry and Sphere","floor":24.0,"turns":3.0},{"damage":0.0,"enemies":"Snecko","floor":29.0,"turns":2.0},{"damage":7.0,"enemies":"Snake Plant","floor":31.0,"turns":3.0},{"damage":7,"enemies":"Collector","floor":33,"turns":5},{"damage":51,"enemies":"3 Darklings","floor":35,"turns":5},{"damage":19,"enemies":"Orb Walker","floor":36,"turns":3},{"damage":10,"enemies":"Spire Growth","floor":38,"turns":2}],"seed_played":"5822937847167926891","potions_obtained":[{"floor":3.0,"key":"AttackPotion"},{"floor":5.0,"key":"Strength Potion"},{"floor":12.0,"key":"Dexterity Potion"},{"floor":14.0,"key":"Explosive Potion"},{"floor":24.0,"key":"GhostInAJar"},{"floor":29.0,"key":"LiquidBronze"},{"floor":31.0,"key":"AttackPotion"}],"is_trial":false,"path_per_floor":["M","?","M","$","M","E","R","?","T","E","R","M","R","M","R","B",null,"M","$","?","M","M","R","M","R","T","R","$","M","?","M","R","B",null,"M","M","$","M"],"character_chosen":"THE_SILENT","items_purchased":["Apotheosis","HandOfGreed","Catalyst","Well Laid Plans"],"campfire_rested":4,"item_purchase_floors":[19,28,28,37],"current_hp_per_floor":[77,77,77,77,77,48,48,41,41,7,30,28,51,46,46,28,65,38,38,77,58,32,55,51,51,51,74,74,74,74,67,67,60,73,22,3,3,0],"gold":150,"neow_bonus":"TEN_PERCENT_HP_BONUS","is_prod":false,"is_daily":false,"chose_seed":false,"campfire_upgraded":4,"win_rate":0,"timestamp":1550433841,"path_taken":["M","?","M","$","M","E","R","?","T","E","R","M","R","M","R","BOSS","M","$","?","M","M","R","?","R","T","R","$","M","?","M","R","BOSS","M","M","$","M"],"build_version":"2019-01-23","purchased_purges":1,"victory":false,"max_hp_per_floor":[77,77,77,77,77,77,77,77,77,77,77,77,77,77,77,77,77,77,77,77,77,77,77,77,77,77,77,77,77,77,77,77,77,77,77,77,77,77],"card_choices":[{"not_picked":["Reflex","Outmaneuver"],"picked":"Dagger Throw","floor":1.0},{"not_picked":["Eviscerate","Expertise"],"picked":"Deflect","floor":3.0},{"not_picked":["Blade Dance","Flying Knee","Calculated Gamble"],"picked":"SKIP","floor":5.0},{"not_picked":["Setup","Dagger Throw"],"picked":"Catalyst","floor":6.0},{"not_picked":["Underhanded Strike","Concentrate"],"picked":"Poisoned Stab","floor":10.0},{"not_picked":["Outmaneuver","Blade Dance"],"picked":"Prepared","floor":12.0},{"not_picked":["Accuracy","Outmaneuver","Expertise"],"picked":"SKIP","floor":14.0},{"not_picked":["Night Terror","Storm of Steel"],"picked":"Die Die Die","floor":16.0},{"not_picked":["Blade Dance","Flying Knee"],"picked":"Outmaneuver+1","floor":18.0},{"not_picked":["Heel Hook","Flying Knee+1"],"picked":"Acrobatics","floor":21.0},{"not_picked":["Flying Knee","Poisoned Stab"],"picked":"Deadly Poison","floor":22.0},{"not_picked":["Dagger Spray","Accuracy","Prepared"],"picked":"SKIP","floor":24.0},{"not_picked":["All Out Attack","Flying Knee"],"picked":"Footwork","floor":29.0},{"not_picked":["Blur+1","Reflex"],"picked":"Tactician","floor":31.0},{"not_picked":["Storm of Steel","Grand Finale"],"picked":"Burst","floor":33},{"not_picked":["Noxious Fumes","Leg Sweep"],"picked":"Backstab+1","floor":35},{"not_picked":["Predator+1","Blade Dance+1"],"picked":"Backstab+1","floor":36}],"player_experience":2153496,"relics_obtained":[{"floor":6.0,"key":"War Paint"},{"floor":9.0,"key":"Mummified Hand"},{"floor":10.0,"key":"Tingsha"},{"floor":26.0,"key":"Boot"}],"event_choices":[{"damage_healed":0.0,"max_hp_gain":0.0,"max_hp_loss":0.0,"gold_gain":0.0,"cards_transformed":["Strike_G"],"event_name":"Living Wall","player_choice":"Change","floor":2.0,"gold_loss":0.0,"damage_taken":0.0,"cards_obtained":["Unload"]},{"cards_removed":["Defend_G"],"damage_healed":0.0,"max_hp_gain":0.0,"max_hp_loss":0.0,"gold_gain":0.0,"event_name":"Golden Wing","player_choice":"Card Removal","floor":8.0,"gold_loss":0.0,"damage_taken":7.0},{"damage_healed":39.0,"max_hp_gain":0.0,"max_hp_loss":0.0,"gold_gain":0.0,"event_name":"Wheel of Change","player_choice":"Full Heal","floor":20.0,"gold_loss":0.0,"damage_taken":0.0},{"damage_healed":0.0,"max_hp_gain":0.0,"max_hp_loss":0.0,"gold_gain":0.0,"event_name":"Ghosts","player_choice":"Ignored","floor":30.0,"gold_loss":0.0,"damage_taken":0.0}],"is_beta":false,"boss_relics":[{"not_picked":["Coffee Dripper","Runic Dome"],"picked":"Pandora\u0027s Box"},{"not_picked":["Snecko Eye","WristBlade"],"picked":"Philosopher\u0027s Stone"}],"items_purged_floors":[4],"is_endless":false,"potions_floor_spawned":[3,5,12,14,24,29,31],"killed_by":"Spire Growth","ascension_level":5}