{"gold_per_floor":[119,119,134,154,165,165,183,211,291,291,304,304,315,335,335,335],"floor_reached":16,"playtime":1065,"items_purged":[],"score":223,"play_id":"483c8424-03a9-44dd-8814-a8dbb5fe282d","local_time":"20190418223640","is_ascension_mode":true,"campfire_choices":[{"data":"Buffer","floor":6,"key":"SMITH"},{"floor":10,"key":"REST"},{"floor":12,"key":"REST"},{"data":"Storm","floor":15,"key":"SMITH"}],"neow_cost":"PERCENT_DAMAGE","seed_source_timestamp":149011441415000,"circlet_count":0,"master_deck":["AscendersBane","Strike_B","Defend_B","Defend_B","Defend_B","Defend_B","Zap","Dualcast","Conserve Battery","Stack","Buffer+1","Sweeping Beam","Defragment","Storm+1","Ball Lightning","Meteor Strike"],"relics":["Cracked Core","The Courier","Shuriken"],"potions_floor_usage":[4,7,8,8,16,16],"damage_taken":[{"damage":0,"enemies":"2 Louse","floor":1,"turns":3},{"damage":7,"enemies":"Jaw Worm","floor":3,"turns":5},{"damage":8,"enemies":"Small Slimes","floor":4,"turns":5},{"damage":15,"enemies":"3 Louse","floor":5,"turns":4},{"damage":8,"enemies":"Gremlin Gang","floor":7,"turns":4},{"damage":0,"enemies":"Gremlin Nob","floor":8,"turns":4},{"damage":7,"enemies":"2 Fungi Beasts","floor":11,"turns":4},{"damage":0,"enemies":"Large Slime","floor":13,"turns":5},{"damage":4,"enemies":"Blue Slaver","floor":14,"turns":3},{"damage":42,"enemies":"Hexaghost","floor":16,"turns":9}],"seed_played":"-3441924297848528217","potions_obtained":[{"floor":3,"key":"EntropicBrew"},{"floor":7,"key":"Poison Potion"},{"floor":8,"key":"PowerPotion"},{"floor":13,"key":"Explosive Potion"},{"floor":14,"key":"SkillPotion"}],"is_trial":false,"path_per_floor":["M","?","M","M","M","R","M","E","T","R","M","R","M","M","R","B"],"character_chosen":"DEFECT","items_purchased":[],"campfire_rested":2,"item_purchase_floors":[],"current_hp_per_floor":[46,46,39,31,16,16,8,8,8,29,22,43,43,39,39,0],"gold":335,"neow_bonus":"REMOVE_TWO","is_prod":false,"is_daily":false,"chose_seed":false,"campfire_upgraded":2,"win_rate":0,"timestamp":1555641400,"path_taken":["M","?","M","M","M","R","M","E","T","R","M","R","M","M","R","BOSS"],"build_version":"2019-01-23","purchased_purges":0,"victory":false,"max_hp_per_floor":[71,71,71,71,71,71,71,71,71,71,71,71,71,71,71,71],"card_choices":[{"not_picked":["Compile Driver","Streamline"],"picked":"Conserve Battery","floor":1},{"not_picked":["Beam Cell","Melter"],"picked":"Buffer","floor":3},{"not_picked":["Undo","Go for the Eyes"],"picked":"Sweeping Beam","floor":4},{"not_picked":["Heatsinks","Barrage"],"picked":"Defragment","floor":5},{"not_picked":["Gash","Reprogram"],"picked":"Storm","floor":7},{"not_picked":["Gash","Stack","Aggregate"],"picked":"SKIP","floor":8},{"not_picked":["Barrage","Compile Driver","Go for the Eyes"],"picked":"SKIP","floor":11},{"not_picked":["Rebound","Stack"],"picked":"Ball Lightning","floor":13},{"not_picked":["Sweeping Beam","Streamline"],"picked":"Meteor Strike","floor":14}],"player_experience":2773030,"relics_obtained":[{"floor":8,"key":"The Courier"},{"floor":9,"key":"Shuriken"}],"event_choices":[{"damage_healed":0,"gold_gain":0,"cards_transformed":["Strike_B"],"player_choice":"Change","damage_taken":0,"max_hp_gain":0,"max_hp_loss":0,"event_name":"Living Wall","floor":2,"gold_loss":0,"cards_obtained":["Stack"]}],"is_beta":false,"boss_relics":[],"items_purged_floors":[],"is_endless":false,"potions_floor_spawned":[3,7,8,13,14],"killed_by":"Hexaghost","ascension_level":14}