{"gold_per_floor":[109,109,120,120,120,120,161,186,212,236,236,250,28,28,28,118,118,141,56,61,61,61,61,104,0,81,30,30,30,30],"floor_reached":30,"playtime":1088,"items_purged":["Defend_R"],"score":563,"play_id":"2979e0b6-4203-4ada-bbe3-827bc547973a","local_time":"20190513102205","is_ascension_mode":true,"campfire_choices":[{"data":"Rampage","floor":6.0,"key":"SMITH"},{"data":"Rage","floor":11.0,"key":"SMITH"},{"data":"Shrug It Off","floor":15.0,"key":"SMITH"},{"data":"Dual Wield","floor":23.0,"key":"SMITH"},{"floor":29.0,"key":"REST"}],"neow_cost":"NONE","seed_source_timestamp":1525677488755727,"circlet_count":0,"master_deck":["AscendersBane","Strike_R+1","Strike_R+1","Strike_R","Strike_R","Defend_R","Defend_R","Bash+1","Shrug It Off+1","Rampage+1","Rage+1","Shrug It Off","Dual Wield+1","Shrug It Off+1","Flash of Steel","Whirlwind","Demon Form","Body Slam+1","Iron Wave+1","Ghostly","Ghostly","Ghostly","Inflame","Shrug It Off","Shrug It Off"],"special_seed":0,"relics":["Burning Blood","NeowsBlessing","Bloody Idol","Omamori","Whetstone","Lizard Tail","Mummified Hand","Bottled Lightning","Blue Candle"],"potions_floor_usage":[30,30],"damage_taken":[{"damage":0.0,"enemies":"2 Louse","floor":1.0,"turns":1.0},{"damage":0.0,"enemies":"Jaw Worm","floor":3.0,"turns":1.0},{"damage":0.0,"enemies":"3 Sentries","floor":7.0,"turns":1.0},{"damage":0.0,"enemies":"Small Slimes","floor":8.0,"turns":2.0},{"damage":0.0,"enemies":"Looter","floor":10.0,"turns":4.0},{"damage":7.0,"enemies":"2 Fungi Beasts","floor":12.0,"turns":3.0},{"damage":29.0,"enemies":"Slime Boss","floor":16.0,"turns":10.0},{"damage":10.0,"enemies":"Spheric Guardian","floor":18.0,"turns":6.0},{"damage":13.0,"enemies":"2 Thieves","floor":20.0,"turns":4.0},{"damage":25.0,"enemies":"Slavers","floor":24.0,"turns":7.0},{"damage":53,"enemies":"Gremlin Leader","floor":30,"turns":6}],"seed_played":"7137400944569113665","potions_obtained":[{"floor":1.0,"key":"Dexterity Potion"},{"floor":7.0,"key":"Explosive Potion"},{"floor":12.0,"key":"SteroidPotion"},{"floor":24.0,"key":"EssenceOfSteel"}],"is_trial":false,"path_per_floor":["M","?","M","?","?","R","E","M","T","M","R","M","$","?","R","B",null,"M","?","M","?","?","R","E","?","T","$","?","R","E"],"character_chosen":"IRONCLAD","items_purchased":["Flash of Steel","Whirlwind","Shrug It Off"],"campfire_rested":1,"item_purchase_floors":[13,13,27],"current_hp_per_floor":[74,74,75,49,49,49,55,61,61,67,67,66,66,43,43,20,61,57,57,50,37,37,37,18,18,18,18,18,29,0],"gold":30,"neow_bonus":"THREE_ENEMY_KILL","is_prod":false,"is_daily":false,"chose_seed":false,"campfire_upgraded":4,"win_rate":0,"timestamp":1557751925,"path_taken":["M","?","M","?","?","R","E","?","T","M","R","M","$","?","R","BOSS","M","?","M","?","?","R","E","?","T","$","?","R","E"],"build_version":"2019-01-23","purchased_purges":1,"victory":false,"max_hp_per_floor":[75,75,75,75,75,75,75,75,75,75,75,75,75,75,75,75,75,75,75,75,37,37,37,37,37,37,37,37,37,37],"card_choices":[{"not_picked":["Perfected Strike","Sword Boomerang"],"picked":"Shrug It Off","floor":1.0},{"not_picked":["Clothesline","Hemokinesis"],"picked":"Rampage","floor":3.0},{"not_picked":["Pommel Strike","Iron Wave"],"picked":"Rage","floor":7.0},{"not_picked":["Flex","Uppercut"],"picked":"Shrug It Off","floor":8.0},{"not_picked":["Sword Boomerang","Shrug It Off"],"picked":"Dual Wield","floor":10.0},{"not_picked":["Dual Wield","Headbutt"],"picked":"Shrug It Off","floor":12.0},{"not_picked":["Impervious","Bludgeon"],"picked":"Demon Form","floor":16.0},{"not_picked":["Armaments","Wild Strike"],"picked":"Body Slam+1","floor":18.0},{"not_picked":["Second Wind","Anger"],"picked":"Iron Wave+1","floor":20.0},{"not_picked":["Rage","Headbutt"],"picked":"Shrug It Off","floor":24.0}],"player_experience":1200260,"relics_obtained":[{"floor":7.0,"key":"Omamori"},{"floor":9.0,"key":"Whetstone"},{"floor":24.0,"key":"Bottled Lightning"},{"floor":26.0,"key":"Blue Candle"}],"event_choices":[{"cards_removed":["Defend_R"],"damage_healed":0.0,"max_hp_gain":0.0,"max_hp_loss":0.0,"gold_gain":0.0,"event_name":"Living Wall","player_choice":"Forget","floor":2.0,"gold_loss":0.0,"damage_taken":0.0},{"damage_healed":0.0,"max_hp_gain":0.0,"max_hp_loss":0.0,"gold_gain":0.0,"event_name":"Golden Idol","player_choice":"Take Damage","floor":4.0,"gold_loss":0.0,"damage_taken":26.0,"relics_obtained":["Golden Idol"]},{"cards_removed":["Strike_R"],"damage_healed":0.0,"max_hp_gain":0.0,"max_hp_loss":0.0,"gold_gain":0.0,"event_name":"Purifier","player_choice":"Purged","floor":5.0,"gold_loss":0.0,"damage_taken":0.0},{"damage_healed":0.0,"max_hp_gain":0.0,"max_hp_loss":0.0,"gold_gain":0.0,"event_name":"Shining Light","player_choice":"Entered Light","floor":14.0,"gold_loss":0.0,"damage_taken":23.0,"cards_upgraded":["Shrug It Off","Bash"]},{"damage_healed":0.0,"max_hp_gain":0.0,"max_hp_loss":0.0,"gold_gain":0.0,"event_name":"Addict","player_choice":"Obtained Relic","floor":19.0,"gold_loss":85.0,"damage_taken":0.0,"relics_obtained":["Mummified Hand"]},{"damage_healed":0.0,"max_hp_gain":0.0,"max_hp_loss":38.0,"gold_gain":0.0,"event_name":"Ghosts","player_choice":"Became a Ghost","floor":21.0,"gold_loss":0.0,"damage_taken":0.0,"cards_obtained":["Ghostly","Ghostly","Ghostly"]},{"damage_healed":0.0,"max_hp_gain":0.0,"max_hp_loss":0.0,"gold_gain":0.0,"event_name":"The Library","player_choice":"Read","floor":22.0,"gold_loss":0.0,"damage_taken":0.0,"cards_obtained":["Inflame"]},{"damage_healed":0.0,"max_hp_gain":0.0,"max_hp_loss":0.0,"gold_gain":0.0,"event_name":"Masked Bandits","player_choice":"Paid Fearfully","floor":25.0,"gold_loss":104.0,"damage_taken":0.0},{"damage_healed":0.0,"max_hp_gain":0.0,"max_hp_loss":0.0,"gold_gain":0.0,"event_name":"Forgotten Altar","player_choice":"Gave Idol","floor":28.0,"relics_lost":["Golden Idol"],"gold_loss":0.0,"damage_taken":0.0,"relics_obtained":["Bloody Idol"]}],"is_beta":false,"boss_relics":[{"not_picked":["Runic Pyramid","Pandora\u0027s Box"],"picked":"Lizard Tail"}],"items_purged_floors":[13],"is_endless":false,"potions_floor_spawned":[1,7,12,24],"killed_by":"Gremlin Leader","ascension_level":20}