{"gold_per_floor":[365,325,19,29,29,29,59,59,59,84,101,101,113,113,113,234,234,247,247],"floor_reached":19,"playtime":1990,"items_purged":[],"score":263,"play_id":"fe12219b-4893-4118-88eb-d692c83b046e","local_time":"20181106215406","is_ascension_mode":true,"campfire_choices":[{"data":"Neutralize","floor":6.0,"key":"SMITH"},{"data":"Blade Dance","floor":8.0,"key":"SMITH"},{"floor":15.0,"key":"REST"}],"neow_cost":"PERCENT_DAMAGE","seed_source_timestamp":478835493676059,"circlet_count":0,"master_deck":["AscendersBane","Defend_G","Defend_G","Defend_G","Defend_G","Defend_G","Strike_G","Strike_G","Strike_G","Strike_G","Strike_G","Survivor","Neutralize+1","PiercingWail","Panache","Blade Dance+1","After Image","Choke","Night Terror","Infinite Blades+1"],"special_seed":0,"relics":["Ring of the Snake","Membership Card","Lantern","Blue Candle","Bottled Lightning","Golden Idol","Philosopher\u0027s Stone"],"potions_floor_usage":[19],"damage_taken":[{"damage":1.0,"enemies":"Small Slimes","floor":1.0,"turns":4.0},{"damage":0.0,"enemies":"Cultist","floor":4.0,"turns":5.0},{"damage":34.0,"enemies":"3 Sentries","floor":7.0,"turns":18.0},{"damage":20.0,"enemies":"Lagavulin","floor":10.0,"turns":7.0},{"damage":0.0,"enemies":"2 Louse","floor":11.0,"turns":4.0},{"damage":0.0,"enemies":"Lots of Slimes","floor":13.0,"turns":2.0},{"damage":21.0,"enemies":"Slime Boss","floor":16.0,"turns":13.0},{"damage":12.0,"enemies":"Spheric Guardian","floor":18.0,"turns":4.0},{"damage":47,"enemies":"Masked Bandits","floor":19,"turns":3}],"seed_played":"3642900974336690594","potions_obtained":[{"floor":2.0,"key":"SteroidPotion"},{"floor":2.0,"key":"Weak Potion"},{"floor":2.0,"key":"SneckoOil"},{"floor":4.0,"key":"Poison Potion"},{"floor":7.0,"key":"SkillPotion"},{"floor":11.0,"key":"PowerPotion"},{"floor":18.0,"key":"Dexterity Potion"}],"is_trial":false,"path_per_floor":["M","?","$","M","?","R","E","R","T","E","M","?","M","?","R","B",null,"M","?"],"character_chosen":"THE_SILENT","items_purchased":["Membership Card","Panache"],"campfire_rested":1,"item_purchase_floors":[3,3],"current_hp_per_floor":[44,44,44,44,67,67,33,33,33,13,13,13,13,13,32,11,52,40,0],"gold":247,"neow_bonus":"TWO_FIFTY_GOLD","is_prod":false,"is_daily":false,"chose_seed":false,"campfire_upgraded":2,"win_rate":0,"timestamp":1541570046,"path_taken":["M","?","?","?","?","R","E","R","T","E","M","?","M","?","R","BOSS","M","?"],"build_version":"2018-11-01","purchased_purges":0,"victory":false,"max_hp_per_floor":[70,70,70,70,70,70,70,70,70,70,70,70,70,65,65,65,65,65,65],"card_choices":[{"not_picked":["Acrobatics","Sucker Punch"],"picked":"PiercingWail","floor":1.0},{"not_picked":["Sucker Punch","Prepared","Quick Slash"],"picked":"SKIP","floor":4.0},{"not_picked":["Concentrate","Flechettes"],"picked":"Blade Dance","floor":7.0},{"not_picked":["Dagger Spray","PiercingWail"],"picked":"After Image","floor":10.0},{"not_picked":["Poisoned Stab","Backstab","Dagger Spray"],"picked":"SKIP","floor":11.0},{"not_picked":["Catalyst","Slice"],"picked":"Choke","floor":13.0},{"not_picked":["Phantasmal Killer","Malaise"],"picked":"Night Terror","floor":16.0},{"not_picked":["Leg Sweep","Noxious Fumes+1"],"picked":"Infinite Blades+1","floor":18.0}],"player_experience":553342,"relics_obtained":[{"floor":7.0,"key":"Lantern"},{"floor":9.0,"key":"Blue Candle"},{"floor":10.0,"key":"Bottled Lightning"}],"event_choices":[{"damage_healed":0.0,"max_hp_gain":0.0,"max_hp_loss":0.0,"gold_gain":0.0,"event_name":"The Woman in Blue","player_choice":"Bought 3 Potions","floor":2.0,"gold_loss":0.0,"damage_taken":0.0},{"damage_healed":23.0,"max_hp_gain":0.0,"max_hp_loss":0.0,"gold_gain":0.0,"event_name":"Big Fish","player_choice":"Banana","floor":5.0,"gold_loss":0.0,"damage_taken":0.0},{"damage_healed":0.0,"max_hp_gain":0.0,"max_hp_loss":0.0,"gold_gain":0.0,"event_name":"Golden Wing","player_choice":"Ignored","floor":12.0,"gold_loss":0.0,"damage_taken":0.0},{"damage_healed":0.0,"max_hp_gain":0.0,"max_hp_loss":5.0,"gold_gain":0.0,"event_name":"Golden Idol","player_choice":"Lose Max HP","floor":14.0,"gold_loss":0.0,"damage_taken":0.0,"relics_obtained":["Golden Idol"]},{"damage_healed":0,"gold_gain":0,"player_choice":"Fought Bandits","damage_taken":0,"max_hp_gain":0,"max_hp_loss":0,"event_name":"Masked Bandits","floor":19,"gold_loss":0}],"is_beta":false,"boss_relics":[{"not_picked":["HoveringKite","Velvet Choker"],"picked":"Philosopher\u0027s Stone"}],"items_purged_floors":[],"is_endless":false,"potions_floor_spawned":[4,7,11,18],"killed_by":"Masked Bandits","ascension_level":10}