{"gold_per_floor":[15,15,42,61,136,136,136,180,180,13,13],"floor_reached":11,"playtime":773,"items_purged":["Strike_G"],"score":110,"play_id":"3fe61db4-b3e0-4fc3-9b49-669731b18ccb","local_time":"20190518144006","is_ascension_mode":true,"campfire_choices":[{"data":"Neutralize","floor":6.0,"key":"SMITH"}],"neow_cost":"NO_GOLD","seed_source_timestamp":2223178102594616,"circlet_count":0,"master_deck":["AscendersBane","Defend_G","Defend_G","Defend_G","Defend_G","Strike_G","Strike_G","Strike_G","Strike_G","Survivor","Neutralize+1","Leg Sweep","Dagger Spray","Crippling Poison","Footwork","Dodge and Roll"],"special_seed":0,"relics":["Ring of the Snake","Torii","Blood Vial","Golden Idol","Singing Bowl","Ornamental Fan"],"potions_floor_usage":[],"damage_taken":[{"damage":7.0,"enemies":"Jaw Worm","floor":1.0,"turns":6.0},{"damage":2.0,"enemies":"Small Slimes","floor":4.0,"turns":6.0},{"damage":17.0,"enemies":"Gremlin Nob","floor":8.0,"turns":6.0},{"damage":16,"enemies":"3 Sentries","floor":11,"turns":13}],"seed_played":"-2375095746442185975","potions_obtained":[{"floor":4.0,"key":"Block Potion"},{"floor":8.0,"key":"Ancient Potion"}],"is_trial":false,"path_per_floor":["M","?","T","M","?","R","?","E","T","$","E"],"character_chosen":"THE_SILENT","items_purchased":["Footwork","Dodge and Roll"],"campfire_rested":0,"item_purchase_floors":[10,10],"current_hp_per_floor":[56,56,56,56,45,45,28,13,13,13,0],"gold":13,"neow_bonus":"ONE_RARE_RELIC","is_prod":false,"is_daily":false,"chose_seed":false,"campfire_upgraded":1,"win_rate":0,"timestamp":1558215606,"path_taken":["M","?","?","M","?","R","?","E","T","?","E"],"build_version":"2019-01-23","purchased_purges":1,"victory":false,"max_hp_per_floor":[70,70,70,70,70,70,70,70,70,70,70],"card_choices":[{"not_picked":["Sucker Punch","Eviscerate"],"picked":"Leg Sweep","floor":1.0},{"not_picked":["Dodge and Roll","PiercingWail"],"picked":"Dagger Spray","floor":4.0},{"not_picked":["Riddle With Holes","Tactician"],"picked":"Crippling Poison","floor":8.0}],"player_experience":666781,"relics_obtained":[{"floor":3.0,"key":"Blood Vial"},{"floor":8.0,"key":"Singing Bowl"},{"floor":9.0,"key":"Ornamental Fan"}],"event_choices":[{"cards_removed":["Defend_G"],"damage_healed":0.0,"max_hp_gain":0.0,"max_hp_loss":0.0,"gold_gain":0.0,"event_name":"Living Wall","player_choice":"Forget","floor":2.0,"gold_loss":0.0,"damage_taken":0.0},{"damage_healed":0.0,"max_hp_gain":0.0,"max_hp_loss":0.0,"gold_gain":75.0,"event_name":"World of Goop","player_choice":"Gather Gold","floor":5.0,"gold_loss":0.0,"damage_taken":11.0},{"damage_healed":0.0,"max_hp_gain":0.0,"max_hp_loss":0.0,"gold_gain":0.0,"event_name":"Golden Idol","player_choice":"Take Damage","floor":7.0,"gold_loss":0.0,"damage_taken":17.0,"relics_obtained":["Golden Idol"]}],"is_beta":false,"boss_relics":[],"items_purged_floors":[10],"is_endless":false,"potions_floor_spawned":[4,8],"killed_by":"3 Sentries","ascension_level":12}