{"gold_per_floor":[118,118,118,118,139,139,64,64,64,87,262,280,295,52,52,182,182,206,131,92,92,92,92,115,130,130,130,130,130,130,165,165,293,293,313,1312,1336,1336,1355,1355,1355,1378,1405,1405,1430,488,488,52,52,52],"floor_reached":51,"playtime":1076,"items_purged":["Defend_R","Doubt","Normality","Normality"],"score":726,"play_id":"2e4bd3e7-7a51-4edb-a00c-1799ad38c8c7","local_time":"20190515021511","is_ascension_mode":false,"campfire_choices":[{"data":"Bash","floor":6,"key":"SMITH"},{"data":"Clash","floor":8,"key":"SMITH"},{"data":"Rage","floor":15,"key":"SMITH"},{"data":"Uppercut","floor":23,"key":"SMITH"},{"data":"Inflame","floor":27,"key":"SMITH"},{"data":"Clash","floor":30,"key":"SMITH"},{"data":"Iron Wave","floor":32,"key":"SMITH"},{"floor":40,"key":"REST"},{"floor":44,"key":"REST"},{"floor":49,"key":"REST"}],"neow_cost":"CURSE","seed_source_timestamp":10103364353022,"circlet_count":0,"master_deck":["Strike_R+1","Strike_R+1","Strike_R+1","Defend_R+1","Defend_R+1","Bash+1","Clash+1","Clash+1","Clash+1","Iron Wave+1","Rage+1","Feed","Iron Wave+1","Uppercut+1","Twin Strike+1","Inflame+1","Shockwave","Clash+1","Clash+1","Thunderclap+1","Flex","Inflame"],"relics":["Burning Blood","Mango","Golden Idol","Champion Belt","PreservedInsect","Black Star","Ginger","Orichalcum","Ancient Tea Set","Pocketwatch","Fusion Hammer","Whetstone","ClockworkSouvenir","Shuriken","Meat on the Bone","Brimstone"],"potions_floor_usage":[12,16,16,16,42,50,50],"damage_taken":[{"damage":10,"enemies":"Jaw Worm","floor":1,"turns":5},{"damage":0,"enemies":"2 Louse","floor":5,"turns":2},{"damage":0,"enemies":"Small Slimes","floor":10,"turns":2},{"damage":13,"enemies":"2 Fungi Beasts","floor":12,"turns":7},{"damage":0,"enemies":"Lots of Slimes","floor":13,"turns":3},{"damage":8,"enemies":"Hexaghost","floor":16,"turns":9},{"damage":2,"enemies":"Spheric Guardian","floor":18,"turns":3},{"damage":2,"enemies":"3 Byrds","floor":24,"turns":5},{"damage":10,"enemies":"Snake Plant","floor":25,"turns":2},{"damage":20,"enemies":"Gremlin Leader","floor":31,"turns":6},{"damage":61,"enemies":"Champ","floor":33,"turns":9},{"damage":0,"enemies":"3 Shapes","floor":35,"turns":2},{"damage":6,"enemies":"Orb Walker","floor":37,"turns":4},{"damage":42,"enemies":"Writhing Mass","floor":39,"turns":6},{"damage":10,"enemies":"Jaw Worm Horde","floor":42,"turns":3},{"damage":23,"enemies":"Transient","floor":45,"turns":5},{"damage":62,"enemies":"Donu and Deca","floor":50,"turns":7}],"seed_played":"3316227743466267610","potions_obtained":[{"floor":5,"key":"BloodPotion"},{"floor":10,"key":"Energy Potion"},{"floor":12,"key":"Block Potion"},{"floor":13,"key":"SkillPotion"},{"floor":33,"key":"Energy Potion"},{"floor":39,"key":"GamblersBrew"},{"floor":42,"key":"Energy Potion"}],"is_trial":false,"path_per_floor":["M","?","?","?","M","R","$","R","T","M","?","M","M","$","R","B",null,"M","?","$","?","$","R","M","M","T","R","?","?","R","E","R","B",null,"M","?","M","?","M","R","?","M","T","R","M","$","?","$","R","B",null],"character_chosen":"IRONCLAD","items_purchased":["PreservedInsect","Uppercut","ClockworkSouvenir","Shuriken","Meat on the Bone","Flex","Regen Potion","Brimstone","Inflame"],"campfire_rested":3,"item_purchase_floors":[14,20,46,46,46,46,46,48,48],"current_hp_per_floor":[90,90,67,48,54,54,54,54,54,60,60,62,68,68,68,66,94,94,94,94,94,94,94,97,96,96,96,96,96,96,82,82,27,100,103,103,103,103,67,97,97,93,93,103,86,86,86,86,103,62],"gold":52,"neow_bonus":"ONE_RARE_RELIC","is_prod":false,"is_daily":false,"chose_seed":false,"campfire_upgraded":7,"win_rate":0,"timestamp":1557908111,"path_taken":["M","?","?","?","M","R","$","R","T","M","?","M","M","$","R","BOSS","M","?","$","?","$","R","?","M","T","R","?","?","R","E","R","BOSS","M","?","M","?","M","R","?","?","T","R","M","$","?","$","R","BOSS"],"build_version":"2019-01-23","purchased_purges":4,"victory":true,"max_hp_per_floor":[94,94,94,94,94,94,94,94,94,94,94,94,94,94,94,94,94,94,94,94,94,94,94,97,100,100,100,100,100,100,100,100,100,100,103,103,103,103,103,103,103,103,103,103,103,103,103,103,103,103],"card_choices":[{"not_picked":["Havoc","Iron Wave"],"picked":"Clash","floor":1},{"not_picked":["Anger","True Grit"],"picked":"Clash","floor":5},{"not_picked":["Shrug It Off","Heavy Blade"],"picked":"Clash","floor":10},{"not_picked":["Iron Wave","Body Slam","Heavy Blade"],"picked":"SKIP","floor":12},{"not_picked":["Body Slam","Heavy Blade"],"picked":"Iron Wave","floor":12},{"not_picked":["True Grit","Pummel"],"picked":"Rage","floor":13},{"not_picked":["Berserk","Bludgeon"],"picked":"Feed","floor":16},{"not_picked":["Corruption","Cleave"],"picked":"Iron Wave+1","floor":18},{"not_picked":["Cleave","Clothesline"],"picked":"Twin Strike+1","floor":24},{"not_picked":["Metallicize","Heavy Blade"],"picked":"Inflame","floor":25},{"not_picked":["Reaper","Fire Breathing","Intimidate"],"picked":"SKIP","floor":31},{"not_picked":["Warcry+1","Wild Strike"],"picked":"Shockwave","floor":35},{"not_picked":["Warcry","Pommel Strike+1"],"picked":"Clash+1","floor":37},{"not_picked":["Spot Weakness","Body Slam+1"],"picked":"Clash","floor":39},{"not_picked":["Clothesline","Thunderclap+1","Bloodletting+1"],"picked":"SKIP","floor":42},{"not_picked":["Clothesline","Bloodletting+1"],"picked":"Thunderclap+1","floor":42},{"not_picked":["Shockwave","Havoc","Anger"],"picked":"SKIP","floor":45}],"player_experience":1405479,"relics_obtained":[{"floor":9,"key":"Champion Belt"},{"floor":26,"key":"Ginger"},{"floor":31,"key":"Ancient Tea Set"},{"floor":31,"key":"Pocketwatch"},{"floor":43,"key":"Whetstone"}],"event_choices":[{"cards_removed":["Pain"],"damage_healed":0,"gold_gain":0,"player_choice":"Forget","damage_taken":0,"max_hp_gain":0,"max_hp_loss":0,"event_name":"Living Wall","floor":2,"gold_loss":0},{"damage_healed":0,"gold_gain":0,"player_choice":"Take Damage","damage_taken":23,"relics_obtained":["Golden Idol"],"max_hp_gain":0,"max_hp_loss":0,"event_name":"Golden Idol","floor":3,"gold_loss":0},{"damage_healed":0,"gold_gain":0,"player_choice":"Entered Light","damage_taken":19,"max_hp_gain":0,"max_hp_loss":0,"event_name":"Shining Light","floor":4,"gold_loss":0,"cards_upgraded":["Defend_R","Defend_R"]},{"damage_healed":0,"gold_gain":175,"player_choice":"AGREE","damage_taken":0,"max_hp_gain":0,"max_hp_loss":0,"event_name":"Liars Game","floor":11,"gold_loss":0,"cards_obtained":["Doubt"]},{"cards_removed":["Strike_R"],"damage_healed":0,"gold_gain":0,"player_choice":"Gave Gold","damage_taken":0,"max_hp_gain":0,"max_hp_loss":0,"event_name":"Beggar","floor":19,"gold_loss":75},{"cards_removed":["Defend_R"],"damage_healed":0,"gold_gain":0,"player_choice":"Purged","damage_taken":0,"max_hp_gain":0,"max_hp_loss":0,"event_name":"Purifier","floor":21,"gold_loss":0},{"damage_healed":0,"gold_gain":0,"player_choice":"Simplicity","damage_taken":0,"max_hp_gain":0,"max_hp_loss":0,"event_name":"Back to Basics","floor":28,"gold_loss":0,"cards_upgraded":["Strike_R","Strike_R","Strike_R","Strike_R"]},{"damage_healed":0,"gold_gain":0,"player_choice":"Opened","damage_taken":0,"relics_obtained":["Orichalcum"],"max_hp_gain":0,"max_hp_loss":0,"event_name":"The Mausoleum","floor":29,"gold_loss":0},{"damage_healed":0,"gold_gain":999,"player_choice":"Gold","damage_taken":0,"max_hp_gain":0,"max_hp_loss":0,"event_name":"MindBloom","floor":36,"gold_loss":0,"cards_obtained":["Normality","Normality"]},{"cards_removed":["Strike_R"],"damage_healed":0,"gold_gain":0,"player_choice":"Removed Attack","damage_taken":0,"max_hp_gain":0,"max_hp_loss":0,"event_name":"Falling","floor":38,"gold_loss":0},{"damage_healed":0,"gold_gain":0,"player_choice":"Ignored","damage_taken":0,"max_hp_gain":0,"max_hp_loss":0,"event_name":"NoteForYourself","floor":41,"gold_loss":0},{"damage_healed":0,"gold_gain":0,"player_choice":"Ignored","damage_taken":0,"max_hp_gain":0,"max_hp_loss":0,"event_name":"Mysterious Sphere","floor":47,"gold_loss":0}],"is_beta":false,"boss_relics":[{"not_picked":["Runic Pyramid","Runic Cube"],"picked":"Black Star"},{"not_picked":["Calling Bell","Astrolabe"],"picked":"Fusion Hammer"}],"items_purged_floors":[7,14,46,48],"is_endless":false,"potions_floor_spawned":[5,10,12,13,33,39,42],"ascension_level":0}