{"gold_per_floor":[118,132,132,146,166,166,178,231,243,275,12,12,26,58,58,156,156,167,181,201,201,219,219,254,254,302,335,335,0,0,13,13,108,108,128,128,128,147,163,177,195,223,223,238,238,271,18,53,53,53],"floor_reached":51,"playtime":5326,"items_purged":["Grand Finale","Parasite"],"score":895,"play_id":"b66c4093-d661-49d0-961a-2d96e1ec3ebd","local_time":"20181206220417","daily_mods":["Draft"],"is_ascension_mode":true,"campfire_choices":[{"data":"Setup","floor":6,"key":"SMITH"},{"data":"Terror","floor":12,"key":"SMITH"},{"data":"Backflip","floor":15,"key":"SMITH"},{"data":"After Image","floor":23,"key":"SMITH"},{"floor":25,"key":"REST"},{"data":"Cloak And Dagger","floor":28,"key":"SMITH"},{"data":"Cloak And Dagger","floor":32,"key":"SMITH"},{"data":"Venomology","floor":49,"key":"SMITH"}],"neow_cost":"","seed_source_timestamp":0,"circlet_count":0,"master_deck":["Prepared","Dagger Throw","Cloak And Dagger+1","Backflip+1","Dagger Throw+1","Blade Dance","Escape Plan","Deflect","Dagger Spray","Dagger Throw","Slice+1","Cloak And Dagger+1","Setup+1","Escape Plan","Deflect","Blade Dance","Slice","Slice","Backflip","Tactician","Terror+1","Well Laid Plans","Slice","Venomology+1","Accuracy","After Image+1","Backflip","Neutralize+1","Escape Plan+1","Escape Plan","Distraction+1"],"special_seed":0,"relics":["Ring of the Snake","MawBank","Pantograph","Ornamental Fan","Singing Bowl","WristBlade","Blood Vial","Bag of Marbles","Molten Egg 2","Ninja Scroll","Runic Pyramid","Pear","Letter Opener","Shuriken","Whetstone","Toxic Egg 2"],"potions_floor_usage":[24,24,27,27,33,33,33,33,39,40,41,42,42,42,44,46,50],"damage_taken":[{"damage":4.0,"enemies":"Jaw Worm","floor":1.0,"turns":4.0},{"damage":0.0,"enemies":"Cultist","floor":2.0,"turns":3.0},{"damage":0.0,"enemies":"2 Louse","floor":4.0,"turns":2.0},{"damage":0,"enemies":"Red Slaver","floor":5,"turns":2},{"damage":0,"enemies":"3 Louse","floor":7,"turns":2},{"damage":3,"enemies":"Exordium Thugs","floor":10,"turns":4},{"damage":0,"enemies":"Blue Slaver","floor":13,"turns":2},{"damage":3,"enemies":"Gremlin Nob","floor":14,"turns":3},{"damage":28,"enemies":"The Guardian","floor":16,"turns":8},{"damage":6,"enemies":"2 Thieves","floor":18,"turns":3},{"damage":1,"enemies":"3 Byrds","floor":19,"turns":4},{"damage":24,"enemies":"Sentry and Sphere","floor":20,"turns":6},{"damage":10,"enemies":"Cultist and Chosen","floor":22,"turns":5},{"damage":12,"enemies":"Slavers","floor":24,"turns":4},{"damage":8,"enemies":"Book of Stabbing","floor":27,"turns":6},{"damage":0,"enemies":"Snake Plant","floor":31,"turns":2},{"damage":39,"enemies":"Collector","floor":33,"turns":6},{"damage":0,"enemies":"3 Darklings","floor":35,"turns":4},{"damage":0,"enemies":"3 Shapes","floor":38,"turns":3},{"damage":8,"enemies":"Writhing Mass","floor":39,"turns":5},{"damage":7,"enemies":"Spire Growth","floor":40,"turns":3},{"damage":0,"enemies":"Sphere and 2 Shapes","floor":41,"turns":4},{"damage":0,"enemies":"Giant Head","floor":42,"turns":5},{"damage":0,"enemies":"Writhing Mass","floor":44,"turns":5},{"damage":7,"enemies":"Reptomancer","floor":46,"turns":5},{"damage":0,"enemies":"Nemesis","floor":48,"turns":3},{"damage":35,"enemies":"Donu and Deca","floor":50,"turns":8}],"seed_played":"7067772336665279792","potions_obtained":[{"floor":4.0,"key":"GamblersBrew"},{"floor":5,"key":"AttackPotion"},{"floor":14,"key":"Weak Potion"},{"floor":18,"key":"SpeedPotion"},{"floor":24,"key":"Regen Potion"},{"floor":31,"key":"PowerPotion"},{"floor":38,"key":"SpeedPotion"},{"floor":39,"key":"Ancient Potion"},{"floor":41,"key":"PowerPotion"},{"floor":42,"key":"Block Potion"}],"is_trial":true,"path_per_floor":["M","M","?","M","M","R","M","T","T","M","$","R","M","E","R","B",null,"M","M","M","?","M","R","E","R","T","E","R","$","?","M","R","B",null,"M","?","?","M","M","M","M","E","T","M","?","E","$","E","R","B",null],"character_chosen":"THE_SILENT","items_purchased":["Ornamental Fan","Terror","Ninja Scroll","Whetstone"],"campfire_rested":1,"item_purchase_floors":[11,11,29,47],"current_hp_per_floor":[66,66,66,66,66,66,66,66,66,63,63,63,63,60,60,42,70,66,67,43,43,35,35,25,48,48,42,42,42,42,46,46,50,82,84,86,82,84,76,73,77,91,91,93,93,90,90,92,92,64],"gold":53,"neow_bonus":"","is_prod":false,"is_daily":false,"chose_seed":false,"campfire_upgraded":7,"win_rate":0,"timestamp":1544155457,"path_taken":["M","M","?","M","?","R","M","?","T","?","$","R","M","E","R","BOSS","M","M","M","?","M","R","E","R","T","E","R","$","?","M","R","BOSS","M","?","?","M","M","M","M","E","T","?","?","E","?","E","R","BOSS"],"build_version":"2018-12-06","purchased_purges":2,"victory":true,"max_hp_per_floor":[70,70,70,70,70,70,70,70,70,70,70,70,70,70,70,70,70,72,74,74,74,76,76,78,78,78,78,78,78,78,80,80,82,82,84,86,82,84,84,86,88,100,100,100,100,102,99,99,99,99],"card_choices":[{"not_picked":["Dagger Throw","Backflip"],"picked":"Prepared","floor":0.0},{"not_picked":["Bane","PiercingWail"],"picked":"Dagger Throw","floor":0.0},{"not_picked":["Skewer","PiercingWail"],"picked":"Cloak And Dagger","floor":0.0},{"not_picked":["Flying Knee","Heel Hook"],"picked":"Backflip","floor":0.0},{"not_picked":["Poisoned Stab","Reflex"],"picked":"Dagger Throw","floor":0.0},{"not_picked":["Acrobatics","Skewer"],"picked":"Blade Dance","floor":0.0},{"not_picked":["PiercingWail","Outmaneuver"],"picked":"Escape Plan","floor":0.0},{"not_picked":["Noxious Fumes","Skewer"],"picked":"Deflect","floor":0.0},{"not_picked":["Poisoned Stab","Caltrops"],"picked":"Dagger Spray","floor":0.0},{"not_picked":["Bane","Masterful Stab"],"picked":"Dagger Throw","floor":0.0},{"not_picked":["Dagger Throw","Sucker Punch"],"picked":"Slice","floor":0.0},{"not_picked":["Outmaneuver","Choke"],"picked":"Cloak And Dagger","floor":0.0},{"not_picked":["Quick Slash","Caltrops"],"picked":"Setup","floor":0.0},{"not_picked":["Quick Slash","Poisoned Stab"],"picked":"Escape Plan","floor":0.0},{"not_picked":["Backflip","Reflex"],"picked":"Deflect","floor":0.0},{"not_picked":["Bane","Dagger Spray"],"picked":"Blade Dance","floor":1.0},{"not_picked":["Poisoned Stab","Dagger Spray","Quick Slash"],"picked":"SKIP","floor":2.0},{"not_picked":["Bane","Dagger Spray"],"picked":"Slice","floor":4.0},{"not_picked":["Burst","Blade Dance"],"picked":"Slice","floor":5},{"not_picked":["Heel Hook","Skewer"],"picked":"Backflip","floor":7},{"not_picked":["Dagger Throw","Setup"],"picked":"Tactician","floor":10},{"not_picked":["Bouncing Flask","Bane"],"picked":"Well Laid Plans","floor":13},{"not_picked":["Terror","Dodge and Roll"],"picked":"Slice","floor":14},{"not_picked":["Corpse Explosion","Storm of Steel"],"picked":"Venomology","floor":16},{"not_picked":["Underhanded Strike","PiercingWail","Poisoned Stab"],"picked":"Singing Bowl","floor":18},{"not_picked":["Dagger Throw+1","Leg Sweep","Outmaneuver"],"picked":"Singing Bowl","floor":19},{"not_picked":["Bane","Deflect"],"picked":"Accuracy","floor":20},{"not_picked":["Acrobatics","Storm of Steel","Bane"],"picked":"Singing Bowl","floor":22},{"not_picked":["Underhanded Strike","Bane","Terror"],"picked":"Singing Bowl","floor":24},{"not_picked":["PiercingWail","Concentrate"],"picked":"Backflip","floor":27},{"not_picked":["Acrobatics","Flying Knee+1","Bane+1"],"picked":"Singing Bowl","floor":31},{"not_picked":["Unload+1","Glass Knife+1","Corpse Explosion"],"picked":"Singing Bowl","floor":33},{"not_picked":["Endless Agony+1","Dagger Throw+1","Heel Hook+1"],"picked":"Singing Bowl","floor":35},{"not_picked":["Master of Strategy","Bandage Up","Sadistic Nature"],"picked":"Singing Bowl","floor":36},{"not_picked":["Eviscerate+1","Flying Knee+1","Dagger Spray+1"],"picked":"Singing Bowl","floor":38},{"not_picked":["Prepared","Poisoned Stab+1"],"picked":"Escape Plan+1","floor":39},{"not_picked":["All Out Attack+1","Catalyst","Outmaneuver"],"picked":"Singing Bowl","floor":40},{"not_picked":["All Out Attack+1","Deadly Poison+1","Sucker Punch+1"],"picked":"Singing Bowl","floor":41},{"not_picked":["Skewer+1","Backflip+1","Sucker Punch+1"],"picked":"Singing Bowl","floor":42},{"not_picked":["Bouncing Flask","Blade Dance"],"picked":"Escape Plan","floor":44},{"not_picked":["Poisoned Stab+1","Acrobatics+1","Flechettes+1"],"picked":"Singing Bowl","floor":46},{"not_picked":["Infinite Blades","Bouncing Flask"],"picked":"Distraction+1","floor":48}],"player_experience":84255,"relics_obtained":[{"floor":8,"key":"MawBank"},{"floor":9,"key":"Pantograph"},{"floor":14,"key":"Singing Bowl"},{"floor":24,"key":"Blood Vial"},{"floor":26,"key":"Bag of Marbles"},{"floor":27,"key":"Molten Egg 2"},{"floor":42,"key":"Pear"},{"floor":43,"key":"Letter Opener"},{"floor":46,"key":"Shuriken"},{"floor":48,"key":"Toxic Egg 2"}],"event_choices":[{"damage_healed":0.0,"max_hp_gain":0.0,"max_hp_loss":0.0,"gold_gain":0.0,"event_name":"Match and Keep!","player_choice":"1 cards matched","floor":3.0,"gold_loss":0.0,"damage_taken":0.0,"cards_obtained":["Grand Finale"]},{"damage_healed":0,"gold_gain":0,"player_choice":"Read","damage_taken":0,"max_hp_gain":0,"max_hp_loss":0,"event_name":"The Library","floor":21,"gold_loss":0,"cards_obtained":["After Image"]},{"damage_healed":0,"gold_gain":0,"player_choice":"1 cards matched","damage_taken":0,"max_hp_gain":0,"max_hp_loss":0,"event_name":"Match and Keep!","floor":30,"gold_loss":0,"cards_obtained":["Neutralize"]},{"damage_healed":0,"gold_gain":0,"player_choice":"Memory 1","damage_taken":0,"max_hp_gain":0,"max_hp_loss":0,"event_name":"SensoryStone","floor":36,"gold_loss":0},{"damage_healed":0,"gold_gain":0,"player_choice":"Max HP","damage_taken":0,"max_hp_gain":0,"max_hp_loss":4,"event_name":"Winding Halls","floor":37,"gold_loss":0},{"damage_healed":0,"gold_gain":0,"player_choice":"Bought 0 Potions","damage_taken":0,"max_hp_gain":0,"max_hp_loss":0,"event_name":"The Woman in Blue","floor":45,"gold_loss":0}],"is_beta":false,"boss_relics":[{"not_picked":["White Beast Statue","Runic Dome"],"picked":"WristBlade"},{"not_picked":["Orrery","Eternal Feather"],"picked":"Runic Pyramid"}],"items_purged_floors":[29,47],"is_endless":false,"potions_floor_spawned":[4,5,14,18,19,24,31,38,39,41,42],"ascension_level":1}