{"gold_per_floor":[115,115,133,59,59,59,24,34,34,34,44,63,74,74,74,177,177,188,188,156,156,174,174,190,190],"floor_reached":25,"playtime":14735,"items_purged":[],"score":423,"play_id":"8afed8b6-baa4-4231-ad0a-0af9ffc90f4a","local_time":"20190302193642","is_ascension_mode":true,"campfire_choices":[{"data":"A Thousand Cuts","floor":6,"key":"SMITH"},{"floor":15,"key":"REST"},{"floor":23,"key":"REST"}],"neow_cost":"NONE","seed_source_timestamp":0,"circlet_count":0,"master_deck":["Defend_G","Defend_G","Defend_G","Defend_G","Defend_G","Survivor","Neutralize","Finesse","Dash","Deadly Poison","A Thousand Cuts+1","Caltrops","Noxious Fumes","Deadly Poison","Adrenaline","Blur","Bite","Bite","Bite","Bite","Bite","Backflip+1","Writhe","Noxious Fumes+1","Poisoned Stab"],"special_seed":0,"relics":["Ring of the Serpent","Snake Skull","Pear","Blue Candle","Ninja Scroll"],"potions_floor_usage":[12,20,24,24,25],"damage_taken":[{"damage":2,"enemies":"2 Louse","floor":1,"turns":4},{"damage":1,"enemies":"Small Slimes","floor":3,"turns":4},{"damage":2,"enemies":"Jaw Worm","floor":8,"turns":4},{"damage":10,"enemies":"3 Louse","floor":11,"turns":3},{"damage":5,"enemies":"Blue Slaver","floor":12,"turns":4},{"damage":24,"enemies":"Large Slime","floor":13,"turns":6},{"damage":15,"enemies":"Hexaghost","floor":16,"turns":9},{"damage":7,"enemies":"Spheric Guardian","floor":18,"turns":5},{"damage":23,"enemies":"2 Thieves","floor":20,"turns":5},{"damage":24,"enemies":"Snake Plant","floor":22,"turns":6},{"damage":29,"enemies":"Cultist and Chosen","floor":24,"turns":6},{"damage":26,"enemies":"Slavers","floor":25,"turns":1}],"seed_played":"-4386441880274675937","potions_obtained":[{"floor":1,"key":"SpeedPotion"},{"floor":8,"key":"Strength Potion"},{"floor":16,"key":"PowerPotion"},{"floor":20,"key":"Fire Potion"},{"floor":22,"key":"Swift Potion"}],"is_trial":false,"path_per_floor":["M","?","M","$","?","R","$","M","T","?","M","M","M","?","R","B",null,"M","?","M","?","M","R","M","E"],"character_chosen":"THE_SILENT","items_purchased":["A Thousand Cuts","Caltrops"],"campfire_rested":2,"item_purchase_floors":[4,7],"current_hp_per_floor":[61,58,57,57,50,50,50,48,58,58,48,43,19,19,43,28,67,60,56,37,37,23,39,22,0],"gold":190,"neow_bonus":"RANDOM_COLORLESS","is_prod":false,"is_daily":false,"chose_seed":false,"campfire_upgraded":1,"win_rate":0,"timestamp":1551573402,"path_taken":["M","?","M","$","?","R","?","M","T","?","M","M","?","?","R","BOSS","M","?","M","?","M","R","M","E"],"build_version":"2019-01-23","purchased_purges":0,"victory":false,"max_hp_per_floor":[70,70,70,70,70,70,70,70,80,80,80,80,80,80,80,80,80,80,56,56,56,56,56,56,56],"card_choices":[{"not_picked":["Tactician","Reflex"],"picked":"Dash","floor":1},{"not_picked":["Bane","Dodge and Roll"],"picked":"Deadly Poison","floor":3},{"not_picked":["Quick Slash","Masterful Stab","Setup"],"picked":"SKIP","floor":8},{"not_picked":["Quick Slash","Dash","Riddle With Holes"],"picked":"SKIP","floor":11},{"not_picked":["Acrobatics","Bane"],"picked":"Noxious Fumes","floor":12},{"not_picked":["Slice","Blade Dance"],"picked":"Deadly Poison","floor":13},{"not_picked":["Glass Knife","Wraith Form v2"],"picked":"Adrenaline","floor":16},{"not_picked":["Blade Dance","Outmaneuver"],"picked":"Blur","floor":18},{"not_picked":["Skewer","Outmaneuver"],"picked":"Backflip+1","floor":20},{"not_picked":["Deadly Poison","Prepared"],"picked":"Noxious Fumes+1","floor":22},{"not_picked":["Outmaneuver","Slice"],"picked":"Poisoned Stab","floor":24}],"player_experience":2305812,"relics_obtained":[{"floor":9,"key":"Pear"}],"event_choices":[{"damage_healed":0,"gold_gain":0,"player_choice":"Success","damage_taken":3,"relics_obtained":["Snake Skull"],"max_hp_gain":0,"max_hp_loss":0,"event_name":"Scrap Ooze","floor":2,"gold_loss":0},{"cards_removed":["Strike_G"],"damage_healed":0,"gold_gain":0,"player_choice":"Card Removal","damage_taken":7,"max_hp_gain":0,"max_hp_loss":0,"event_name":"Golden Wing","floor":5,"gold_loss":0},{"damage_healed":0,"gold_gain":0,"player_choice":"Box","damage_taken":0,"relics_obtained":["Blue Candle"],"max_hp_gain":0,"max_hp_loss":0,"event_name":"Big Fish","floor":10,"gold_loss":0,"cards_obtained":["Regret"]},{"cards_removed":["Regret"],"damage_healed":0,"gold_gain":0,"player_choice":"Removed Curses","damage_taken":0,"max_hp_gain":0,"max_hp_loss":0,"event_name":"Fountain of Cleansing","floor":14,"gold_loss":0},{"damage_healed":0,"gold_gain":0,"player_choice":"Became a vampire","damage_taken":0,"max_hp_gain":0,"max_hp_loss":24,"event_name":"Vampires","floor":19,"gold_loss":0,"cards_obtained":["Bite","Bite","Bite","Bite","Bite"]},{"damage_healed":0,"gold_gain":0,"player_choice":"Opened","damage_taken":0,"relics_obtained":["Ninja Scroll"],"max_hp_gain":0,"max_hp_loss":0,"event_name":"The Mausoleum","floor":21,"gold_loss":0,"cards_obtained":["Writhe"]}],"is_beta":false,"boss_relics":[{"not_picked":["Coffee Dripper","Ectoplasm"],"picked":"Ring of the Serpent"}],"items_purged_floors":[],"is_endless":false,"potions_floor_spawned":[1,8,16,20,22],"killed_by":"Slavers","ascension_level":7}