{"gold_per_floor":[17,192,192,210,235,235,250,250,276,296,296,296,340,44,44,44],"floor_reached":16,"playtime":607,"items_purged":["Doubt"],"score":120,"play_id":"ed95a5c3-3aa1-4e93-a753-d0a34cfd56f0","local_time":"20190111204511","is_ascension_mode":true,"campfire_choices":[{"data":"Zap","floor":6,"key":"SMITH"},{"floor":8,"key":"REST"},{"floor":11,"key":"RECALL"},{"data":"Hologram","floor":15,"key":"SMITH"}],"neow_cost":"NO_GOLD","seed_source_timestamp":242499205494320,"circlet_count":0,"master_deck":["Strike_B","Strike_B","Strike_B","Defend_B","Defend_B","Defend_B","Zap+1","Dualcast","Hologram+1","Redo","Conserve Battery","Tempest","Sweeping Beam","Chaos","Creative AI","Genetic Algorithm"],"relics":["Cracked Core","Golden Idol","PreservedInsect"],"potions_floor_usage":[13],"damage_taken":[{"damage":9,"enemies":"2 Louse","floor":1,"turns":2},{"damage":7,"enemies":"Jaw Worm","floor":4,"turns":2},{"damage":10,"enemies":"Small Slimes","floor":5,"turns":3},{"damage":21,"enemies":"Exordium Thugs","floor":7,"turns":5},{"damage":3,"enemies":"2 Fungi Beasts","floor":10,"turns":3},{"damage":20,"enemies":"Lagavulin","floor":13,"turns":5},{"damage":38,"enemies":"The Guardian","floor":16,"turns":8}],"seed_played":"-3630876561266048607","potions_obtained":[{"floor":5,"key":"Dexterity Potion"},{"floor":10,"key":"LiquidBronze"}],"is_trial":false,"path_per_floor":["M","?","?","M","M","R","M","R","T","M","R","?","E","$","R","B"],"character_chosen":"DEFECT","items_purchased":["Creative AI","Genetic Algorithm"],"campfire_rested":1,"item_purchase_floors":[14,14],"current_hp_per_floor":[66,66,48,41,31,31,10,32,32,29,29,54,34,34,34,0],"gold":44,"neow_bonus":"REMOVE_TWO","is_prod":false,"is_daily":false,"chose_seed":false,"campfire_upgraded":2,"win_rate":0,"timestamp":1547257511,"path_taken":["M","?","?","M","M","R","M","R","T","M","R","?","E","$","R","BOSS"],"build_version":"2019-01-10","purchased_purges":1,"victory":false,"max_hp_per_floor":[75,75,75,75,75,75,75,75,75,75,75,75,75,75,75,75],"card_choices":[{"not_picked":["Stack","Sunder"],"picked":"Hologram","floor":1},{"not_picked":["Turbo","Beam Cell"],"picked":"Redo","floor":4},{"not_picked":["Gash","Redo"],"picked":"Conserve Battery","floor":5},{"not_picked":["Ball Lightning","Auto Shields"],"picked":"Tempest","floor":7},{"not_picked":["Undo","Beam Cell"],"picked":"Sweeping Beam","floor":10},{"not_picked":["Go for the Eyes","Ball Lightning"],"picked":"Chaos","floor":13}],"player_experience":304747,"relics_obtained":[{"floor":13,"key":"PreservedInsect"}],"event_choices":[{"damage_healed":0,"gold_gain":175,"player_choice":"AGREE","damage_taken":0,"max_hp_gain":0,"max_hp_loss":0,"event_name":"Liars Game","floor":2,"gold_loss":0,"cards_obtained":["Doubt"]},{"damage_healed":0,"gold_gain":0,"player_choice":"Take Damage","damage_taken":18,"relics_obtained":["Golden Idol"],"max_hp_gain":0,"max_hp_loss":0,"event_name":"Golden Idol","floor":3,"gold_loss":0},{"damage_healed":25,"gold_gain":0,"player_choice":"Banana","damage_taken":0,"max_hp_gain":0,"max_hp_loss":0,"event_name":"Big Fish","floor":12,"gold_loss":0}],"is_beta":false,"boss_relics":[],"items_purged_floors":[14],"is_endless":false,"potions_floor_spawned":[5,10],"killed_by":"The Guardian","ascension_level":4}