{"gold_per_floor":[119,69,81,92,102,102,129,129,181,201,201,214,214,231,231,335,335,351,365,10,29,47,47],"floor_reached":23,"playtime":1330,"items_purged":[],"score":246,"play_id":"1935e9b7-6e18-42ab-ba98-740ac4e800b1","local_time":"20190225002656","is_ascension_mode":true,"campfire_choices":[{"data":"Riddle With Holes","floor":8,"key":"SMITH"},{"data":"Dagger Spray","floor":11,"key":"SMITH"},{"data":"Neutralize","floor":13,"key":"SMITH"},{"data":"Terror","floor":15,"key":"SMITH"}],"neow_cost":"CURSE","seed_source_timestamp":1458741016300,"circlet_count":0,"master_deck":["Defend_G","Defend_G","Defend_G","Defend_G","Defend_G","Strike_G","Strike_G","Strike_G","Strike_G","Survivor","Neutralize+1","Dagger Spray+1","Prepared","Terror+1","Riddle With Holes+1","Acrobatics+1","Malaise+1","Outmaneuver+1","Outmaneuver+1","Die Die Die","Setup+1","Blade Dance+1","Cloak And Dagger+1","Footwork"],"relics":["Ring of the Snake","Toxic Egg 2","Pen Nib","WristBlade","Tough Bandages"],"potions_floor_usage":[14,18,19,21,21],"damage_taken":[{"damage":2,"enemies":"2 Louse","floor":1,"turns":4},{"damage":1,"enemies":"Small Slimes","floor":3,"turns":3},{"damage":1,"enemies":"Cultist","floor":4,"turns":4},{"damage":3,"enemies":"Blue Slaver","floor":5,"turns":4},{"damage":34,"enemies":"Lagavulin","floor":7,"turns":10},{"damage":0,"enemies":"Exordium Wildlife","floor":10,"turns":3},{"damage":1,"enemies":"Looter","floor":12,"turns":3},{"damage":4,"enemies":"Large Slime","floor":14,"turns":3},{"damage":4,"enemies":"Hexaghost","floor":16,"turns":10},{"damage":30,"enemies":"Spheric Guardian","floor":18,"turns":5},{"damage":15,"enemies":"3 Byrds","floor":19,"turns":4},{"damage":0,"enemies":"Centurion and Healer","floor":21,"turns":3},{"damage":3,"enemies":"Snecko","floor":22,"turns":3},{"damage":28,"enemies":"Slavers","floor":23,"turns":2}],"seed_played":"5856634592372912424","potions_obtained":[{"floor":5,"key":"Fire Potion"},{"floor":7,"key":"SpeedPotion"},{"floor":12,"key":"EssenceOfSteel"},{"floor":14,"key":"PowerPotion"},{"floor":18,"key":"FearPotion"}],"is_trial":false,"path_per_floor":["M","?","M","M","M","?","E","R","T","M","R","M","R","M","R","B",null,"M","M","$","M","M","E"],"character_chosen":"THE_SILENT","items_purchased":["Tough Bandages","Blade Dance+1"],"campfire_rested":0,"item_purchase_floors":[20,20],"current_hp_per_floor":[82,82,81,80,77,77,43,43,43,43,43,42,42,38,38,34,72,42,27,27,27,24,0],"gold":47,"neow_bonus":"TWENTY_PERCENT_HP_BONUS","is_prod":false,"is_daily":false,"chose_seed":false,"campfire_upgraded":4,"win_rate":0,"timestamp":1551072416,"path_taken":["M","?","M","M","M","?","E","R","T","M","R","M","R","?","R","BOSS","M","M","$","M","M","E"],"build_version":"2019-01-23","purchased_purges":0,"victory":false,"max_hp_per_floor":[84,84,84,84,84,84,84,84,84,84,84,84,84,84,84,84,84,84,84,84,84,84,84],"card_choices":[{"not_picked":["PiercingWail","Bane"],"picked":"Dagger Spray","floor":1},{"not_picked":["Cloak And Dagger","Concentrate"],"picked":"Prepared","floor":3},{"not_picked":["Skewer","Concentrate"],"picked":"Terror","floor":4},{"not_picked":["Eviscerate","Outmaneuver"],"picked":"Riddle With Holes","floor":5},{"not_picked":["Flying Knee","Sucker Punch"],"picked":"Acrobatics","floor":7},{"not_picked":["Bane","Caltrops"],"picked":"Malaise+1","floor":10},{"not_picked":["Deflect+1","Reflex+1"],"picked":"Outmaneuver+1","floor":12},{"not_picked":["Quick Slash","Masterful Stab"],"picked":"Outmaneuver+1","floor":14},{"not_picked":["Bullet Time+1","Night Terror+1"],"picked":"Die Die Die","floor":16},{"not_picked":["Dash+1","Poisoned Stab"],"picked":"Setup+1","floor":18},{"not_picked":["Underhanded Strike","Flying Knee","Poisoned Stab"],"picked":"SKIP","floor":19},{"not_picked":["Deadly Poison+1","Crippling Poison+1"],"picked":"Cloak And Dagger+1","floor":21},{"not_picked":["Concentrate+1","Bouncing Flask+1"],"picked":"Footwork","floor":22}],"player_experience":2227087,"relics_obtained":[{"floor":7,"key":"Toxic Egg 2"},{"floor":9,"key":"Pen Nib"}],"event_choices":[{"cards_removed":["Injury"],"damage_healed":0,"gold_gain":0,"player_choice":"Card Removal","damage_taken":0,"max_hp_gain":0,"max_hp_loss":0,"event_name":"The Cleric","floor":2,"gold_loss":50},{"cards_removed":["Strike_G"],"damage_healed":0,"gold_gain":0,"player_choice":"Card Removal","damage_taken":0,"max_hp_gain":0,"max_hp_loss":0,"event_name":"Wheel of Change","floor":6,"gold_loss":0}],"is_beta":false,"boss_relics":[{"not_picked":["Sozu","HoveringKite"],"picked":"WristBlade"}],"items_purged_floors":[],"is_endless":false,"potions_floor_spawned":[5,7,12,14,18],"killed_by":"Slavers","ascension_level":5}