{"gold_per_floor":[111,130,147,147,147,147,177,177,177,177,194,207,217,234,234,337,337,357,26,26,43,43,43,86,86],"floor_reached":25,"playtime":1037,"items_purged":[],"score":244,"play_id":"5d0e82d5-97e0-486b-9f1e-6a2b0061f018","local_time":"20190223224710","is_ascension_mode":true,"campfire_choices":[{"data":"Catalyst","floor":6,"key":"SMITH"},{"data":"Neutralize","floor":8,"key":"SMITH"},{"data":"Poisoned Stab","floor":10,"key":"SMITH"},{"data":"Envenom","floor":15,"key":"SMITH"},{"data":"Noxious Fumes","floor":23,"key":"SMITH"}],"neow_cost":"NONE","seed_source_timestamp":19450563527563,"circlet_count":0,"master_deck":["Defend_G","Defend_G","Defend_G","Defend_G+1","Strike_G","Strike_G","Strike_G+1","Survivor","Neutralize+1","PiercingWail","Catalyst+1","Poisoned Stab+1","Footwork","Dagger Spray+1","Envenom+1","Distraction","Tools of the Trade","Die Die Die+1","Corpse Explosion+1","Glass Knife+1","Noxious Fumes+1","HandOfGreed+1","Heel Hook+1","Decay","Poisoned Stab+1"],"relics":["Ring of the Snake","Strawberry","Molten Egg 2","Astrolabe","Bronze Scales"],"potions_floor_usage":[3,16,25,25,25],"damage_taken":[{"damage":0,"enemies":"Jaw Worm","floor":1,"turns":4},{"damage":4,"enemies":"2 Louse","floor":2,"turns":3},{"damage":2,"enemies":"Cultist","floor":3,"turns":4},{"damage":7,"enemies":"Looter","floor":11,"turns":4},{"damage":0,"enemies":"2 Fungi Beasts","floor":12,"turns":4},{"damage":3,"enemies":"Gremlin Gang","floor":13,"turns":4},{"damage":14,"enemies":"Red Slaver","floor":14,"turns":7},{"damage":36,"enemies":"Slime Boss","floor":16,"turns":11},{"damage":4,"enemies":"Chosen","floor":18,"turns":4},{"damage":6,"enemies":"3 Byrds","floor":21,"turns":1},{"damage":12,"enemies":"3 Cultists","floor":24,"turns":3},{"damage":45,"enemies":"Book of Stabbing","floor":25,"turns":5}],"seed_played":"-6389161210957240496","potions_obtained":[{"floor":2,"key":"Swift Potion"},{"floor":3,"key":"Swift Potion"},{"floor":12,"key":"Poison Potion"},{"floor":13,"key":"SteroidPotion"},{"floor":24,"key":"SteroidPotion"}],"is_trial":false,"path_per_floor":["M","M","M","?","?","R","?","R","T","R","M","M","M","M","R","B",null,"M","$","?","M","?","R","M","E"],"character_chosen":"THE_SILENT","items_purchased":["HandOfGreed+1","Bronze Scales"],"campfire_rested":0,"item_purchase_floors":[19,19],"current_hp_per_floor":[77,73,71,71,56,56,63,63,63,63,56,56,53,39,39,3,64,60,60,60,54,54,54,42,0],"gold":86,"neow_bonus":"TEN_PERCENT_HP_BONUS","is_prod":false,"is_daily":false,"chose_seed":false,"campfire_upgraded":5,"win_rate":0,"timestamp":1550980030,"path_taken":["M","M","M","?","?","R","?","R","T","R","M","?","M","M","R","BOSS","M","$","?","?","?","R","M","E"],"build_version":"2019-01-23","purchased_purges":0,"victory":false,"max_hp_per_floor":[77,77,77,77,77,77,84,84,84,84,84,84,84,84,84,84,84,84,84,84,84,84,84,84,84],"card_choices":[{"not_picked":["Deflect","Outmaneuver"],"picked":"PiercingWail","floor":1},{"not_picked":["Blur","Flying Knee"],"picked":"Catalyst","floor":2},{"not_picked":["Distraction","Flying Knee"],"picked":"Poisoned Stab","floor":3},{"not_picked":["Sucker Punch+1","Accuracy"],"picked":"Footwork","floor":11},{"not_picked":["Sucker Punch+1","Deadly Poison"],"picked":"Dagger Spray+1","floor":12},{"not_picked":["Cloak And Dagger","Bane+1"],"picked":"Envenom","floor":13},{"not_picked":["All Out Attack+1","Cloak And Dagger"],"picked":"Distraction","floor":14},{"not_picked":["Venomology","Doppelganger"],"picked":"Tools of the Trade","floor":16},{"not_picked":["Well Laid Plans+1","Backflip"],"picked":"Noxious Fumes","floor":18},{"not_picked":["Dodge and Roll","Dagger Spray+1"],"picked":"Heel Hook+1","floor":21},{"not_picked":["Acrobatics","Storm of Steel"],"picked":"Poisoned Stab+1","floor":24}],"player_experience":2224736,"relics_obtained":[{"floor":9,"key":"Molten Egg 2"}],"event_choices":[{"damage_healed":0,"gold_gain":0,"player_choice":"Leave","damage_taken":0,"max_hp_gain":0,"max_hp_loss":0,"event_name":"The Cleric","floor":4,"gold_loss":0},{"damage_healed":0,"gold_gain":0,"player_choice":"Entered Light","damage_taken":15,"max_hp_gain":0,"max_hp_loss":0,"event_name":"Shining Light","floor":5,"gold_loss":0,"cards_upgraded":["Defend_G","Strike_G"]},{"damage_healed":0,"gold_gain":30,"player_choice":"Searched \u00272\u0027 times","damage_taken":0,"relics_obtained":["Strawberry"],"max_hp_gain":0,"max_hp_loss":0,"event_name":"Dead Adventurer","floor":7,"gold_loss":0},{"damage_healed":0,"gold_gain":0,"player_choice":"Leave","damage_taken":0,"max_hp_gain":0,"max_hp_loss":0,"event_name":"FaceTrader","floor":20,"gold_loss":0},{"damage_healed":0,"gold_gain":0,"player_choice":"Smashed Altar","damage_taken":0,"max_hp_gain":0,"max_hp_loss":0,"event_name":"Forgotten Altar","floor":22,"gold_loss":0,"cards_obtained":["Decay"]}],"is_beta":false,"boss_relics":[{"not_picked":["WristBlade","Orrery"],"picked":"Astrolabe"}],"items_purged_floors":[],"is_endless":false,"potions_floor_spawned":[2,3,12,13,24],"killed_by":"Book of Stabbing","ascension_level":5}