{"gold_per_floor":[217,229,229,37,56,56,75,104,128,128,128,144,160,180,180,284,284,296,306,10,22,22,22,54,64,64,84,104,124,223,248,248,248],"floor_reached":33,"playtime":4566,"items_purged":[],"score":454,"play_id":"bcf7685a-91e1-45e7-a691-94f20079c3f0","local_time":"20190104115910","is_ascension_mode":true,"campfire_choices":[{"data":"Body Slam","floor":6.0,"key":"SMITH"},{"data":"Armaments","floor":11.0,"key":"SMITH"},{"data":"Brutality","floor":15.0,"key":"SMITH"},{"data":"Rage","floor":23.0,"key":"SMITH"},{"floor":32.0,"key":"REST"}],"neow_cost":"NONE","seed_source_timestamp":2064206518227402,"circlet_count":0,"master_deck":["AscendersBane","Strike_R","Strike_R","Strike_R","Strike_R","Defend_R","Defend_R","Iron Wave","Rage+1","Brutality+1","Body Slam+1","Iron Wave","Armaments+1","Ghostly Armor","Headbutt","Reaper","Twin Strike+1","Iron Wave","Armaments+1","Inflame","Demon Form","Cleave","Thunderclap","Headbutt+1"],"special_seed":0,"relics":["Black Blood","Oddly Smooth Stone","Ancient Tea Set","Vajra","Prayer Wheel","Art of War","Orichalcum","Bottled Flame"],"potions_floor_usage":[33],"damage_taken":[{"damage":9.0,"enemies":"Jaw Worm","floor":1.0,"turns":4.0},{"damage":1.0,"enemies":"Cultist","floor":2.0,"turns":3.0},{"damage":7.0,"enemies":"2 Louse","floor":5.0,"turns":3.0},{"damage":1.0,"enemies":"2 Fungi Beasts","floor":7.0,"turns":4.0},{"damage":41.0,"enemies":"Lagavulin","floor":8.0,"turns":11.0},{"damage":4.0,"enemies":"Looter","floor":12.0,"turns":3.0},{"damage":13.0,"enemies":"Exordium Thugs","floor":13.0,"turns":5.0},{"damage":2.0,"enemies":"Exordium Wildlife","floor":14.0,"turns":3.0},{"damage":31.0,"enemies":"Slime Boss","floor":16.0,"turns":10.0},{"damage":25.0,"enemies":"2 Thieves","floor":18.0,"turns":5.0},{"damage":11.0,"enemies":"Shell Parasite","floor":19.0,"turns":6.0},{"damage":13.0,"enemies":"Snake Plant","floor":21.0,"turns":7.0},{"damage":23.0,"enemies":"Slavers","floor":24.0,"turns":7.0},{"damage":6.0,"enemies":"3 Cultists","floor":25.0,"turns":5.0},{"damage":25.0,"enemies":"Chosen and Byrds","floor":27.0,"turns":5.0},{"damage":31.0,"enemies":"Centurion and Healer","floor":28.0,"turns":8.0},{"damage":25.0,"enemies":"Shelled Parasite and Fungi","floor":29.0,"turns":6.0},{"damage":58.0,"enemies":"Book of Stabbing","floor":31.0,"turns":7.0},{"damage":41,"enemies":"Collector","floor":33,"turns":6}],"seed_played":"55879423243111908","potions_obtained":[{"floor":2.0,"key":"FearPotion"},{"floor":8.0,"key":"FearPotion"},{"floor":16.0,"key":"SkillPotion"},{"floor":21.0,"key":"Block Potion"},{"floor":25.0,"key":"Swift Potion"},{"floor":27.0,"key":"AttackPotion"},{"floor":31.0,"key":"EssenceOfSteel"}],"is_trial":false,"path_per_floor":["M","M","?","$","M","R","M","E","T","?","R","M","M","M","R","B",null,"M","M","$","M","?","R","E","M","T","M","M","M","?","E","R","B"],"character_chosen":"IRONCLAD","items_purchased":["Oddly Smooth Stone","Body Slam","Prayer Wheel"],"campfire_rested":1,"item_purchase_floors":[4,4,20],"current_hp_per_floor":[69,74,74,74,73,73,78,43,43,36,36,38,31,35,35,10,63,48,47,47,44,44,44,45,76,76,79,66,51,51,11,35,0],"gold":248,"neow_bonus":"HUNDRED_GOLD","is_prod":false,"is_daily":false,"chose_seed":false,"campfire_upgraded":4,"win_rate":0,"timestamp":1546631950,"path_taken":["M","M","?","$","?","R","M","E","T","?","R","M","M","M","R","BOSS","M","M","$","M","?","R","E","M","T","M","M","M","?","E","R","BOSS"],"build_version":"2019-01-03v3","purchased_purges":0,"victory":false,"max_hp_per_floor":[80,80,80,80,80,80,80,80,80,80,80,80,80,80,80,80,80,80,80,80,80,80,80,80,80,80,80,80,80,80,80,80,80],"card_choices":[{"not_picked":["Clothesline","Spot Weakness"],"picked":"Iron Wave","floor":1.0},{"not_picked":["Feel No Pain","Twin Strike"],"picked":"Rage","floor":2.0},{"not_picked":["Blood for Blood","Twin Strike"],"picked":"Iron Wave","floor":5.0},{"not_picked":["Limit Break","Flex"],"picked":"Armaments","floor":7.0},{"not_picked":["Barricade","Seeing Red"],"picked":"Ghostly Armor","floor":8.0},{"not_picked":["Perfected Strike","Anger"],"picked":"Headbutt","floor":12.0},{"not_picked":["Sword Boomerang","Dropkick","Armaments"],"picked":"SKIP","floor":13.0},{"not_picked":["Corruption","Armaments","Wild Strike"],"picked":"SKIP","floor":14.0},{"not_picked":["Limit Break","Double Tap"],"picked":"Reaper","floor":16.0},{"not_picked":["Havoc","Fire Breathing"],"picked":"Twin Strike+1","floor":18.0},{"not_picked":["Cleave","Armaments","Metallicize+1"],"picked":"SKIP","floor":19.0},{"not_picked":["Warcry","Bloodletting"],"picked":"Iron Wave","floor":21.0},{"not_picked":["Clothesline","Flame Barrier"],"picked":"Armaments+1","floor":21.0},{"not_picked":["Reckless Charge","Whirlwind"],"picked":"Cleave","floor":24.0},{"not_picked":["Shockwave+1","True Grit","Sword Boomerang"],"picked":"SKIP","floor":25.0},{"not_picked":["Wild Strike","Warcry","Heavy Blade"],"picked":"SKIP","floor":25.0},{"not_picked":["Burning Pact+1","Intimidate"],"picked":"Thunderclap","floor":27.0},{"not_picked":["Warcry","Limit Break","Clothesline"],"picked":"SKIP","floor":27.0},{"not_picked":["Disarm","Twin Strike"],"picked":"Headbutt+1","floor":28.0},{"not_picked":["Iron Wave","Wild Strike","Cleave"],"picked":"SKIP","floor":28.0},{"not_picked":["Flame Barrier","Berserk","Intimidate+1"],"picked":"SKIP","floor":29.0},{"not_picked":["Twin Strike","Havoc","Iron Wave+1"],"picked":"SKIP","floor":29.0},{"not_picked":["Perfected Strike","Metallicize","Double Tap"],"picked":"SKIP","floor":31.0}],"player_experience":603197,"relics_obtained":[{"floor":8.0,"key":"Ancient Tea Set"},{"floor":9.0,"key":"Vajra"},{"floor":24.0,"key":"Art of War"},{"floor":26.0,"key":"Orichalcum"},{"floor":31.0,"key":"Bottled Flame"}],"event_choices":[{"damage_healed":0.0,"max_hp_gain":0.0,"max_hp_loss":0.0,"gold_gain":0.0,"cards_transformed":["Bash"],"event_name":"Transmorgrifier","player_choice":"Transformed","floor":3.0,"gold_loss":0.0,"damage_taken":0.0,"cards_obtained":["Brutality"]},{"cards_removed":["Strike_R"],"damage_healed":0.0,"max_hp_gain":0.0,"max_hp_loss":0.0,"gold_gain":0.0,"event_name":"Golden Wing","player_choice":"Card Removal","floor":10.0,"gold_loss":0.0,"damage_taken":7.0},{"damage_healed":0.0,"max_hp_gain":0.0,"max_hp_loss":0.0,"gold_gain":0.0,"cards_transformed":["Defend_R","Defend_R"],"event_name":"Drug Dealer","player_choice":"Became Test Subject","floor":22.0,"gold_loss":0.0,"damage_taken":0.0,"cards_obtained":["Inflame","Demon Form"]},{"damage_healed":0.0,"max_hp_gain":0.0,"max_hp_loss":0.0,"gold_gain":99.0,"event_name":"Nest","player_choice":"Stole From Cult","floor":30.0,"gold_loss":0.0,"damage_taken":0.0}],"is_beta":false,"boss_relics":[{"not_picked":["Eternal Feather","Snecko Eye"],"picked":"Black Blood"}],"items_purged_floors":[],"is_endless":false,"potions_floor_spawned":[2,8,14,16,21,25,27,31],"killed_by":"Collector","ascension_level":11}