{"gold_per_floor":[112,128,128,142,161,194,207,232,257,275,333,350,350,425,425,498,498,509,528,543,458,458,470,497,515,538,570,570,605,620,647,647,726,726],"floor_reached":34,"playtime":558,"items_purged":[],"score":1462,"play_id":"1f30c504-d96d-4c0a-876b-8c1e686eed15","local_time":"20190128213235","is_ascension_mode":true,"campfire_choices":[{"floor":13,"key":"REST"},{"floor":15,"key":"REST"},{"floor":28,"key":"REST"},{"floor":32,"key":"REST"}],"neow_cost":"","seed_source_timestamp":0,"circlet_count":0,"master_deck":["Grand Finale+1"],"relics":["Ring of the Snake","Unceasing Top","Strawberry","Blood Vial","Bag of Marbles","Tiny Chest","Lizard Tail","Boot","Ice Cream","Centennial Puzzle","Torii","Pantograph","War Paint","Busted Crown"],"potions_floor_usage":[],"damage_taken":[{"damage":0,"enemies":"Small Slimes","floor":1,"turns":1},{"damage":0,"enemies":"2 Louse","floor":2,"turns":1},{"damage":0,"enemies":"Cultist","floor":4,"turns":1},{"damage":0,"enemies":"2 Fungi Beasts","floor":5,"turns":1},{"damage":0,"enemies":"Gremlin Nob","floor":6,"turns":1},{"damage":0,"enemies":"Lots of Slimes","floor":7,"turns":1},{"damage":0,"enemies":"Lagavulin","floor":8,"turns":1},{"damage":0,"enemies":"Looter","floor":10,"turns":1},{"damage":0,"enemies":"Gremlin Nob","floor":11,"turns":1},{"damage":0,"enemies":"Blue Slaver","floor":12,"turns":1},{"damage":0,"enemies":"The Guardian","floor":16,"turns":1},{"damage":0,"enemies":"3 Byrds","floor":18,"turns":1},{"damage":0,"enemies":"Shell Parasite","floor":19,"turns":1},{"damage":0,"enemies":"Snecko","floor":20,"turns":1},{"damage":0,"enemies":"Sentry and Sphere","floor":23,"turns":1},{"damage":0,"enemies":"Slavers","floor":24,"turns":1},{"damage":0,"enemies":"Centurion and Healer","floor":25,"turns":1},{"damage":0,"enemies":"Gremlin Leader","floor":27,"turns":1},{"damage":0,"enemies":"Book of Stabbing","floor":29,"turns":1},{"damage":0,"enemies":"Snake Plant","floor":30,"turns":1},{"damage":0,"enemies":"Gremlin Leader","floor":31,"turns":1},{"damage":0,"enemies":"Champ","floor":33,"turns":1}],"seed_played":"4866399227499108714","potions_obtained":[{"floor":1,"key":"PowerPotion"},{"floor":2,"key":"Energy Potion"},{"floor":8,"key":"SkillPotion"}],"is_trial":true,"path_per_floor":["M","M","?","M","M","E","M","E","T","M","E","M","R","?","R","B",null,"M","M","M","?","?","M","E","M","T","E","R","E","M","E","R","B",null],"character_chosen":"THE_SILENT","items_purchased":[],"campfire_rested":4,"item_purchase_floors":[],"current_hp_per_floor":[59,59,39,39,39,46,46,46,46,48,50,52,73,62,73,73,73,73,73,73,73,73,73,73,73,73,73,73,73,73,73,73,73,73],"gold":726,"neow_bonus":"","is_prod":false,"is_daily":false,"chose_seed":false,"campfire_upgraded":0,"win_rate":0,"timestamp":1548732755,"path_taken":["M","M","?","M","M","E","M","E","T","M","E","M","R","?","R","BOSS","M","M","M","?","?","M","E","M","T","E","R","E","M","E","R","BOSS"],"build_version":"2019-01-23","purchased_purges":0,"victory":false,"max_hp_per_floor":[66,66,66,66,66,73,73,73,73,73,73,73,73,73,73,73,73,73,73,73,73,73,73,73,73,73,73,73,73,73,73,73,73,73],"card_choices":[{"not_picked":["Caltrops","Dagger Throw","Concentrate"],"picked":"SKIP","floor":1},{"not_picked":["PiercingWail","Underhanded Strike","Quick Slash"],"picked":"SKIP","floor":2},{"not_picked":["Masterful Stab","Deadly Poison","Blade Dance"],"picked":"SKIP","floor":4},{"not_picked":["Flechettes","Escape Plan","Outmaneuver"],"picked":"SKIP","floor":5},{"not_picked":["Dagger Throw","Dash","Quick Slash"],"picked":"SKIP","floor":6},{"not_picked":["Noxious Fumes","Deadly Poison","Catalyst"],"picked":"SKIP","floor":7},{"not_picked":["Skewer","Acrobatics","Heel Hook"],"picked":"SKIP","floor":8},{"not_picked":["Dagger Spray","Cloak And Dagger","PiercingWail"],"picked":"SKIP","floor":10},{"not_picked":["Bane","Crippling Poison","Blade Dance"],"picked":"SKIP","floor":11},{"not_picked":["PiercingWail","Bouncing Flask","Deflect"],"picked":"SKIP","floor":12},{"not_picked":["PiercingWail","Underhanded Strike","Sucker Punch"],"picked":"SKIP","floor":18},{"not_picked":["Footwork","Riddle With Holes","Cloak And Dagger"],"picked":"SKIP","floor":19},{"not_picked":["Outmaneuver","Phantasmal Killer","Crippling Poison+1"],"picked":"SKIP","floor":20},{"not_picked":["Sucker Punch","Riddle With Holes","Expertise"],"picked":"SKIP","floor":23},{"not_picked":["Acrobatics","Leg Sweep","Catalyst"],"picked":"SKIP","floor":24},{"not_picked":["Dagger Spray","Choke","Deflect"],"picked":"SKIP","floor":25},{"not_picked":["Dagger Throw","Escape Plan","Finisher"],"picked":"SKIP","floor":27},{"not_picked":["Outmaneuver+1","Unload","Slice"],"picked":"SKIP","floor":29},{"not_picked":["Flying Knee","Backflip","Bouncing Flask"],"picked":"SKIP","floor":30},{"not_picked":["Unload","Outmaneuver","PiercingWail"],"picked":"SKIP","floor":31}],"player_experience":585618,"relics_obtained":[{"floor":6,"key":"Strawberry"},{"floor":8,"key":"Blood Vial"},{"floor":9,"key":"Bag of Marbles"},{"floor":11,"key":"Tiny Chest"},{"floor":24,"key":"Ice Cream"},{"floor":26,"key":"Centennial Puzzle"},{"floor":27,"key":"Torii"},{"floor":29,"key":"Pantograph"},{"floor":31,"key":"War Paint"}],"event_choices":[{"damage_healed":0,"gold_gain":0,"player_choice":"Entered Light","damage_taken":20,"max_hp_gain":0,"max_hp_loss":0,"event_name":"Shining Light","floor":3,"gold_loss":0,"cards_upgraded":["Grand Finale"]},{"damage_healed":0,"gold_gain":75,"player_choice":"Gather Gold","damage_taken":11,"max_hp_gain":0,"max_hp_loss":0,"event_name":"World of Goop","floor":14,"gold_loss":0},{"damage_healed":0,"gold_gain":0,"player_choice":"Obtained Relic","damage_taken":0,"relics_obtained":["Boot"],"max_hp_gain":0,"max_hp_loss":0,"event_name":"Addict","floor":21,"gold_loss":85},{"damage_healed":0,"gold_gain":0,"player_choice":"Ignored","damage_taken":0,"max_hp_gain":0,"max_hp_loss":0,"event_name":"Upgrade Shrine","floor":22,"gold_loss":0}],"is_beta":false,"boss_relics":[{"not_picked":["Astrolabe","Eternal Feather"],"picked":"Lizard Tail"},{"not_picked":["White Beast Statue","Runic Dome"],"picked":"Busted Crown"}],"items_purged_floors":[],"is_endless":false,"potions_floor_spawned":[1,2,8,16,20,23,25,27,29,31],"ascension_level":20}