{"gold_per_floor":[112,129,144,69,86,86,118,118,118,134,108,119,119,294,294,294],"floor_reached":16,"playtime":3303,"items_purged":["Strike_G"],"score":148,"play_id":"564601f1-60a9-4bc7-917e-32b53fc13796","local_time":"20190304122534","is_ascension_mode":true,"campfire_choices":[{"data":"Footwork","floor":6.0,"key":"SMITH"},{"floor":8.0,"key":"REST"},{"floor":13,"key":"REST"},{"data":"Sucker Punch","floor":15,"key":"SMITH"}],"neow_cost":"NONE","seed_source_timestamp":0,"circlet_count":0,"master_deck":["Defend_G","Defend_G","Defend_G","Defend_G","Defend_G","Strike_G","Strike_G","Strike_G","Strike_G","Survivor","Neutralize","Footwork+1","Sucker Punch+1","Flechettes","Acrobatics","After Image","Acrobatics","Doubt"],"special_seed":0,"relics":["Ring of the Snake","Bag of Preparation","Happy Flower","Frozen Egg 2"],"potions_floor_usage":[12,12,12,16,16,16],"damage_taken":[{"damage":10.0,"enemies":"Jaw Worm","floor":1.0,"turns":7.0},{"damage":0.0,"enemies":"2 Louse","floor":2.0,"turns":3.0},{"damage":0.0,"enemies":"Small Slimes","floor":3.0,"turns":3.0},{"damage":7.0,"enemies":"3 Louse","floor":5.0,"turns":6.0},{"damage":44.0,"enemies":"Gremlin Nob","floor":7.0,"turns":5.0},{"damage":0.0,"enemies":"Exordium Wildlife","floor":10.0,"turns":4.0},{"damage":3,"enemies":"Gremlin Gang","floor":12,"turns":6},{"damage":10,"enemies":"Slime Boss","floor":16,"turns":8}],"seed_played":"631608364112563589","potions_obtained":[{"floor":3.0,"key":"AttackPotion"},{"floor":7.0,"key":"EntropicBrew"},{"floor":10.0,"key":"Dexterity Potion"},{"floor":12,"key":"Block Potion"}],"is_trial":false,"path_per_floor":["M","M","M","$","M","R","E","R","T","M","?","M","R","?","R","B"],"character_chosen":"THE_SILENT","items_purchased":[],"campfire_rested":2,"item_purchase_floors":[],"current_hp_per_floor":[53,53,53,53,46,46,2,23,23,23,23,20,41,41,41,31],"gold":294,"neow_bonus":"RANDOM_COMMON_RELIC","is_prod":false,"is_daily":false,"chose_seed":false,"campfire_upgraded":2,"win_rate":0,"timestamp":1551720334,"path_taken":["M","M","M","$","M","R","E","R","T","M","?","M","R","?","R","BOSS"],"build_version":"2019-01-23","purchased_purges":1,"victory":false,"max_hp_per_floor":[70,70,70,70,70,70,70,70,70,70,70,70,70,70,70,70],"card_choices":[{"not_picked":["Acrobatics","Choke"],"picked":"Footwork","floor":1.0},{"not_picked":["Outmaneuver","Acrobatics"],"picked":"Sucker Punch","floor":2.0},{"not_picked":["Deflect","Slice"],"picked":"Flechettes","floor":3.0},{"not_picked":["Deadly Poison","Reflex"],"picked":"Acrobatics","floor":5.0},{"not_picked":["Escape Plan","Dagger Spray"],"picked":"After Image","floor":7.0},{"not_picked":["Dagger Throw","Backflip","Quick Slash"],"picked":"SKIP","floor":10.0},{"not_picked":["Endless Agony","Flying Knee"],"picked":"Acrobatics","floor":12}],"player_experience":2339064,"relics_obtained":[{"floor":7.0,"key":"Happy Flower"},{"floor":9.0,"key":"Frozen Egg 2"}],"event_choices":[{"damage_healed":0.0,"max_hp_gain":0.0,"max_hp_loss":0.0,"gold_gain":0.0,"event_name":"World of Goop","player_choice":"Left Gold","floor":11.0,"gold_loss":26.0,"damage_taken":0.0},{"damage_healed":0,"gold_gain":175,"player_choice":"AGREE","damage_taken":0,"max_hp_gain":0,"max_hp_loss":0,"event_name":"Liars Game","floor":14,"gold_loss":0,"cards_obtained":["Doubt"]}],"is_beta":false,"boss_relics":[],"items_purged_floors":[4],"is_endless":false,"potions_floor_spawned":[3,7,10,12],"killed_by":"Slime Boss","ascension_level":9}