{"gold_per_floor":[111,111,111,57,67,94,107,107,107,133,153,153,165,175,175,175],"floor_reached":16,"playtime":673,"items_purged":[],"score":253,"play_id":"9e0fe527-6a84-4c27-a38c-ca57ccbe6a77","local_time":"20190428173807","is_ascension_mode":true,"campfire_choices":[{"data":"Armaments","floor":8,"key":"SMITH"},{"data":"Battle Trance","floor":12,"key":"SMITH"},{"floor":15,"key":"REST"}],"neow_cost":"NONE","seed_source_timestamp":256545980288317,"circlet_count":0,"master_deck":["AscendersBane","Strike_R","Strike_R","Strike_R","Defend_R","Defend_R","Defend_R","Defend_R","Bash","Cleave","Cleave","Armaments+1","Battle Trance+1","Reaper","Evolve+1","Thunderclap"],"relics":["Burning Blood","NeowsBlessing","Frozen Egg 2","Omamori","Vajra"],"potions_floor_usage":[13,14,16],"damage_taken":[{"damage":0,"enemies":"Jaw Worm","floor":1,"turns":1},{"damage":0,"enemies":"Cultist","floor":5,"turns":1},{"damage":0,"enemies":"3 Sentries","floor":6,"turns":1},{"damage":8,"enemies":"2 Louse","floor":7,"turns":2},{"damage":28,"enemies":"Gremlin Nob","floor":10,"turns":5},{"damage":5,"enemies":"Large Slime","floor":11,"turns":6},{"damage":19,"enemies":"Exordium Thugs","floor":13,"turns":5},{"damage":10,"enemies":"Blue Slaver","floor":14,"turns":4},{"damage":72,"enemies":"Hexaghost","floor":16,"turns":11}],"seed_played":"-6405535445564265343","potions_obtained":[{"floor":7,"key":"Weak Potion"},{"floor":10,"key":"Poison Potion"},{"floor":14,"key":"GamblersBrew"}],"is_trial":false,"path_per_floor":["M","?","?","$","M","E","M","R","T","E","M","R","M","M","R","B"],"character_chosen":"IRONCLAD","items_purchased":["Cleave"],"campfire_rested":1,"item_purchase_floors":[4],"current_hp_per_floor":[74,67,67,67,73,75,73,73,73,51,52,52,39,40,62,0],"gold":175,"neow_bonus":"THREE_ENEMY_KILL","is_prod":false,"is_daily":false,"chose_seed":false,"campfire_upgraded":2,"win_rate":0,"timestamp":1556482087,"path_taken":["M","?","?","$","M","E","M","R","T","E","M","R","M","M","R","BOSS"],"build_version":"2019-01-23","purchased_purges":0,"victory":false,"max_hp_per_floor":[75,75,75,75,75,75,75,75,75,75,75,75,75,75,75,75],"card_choices":[{"not_picked":["Sword Boomerang","True Grit"],"picked":"Cleave","floor":1},{"not_picked":["Pummel","Combust"],"picked":"Armaments","floor":5},{"not_picked":["Second Wind","Twin Strike","Combust"],"picked":"SKIP","floor":6},{"not_picked":["Armaments","Body Slam","Twin Strike"],"picked":"SKIP","floor":7},{"not_picked":["Clash","Body Slam"],"picked":"Battle Trance","floor":10},{"not_picked":["Twin Strike","Dual Wield"],"picked":"Reaper","floor":11},{"not_picked":["Sword Boomerang","Sever Soul"],"picked":"Evolve+1","floor":13},{"not_picked":["Wild Strike","Anger"],"picked":"Thunderclap","floor":14}],"player_experience":1160028,"relics_obtained":[{"floor":6,"key":"Frozen Egg 2"},{"floor":9,"key":"Omamori"},{"floor":10,"key":"Vajra"}],"event_choices":[{"cards_removed":["Strike_R"],"damage_healed":0,"gold_gain":0,"player_choice":"Card Removal","damage_taken":7,"max_hp_gain":0,"max_hp_loss":0,"event_name":"Golden Wing","floor":2,"gold_loss":0},{"cards_removed":["Strike_R"],"damage_healed":0,"gold_gain":0,"player_choice":"Purged","damage_taken":0,"max_hp_gain":0,"max_hp_loss":0,"event_name":"Purifier","floor":3,"gold_loss":0}],"is_beta":false,"boss_relics":[],"items_purged_floors":[],"is_endless":false,"potions_floor_spawned":[7,10,14],"killed_by":"Hexaghost","ascension_level":17}