{"gold_per_floor":[16,16,27,46,46,77,89,89,89,109,109,131,159,169,169,268,268,257,274,304,80,97,97,20,49,61,73,101,38,149,179,191,303,315,342,402,441,453,465,477,93,121,146,146,156,156,156,175,175,175],"floor_reached":50,"playtime":4537,"items_purged":["Strike_B","Decay"],"score":598,"play_id":"3c8c3aaa-0aed-4107-ab80-fd8125af27bd","local_time":"20180909232746","is_ascension_mode":true,"campfire_choices":[{"floor":8,"key":"REST"},{"data":"Loop","floor":11,"key":"SMITH"},{"data":"Echo Form","floor":15,"key":"SMITH"},{"data":"Buffer","floor":23,"key":"SMITH"},{"floor":27,"key":"REST"},{"floor":32,"key":"REST"},{"floor":40,"key":"REST"},{"floor":44,"key":"REST"},{"floor":47,"key":"REST"},{"floor":49,"key":"REST"}],"neow_cost":"NO_GOLD","seed_source_timestamp":78845830917131,"circlet_count":0,"master_deck":["Defend_B+1","Defend_B","Defend_B","Defend_B","Zap","Dualcast+1","Auto Shields","Loop","Glacier","Conserve Battery","FTL","Loop+1","Echo Form+1","Melter","Glacier","Buffer+1","White Noise","Capacitor","Redo","Thunder Strike","Injury","Pain","Consume+1","Amplify","Redo+1","Tempest+1"],"relics":["Cracked Core","Du-Vu Doll","Pear","Odd Mushroom","Matryoshka","Lizard Tail","Tiny Chest","PreservedInsect","MawBank","The Courier","Vajra","Calling Bell","War Paint","Question Card","WingedGreaves","Bird Faced Urn","Anchor","Regal Pillow","Runic Capacitor","Blood Vial","Ginger","Bag of Preparation","Orichalcum"],"potions_floor_usage":[6,12,16,18,31,33,36,36,50,50],"damage_taken":[{"damage":2,"enemies":"2 Louse","floor":1,"turns":2},{"damage":1,"enemies":"Jaw Worm","floor":3,"turns":3},{"damage":6,"enemies":"Small Slimes","floor":4,"turns":3},{"damage":25,"enemies":"Lagavulin","floor":6,"turns":10},{"damage":0,"enemies":"2 Fungi Beasts","floor":7,"turns":4},{"damage":2,"enemies":"Large Slime","floor":10,"turns":7},{"damage":9,"enemies":"The Mushroom Lair","floor":12,"turns":4},{"damage":11,"enemies":"3 Sentries","floor":13,"turns":8},{"damage":0,"enemies":"Looter","floor":14,"turns":4},{"damage":26,"enemies":"Slime Boss","floor":16,"turns":11},{"damage":18,"enemies":"2 Thieves","floor":18,"turns":4},{"damage":0,"enemies":"Spheric Guardian","floor":19,"turns":2},{"damage":8,"enemies":"Snake Plant","floor":22,"turns":9},{"damage":69,"enemies":"Slavers","floor":25,"turns":8},{"damage":0,"enemies":"Snecko","floor":28,"turns":8},{"damage":24,"enemies":"Centurion and Healer","floor":31,"turns":14},{"damage":46,"enemies":"Automaton","floor":33,"turns":16},{"damage":19,"enemies":"3 Shapes","floor":35,"turns":9},{"damage":41,"enemies":"Mysterious Sphere","floor":36,"turns":6},{"damage":54,"enemies":"Nemesis","floor":42,"turns":9},{"damage":62,"enemies":"3 Darklings","floor":45,"turns":12},{"damage":51,"enemies":"4 Shapes","floor":48,"turns":10},{"damage":88,"enemies":"Awakened One","floor":50,"turns":3}],"seed_played":"7158476495926255962","potions_obtained":[{"floor":1,"key":"PowerPotion"},{"floor":4,"key":"Block Potion"},{"floor":6,"key":"Fire Potion"},{"floor":10,"key":"SpeedPotion"},{"floor":12,"key":"SkillPotion"},{"floor":25,"key":"Swift Potion"},{"floor":28,"key":"Energy Potion"},{"floor":33,"key":"AttackPotion"},{"floor":36,"key":"SteroidPotion"},{"floor":48,"key":"Strength Potion"}],"is_trial":false,"path_per_floor":["M","$","M","M","?","E","M","R","T","M","R","?","E","M","R","B",null,"M","M","?","$","M","R","$","E","T","R","M","?","?","M","R","B",null,"M","?","T","?","?","R","$","E","T","R","M","T","R","M","R"],"character_chosen":"DEFECT","items_purchased":["PreservedInsect","Capacitor","Runic Capacitor","Blood Vial"],"campfire_rested":7,"item_purchase_floors":[21,24,41,41],"current_hp_per_floor":[73,73,72,66,66,41,41,63,73,71,71,62,51,51,51,25,85,67,67,67,67,59,59,59,34,34,59,59,59,59,35,60,14,85,66,25,25,25,25,65,65,33,33,73,27,27,67,34,74,0],"gold":175,"neow_bonus":"REMOVE_TWO","is_prod":false,"is_daily":false,"chose_seed":false,"campfire_upgraded":3,"win_rate":0,"timestamp":1536550066,"path_taken":["M","$","M","M","?","E","M","R","T","M","R","?","E","M","R","BOSS","M","?","?","$","M","R","$","E","T","R","M","?","?","M","R","BOSS","M","?","?","?","?","R","$","E","T","R","M","?","R","M","R","BOSS"],"build_version":"2018-09-06","purchased_purges":2,"victory":false,"max_hp_per_floor":[75,75,75,75,75,75,75,75,85,85,85,85,85,85,85,85,85,85,85,85,85,85,85,85,85,85,85,85,85,85,85,85,85,85,85,85,85,85,85,85,85,85,85,85,85,85,85,85,85,85],"card_choices":[{"not_picked":["Beam Cell","Rebound"],"picked":"Auto Shields","floor":1},{"not_picked":["Chaos","Steam Power"],"picked":"Loop","floor":3},{"not_picked":["Barrage","Leap"],"picked":"Glacier","floor":4},{"not_picked":["Stack","Hello World"],"picked":"Conserve Battery","floor":6},{"not_picked":["Sweeping Beam","Turbo"],"picked":"FTL","floor":7},{"not_picked":["Sweeping Beam","Reprogram"],"picked":"Loop","floor":10},{"not_picked":["Conserve Battery","Hologram"],"picked":"Echo Form","floor":12},{"not_picked":["Multi-Cast","Tempest"],"picked":"Melter","floor":13},{"not_picked":["Genetic Algorithm","Leap"],"picked":"Glacier","floor":14},{"not_picked":["Hyperbeam","Fission"],"picked":"Buffer","floor":16},{"not_picked":["Redo+1","Hologram"],"picked":"White Noise","floor":18},{"not_picked":["Genetic Algorithm","Leap","Beam Cell"],"picked":"SKIP","floor":19},{"not_picked":["Sweeping Beam","Darkness","Ball Lightning"],"picked":"SKIP","floor":22},{"not_picked":["Meteor Strike","Compile Driver"],"picked":"Redo","floor":25},{"not_picked":["Recycle","Ball Lightning","Darkness"],"picked":"SKIP","floor":28},{"not_picked":["Recycle","Steam Power","BootSequence"],"picked":"SKIP","floor":31},{"not_picked":["Reboot","All For One"],"picked":"Thunder Strike","floor":33},{"not_picked":["Hello World+1","Go for the Eyes+1","Blizzard","Sweeping Beam"],"picked":"SKIP","floor":35},{"not_picked":["Beam Cell","Rainbow","Steam"],"picked":"Consume+1","floor":36},{"not_picked":["Aggregate","Steam+1","Streamline"],"picked":"Amplify","floor":42},{"not_picked":["Cold Snap","Turbo+1","Rebound"],"picked":"Redo+1","floor":45},{"not_picked":["Self Repair+1","Stack+1","Heatsinks"],"picked":"Tempest+1","floor":48}],"player_experience":788921,"relics_obtained":[{"floor":6,"key":"Du-Vu Doll"},{"floor":9,"key":"Pear"},{"floor":12,"key":"Odd Mushroom"},{"floor":13,"key":"Matryoshka"},{"floor":25,"key":"MawBank"},{"floor":26,"key":"The Courier"},{"floor":26,"key":"Vajra"},{"floor":34,"key":"War Paint"},{"floor":34,"key":"Question Card"},{"floor":34,"key":"WingedGreaves"},{"floor":36,"key":"Bird Faced Urn"},{"floor":37,"key":"Anchor"},{"floor":37,"key":"Regal Pillow"},{"floor":42,"key":"Ginger"},{"floor":43,"key":"Bag of Preparation"},{"floor":46,"key":"Orichalcum"}],"event_choices":[{"event_name":"Liars Game","player_choice":"disagreed","floor":5,"damage_taken":0},{"event_name":"Mushrooms","player_choice":"Fought Mushrooms","floor":12,"damage_taken":0},{"event_name":"The Mausoleum","player_choice":"Yes","floor":20,"damage_taken":0},{"event_name":"Beggar","player_choice":"Gave Gold","floor":29,"damage_taken":0},{"event_name":"Nest","player_choice":"Stole From Cult","floor":30,"damage_taken":0},{"event_name":"Mysterious Sphere","player_choice":"Fight","floor":36,"damage_taken":0},{"event_name":"Tomb of Lord Red Mask","player_choice":"Ignored","floor":38,"damage_taken":0},{"event_name":"The Moai Head","player_choice":"Ignored","floor":39,"damage_taken":0}],"is_beta":false,"boss_relics":[{"not_picked":["Black Star","Ectoplasm"],"picked":"Lizard Tail"},{"not_picked":["Runic Pyramid","Snecko Eye"],"picked":"Calling Bell"}],"items_purged_floors":[21,41],"is_endless":false,"potions_floor_spawned":[1,4,6,10,12,25,28,33,36,48],"killed_by":"Awakened One","ascension_level":3}