{"gold_per_floor":[110,3,78,95,109,109,127,127,127,127,145,95,95,113,113,113],"floor_reached":16,"playtime":493,"items_purged":["Strike_B","Defend_B"],"score":166,"play_id":"2ff4290a-8024-4827-9b45-416bbd7a8be8","local_time":"20190504082438","is_ascension_mode":true,"campfire_choices":[{"data":"Dualcast","floor":6,"key":"SMITH"},{"data":"Beam Cell","floor":8,"key":"SMITH"},{"data":"Storm","floor":10,"key":"SMITH"},{"floor":15,"key":"REST"}],"neow_cost":"NONE","seed_source_timestamp":23301044580400,"circlet_count":0,"master_deck":["AscendersBane","Strike_B","Strike_B","Strike_B","Defend_B","Defend_B","Defend_B","Zap","Dualcast+1","Beam Cell+1","Storm+1","Heatsinks","Hello World"],"relics":["Cracked Core","Smiling Mask","Blue Candle"],"potions_floor_usage":[11,16,16],"damage_taken":[{"damage":1,"enemies":"2 Louse","floor":1,"turns":2},{"damage":7,"enemies":"Jaw Worm","floor":4,"turns":2},{"damage":0,"enemies":"Small Slimes","floor":5,"turns":3},{"damage":2,"enemies":"Looter","floor":7,"turns":3},{"damage":28,"enemies":"3 Louse","floor":11,"turns":3},{"damage":0,"enemies":"Large Slime","floor":14,"turns":5},{"damage":40,"enemies":"Slime Boss","floor":16,"turns":7}],"seed_played":"-43535561849397733","potions_obtained":[{"floor":1,"key":"Poison Potion"},{"floor":4,"key":"Dexterity Potion"},{"floor":11,"key":"Swift Potion"}],"is_trial":false,"path_per_floor":["M","$","?","M","M","R","M","R","T","R","M","$","?","M","R","B"],"character_chosen":"DEFECT","items_purchased":["Beam Cell"],"campfire_rested":1,"item_purchase_floors":[2],"current_hp_per_floor":[63,63,52,45,45,45,43,43,43,43,15,15,15,15,36,0],"gold":113,"neow_bonus":"RANDOM_COMMON_RELIC","is_prod":false,"is_daily":false,"chose_seed":false,"campfire_upgraded":3,"win_rate":0,"timestamp":1556972678,"path_taken":["M","$","?","M","M","R","M","R","T","R","M","$","?","M","R","BOSS"],"build_version":"2019-01-23","purchased_purges":2,"victory":false,"max_hp_per_floor":[71,71,71,71,71,71,71,71,71,71,71,71,71,71,71,71],"card_choices":[{"not_picked":["Blizzard","Coolheaded","Stack"],"picked":"SKIP","floor":1},{"not_picked":["Turbo","Redo","Compile Driver"],"picked":"SKIP","floor":4},{"not_picked":["Barrage","Coolheaded","Recycle"],"picked":"SKIP","floor":5},{"not_picked":["Leap","Ball Lightning"],"picked":"Storm","floor":7},{"not_picked":["Barrage","Chaos"],"picked":"Heatsinks","floor":11},{"not_picked":["Rip and Tear","Compile Driver"],"picked":"Hello World","floor":14}],"player_experience":2886270,"relics_obtained":[{"floor":9,"key":"Blue Candle"}],"event_choices":[{"damage_healed":0,"gold_gain":75,"player_choice":"Gather Gold","damage_taken":11,"max_hp_gain":0,"max_hp_loss":0,"event_name":"World of Goop","floor":3,"gold_loss":0},{"damage_healed":0,"gold_gain":0,"player_choice":"Ignored","damage_taken":0,"max_hp_gain":0,"max_hp_loss":0,"event_name":"Golden Idol","floor":13,"gold_loss":0}],"is_beta":false,"boss_relics":[],"items_purged_floors":[2,12],"is_endless":false,"potions_floor_spawned":[1,4,11,14],"killed_by":"Slime Boss","ascension_level":16}