{"gold_per_floor":[117,127,138,148,148,148,166,198,243,263,263,438,438,438,438,535,535,551,571,571,432,449,449],"floor_reached":23,"playtime":1029,"items_purged":[],"score":241,"play_id":"1bd12f55-0809-468f-968e-aa5348e7d702","local_time":"20190217165558","is_ascension_mode":true,"campfire_choices":[{"data":"Dash","floor":6,"key":"SMITH"},{"floor":11,"key":"REST"},{"data":"Catalyst","floor":15,"key":"SMITH"}],"neow_cost":"NONE","seed_source_timestamp":176479590503400,"circlet_count":0,"master_deck":["Defend_G","Defend_G","Defend_G","Defend_G","Defend_G","Strike_G","Strike_G","Strike_G","Strike_G","Survivor","Neutralize+1","Dash+1","Dagger Spray","Dagger Throw","Catalyst+1","Night Terror","PiercingWail","Bouncing Flask","Footwork","Corpse Explosion+1","Backflip+1","Backstab+1","Bandage Up+1","Prepared+1","Dodge and Roll+1"],"relics":["Ring of the Snake","Pantograph","Centennial Puzzle","Toxic Egg 2","Velvet Choker"],"potions_floor_usage":[8,23,23],"damage_taken":[{"damage":4,"enemies":"Jaw Worm","floor":1,"turns":6},{"damage":0,"enemies":"Small Slimes","floor":2,"turns":4},{"damage":0,"enemies":"2 Louse","floor":3,"turns":3},{"damage":1,"enemies":"2 Fungi Beasts","floor":4,"turns":3},{"damage":1,"enemies":"Blue Slaver","floor":7,"turns":5},{"damage":39,"enemies":"Gremlin Nob","floor":8,"turns":5},{"damage":9,"enemies":"Red Slaver","floor":10,"turns":4},{"damage":31,"enemies":"Hexaghost","floor":16,"turns":13},{"damage":14,"enemies":"Shell Parasite","floor":18,"turns":3},{"damage":7,"enemies":"Chosen","floor":19,"turns":3},{"damage":2,"enemies":"Shelled Parasite and Fungi","floor":22,"turns":6},{"damage":52,"enemies":"Gremlin Leader","floor":23,"turns":7}],"seed_played":"-2005019287339537396","potions_obtained":[{"floor":1,"key":"SpeedPotion"},{"floor":3,"key":"PowerPotion"},{"floor":10,"key":"SpeedPotion"}],"is_trial":false,"path_per_floor":["M","M","M","M","?","R","M","E","T","M","R","?","?","?","R","B",null,"M","M","?","$","M","E"],"character_chosen":"THE_SILENT","items_purchased":["Bandage Up+1","Prepared+1"],"campfire_rested":1,"item_purchase_floors":[21,21],"current_hp_per_floor":[66,66,66,65,65,65,64,25,25,16,37,37,37,30,30,24,59,45,38,38,38,42,0],"gold":449,"neow_bonus":"UPGRADE_CARD","is_prod":false,"is_daily":false,"chose_seed":false,"campfire_upgraded":2,"win_rate":0,"timestamp":1550440558,"path_taken":["M","M","M","M","?","R","M","E","T","M","R","?","?","?","R","BOSS","M","M","?","$","M","E"],"build_version":"2019-01-23","purchased_purges":0,"victory":false,"max_hp_per_floor":[70,70,70,70,70,70,70,70,70,70,70,70,70,70,70,70,70,70,70,70,70,70,70],"card_choices":[{"not_picked":["Quick Slash","Prepared"],"picked":"Dash","floor":1},{"not_picked":["Slice","Dodge and Roll"],"picked":"Dagger Spray","floor":2},{"not_picked":["Outmaneuver","Eviscerate"],"picked":"Dagger Throw","floor":3},{"not_picked":["Choke","Dash"],"picked":"Catalyst","floor":4},{"not_picked":["Dodge and Roll","Deflect"],"picked":"PiercingWail","floor":7},{"not_picked":["Acrobatics","PiercingWail"],"picked":"Bouncing Flask","floor":8},{"not_picked":["Deadly Poison","Blade Dance"],"picked":"Footwork","floor":10},{"not_picked":["Grand Finale","Phantasmal Killer+1"],"picked":"Corpse Explosion+1","floor":16},{"not_picked":["Riddle With Holes","Dodge and Roll+1"],"picked":"Backflip+1","floor":18},{"not_picked":["Deflect+1","Dagger Throw+1"],"picked":"Backstab+1","floor":19},{"not_picked":["Underhanded Strike","Blade Dance+1"],"picked":"Dodge and Roll+1","floor":22}],"player_experience":2155882,"relics_obtained":[{"floor":8,"key":"Pantograph"},{"floor":9,"key":"Centennial Puzzle"}],"event_choices":[{"damage_healed":0,"gold_gain":0,"cards_transformed":["Strike_G"],"player_choice":"Change","damage_taken":0,"max_hp_gain":0,"max_hp_loss":0,"event_name":"Living Wall","floor":5,"gold_loss":0,"cards_obtained":["Night Terror"]},{"damage_healed":0,"gold_gain":175,"player_choice":"AGREE","damage_taken":0,"max_hp_gain":0,"max_hp_loss":0,"event_name":"Liars Game","floor":12,"gold_loss":0,"cards_obtained":["Doubt"]},{"damage_healed":0,"gold_gain":0,"player_choice":"Box","damage_taken":0,"relics_obtained":["Toxic Egg 2"],"max_hp_gain":0,"max_hp_loss":0,"event_name":"Big Fish","floor":13,"gold_loss":0,"cards_obtained":["Regret"]},{"cards_removed":["Doubt"],"damage_healed":0,"gold_gain":0,"player_choice":"Card Removal","damage_taken":7,"max_hp_gain":0,"max_hp_loss":0,"event_name":"Golden Wing","floor":14,"gold_loss":0},{"cards_removed":["Regret"],"damage_healed":0,"gold_gain":0,"player_choice":"Elegance","damage_taken":0,"max_hp_gain":0,"max_hp_loss":0,"event_name":"Back to Basics","floor":20,"gold_loss":0}],"is_beta":false,"boss_relics":[{"not_picked":["Philosopher\u0027s Stone","Runic Dome"],"picked":"Velvet Choker"}],"items_purged_floors":[],"is_endless":false,"potions_floor_spawned":[1,3,10],"killed_by":"Gremlin Leader","ascension_level":5}