{"gold_per_floor":[110,130,130,141,152,181,191,92,92,92,92,119,149,169,169,244,244,257,257,94,9,9,39,49,74,74,74,91,108,118,146,146,217,217,235,249,249,260,260,290,290,319,331,343,366,378,400,437,449,461,473],"floor_reached":52,"playtime":2510,"items_purged":[],"score":2974,"play_id":"516172ab-b579-4f45-ab25-110c16547e7a","local_time":"20190513145904","daily_mods":["SealedDeck","Hoarder","Elite Swarm"],"is_ascension_mode":true,"campfire_choices":[{"data":"Mind Blast","floor":10.0,"key":"SMITH"},{"data":"Mind Blast","floor":15.0,"key":"SMITH"},{"floor":27.0,"key":"DIG"},{"floor":32.0,"key":"DIG"},{"floor":41.0,"key":"DIG"},{"floor":44.0,"key":"DIG"},{"floor":46.0,"key":"DIG"},{"floor":49.0,"key":"DIG"}],"neow_cost":"","seed_source_timestamp":1779270211092749,"circlet_count":0,"master_deck":["AscendersBane","Ball Lightning","Ball Lightning","Ball Lightning","Beam Cell","Beam Cell","Beam Cell","Sweeping Beam","Sweeping Beam","Sweeping Beam","Hologram","Hologram","Hologram","Sweeping Beam","Sweeping Beam","Sweeping Beam","Stack","Stack","Conserve Battery","Conserve Battery","Conserve Battery","Gash","Gash","Gash","Steam","Steam","Steam","Reinforced Body","Reinforced Body","Reinforced Body","Compile Driver","Compile Driver","Compile Driver","Scrape","Scrape","Scrape","Gash","Gash","Gash","Mind Blast+1","Mind Blast+1","Mind Blast","Reinforced Body","Reinforced Body","Reinforced Body","Bite","Bite","Bite","Bite","Bite","Bite","Bite","Bite","Bite","Bite","Bite","Bite+1","Bite+1","Bite","Buffer","Buffer","Buffer","Seek","Seek","Seek","Go for the Eyes+1","Go for the Eyes+1","Go for the Eyes+1","All For One","All For One","All For One","Buffer","Buffer","Buffer","Hologram","Hologram","Hologram","Buffer","Buffer","Buffer"],"special_seed":0,"relics":["Cracked Core","Symbiotic Virus","Incense Burner","Happy Flower","Shovel","Coffee Dripper","Lantern","Du-Vu Doll","Orichalcum","Pen Nib","Anchor","Omamori","Whetstone","Strawberry","Nuclear Battery","Bottled Flame","Kunai","MawBank","Dream Catcher","Boot","Vajra","Dodecahedron","Bronze Scales"],"potions_floor_usage":[],"damage_taken":[{"damage":0.0,"enemies":"2 Louse","floor":1.0,"turns":2.0},{"damage":0.0,"enemies":"Cultist","floor":2.0,"turns":4.0},{"damage":0.0,"enemies":"Jaw Worm","floor":4.0,"turns":3.0},{"damage":0.0,"enemies":"Blue Slaver","floor":5.0,"turns":3.0},{"damage":13.0,"enemies":"Lagavulin","floor":6.0,"turns":4.0},{"damage":0.0,"enemies":"3 Louse","floor":7.0,"turns":2.0},{"damage":0.0,"enemies":"3 Sentries","floor":13.0,"turns":2.0},{"damage":0.0,"enemies":"Looter","floor":14.0,"turns":1.0},{"damage":0.0,"enemies":"Slime Boss","floor":16.0,"turns":3.0},{"damage":0.0,"enemies":"Chosen","floor":18.0,"turns":1.0},{"damage":0.0,"enemies":"Slavers","floor":23.0,"turns":1.0},{"damage":0.0,"enemies":"Spheric Guardian","floor":24.0,"turns":1.0},{"damage":0.0,"enemies":"Book of Stabbing","floor":25.0,"turns":1.0},{"damage":0.0,"enemies":"Centurion and Healer","floor":28.0,"turns":1.0},{"damage":0.0,"enemies":"Sentry and Sphere","floor":29.0,"turns":1.0},{"damage":0.0,"enemies":"Snake Plant","floor":30.0,"turns":1.0},{"damage":0.0,"enemies":"Slavers","floor":31.0,"turns":1.0},{"damage":0.0,"enemies":"Automaton","floor":33.0,"turns":4.0},{"damage":0.0,"enemies":"3 Shapes","floor":35.0,"turns":1.0},{"damage":0.0,"enemies":"Orb Walker","floor":36.0,"turns":1.0},{"damage":0.0,"enemies":"Sphere and 2 Shapes","floor":38.0,"turns":1.0},{"damage":0.0,"enemies":"Giant Head","floor":40.0,"turns":3.0},{"damage":0.0,"enemies":"Nemesis","floor":42.0,"turns":1.0},{"damage":0.0,"enemies":"Spire Growth","floor":45.0,"turns":1.0},{"damage":0.0,"enemies":"Writhing Mass","floor":47.0,"turns":1.0},{"damage":0.0,"enemies":"Reptomancer","floor":48.0,"turns":1.0},{"damage":0.0,"enemies":"Donu and Deca","floor":50.0,"turns":6.0},{"damage":12,"enemies":"Awakened One","floor":51,"turns":9}],"seed_played":"5876527266598123448","potions_obtained":[{"floor":1.0,"key":"Block Potion"},{"floor":6.0,"key":"Strength Potion"},{"floor":14.0,"key":"FocusPotion"},{"floor":25.0,"key":"Energy Potion"},{"floor":29.0,"key":"EssenceOfSteel"},{"floor":33.0,"key":"Fire Potion"},{"floor":36.0,"key":"EssenceOfSteel"}],"is_trial":true,"path_per_floor":["M","M","?","M","M","E","M","$","T","R","?","T","E","M","R","B",null,"M","?","$","?","?","E","M","E","T","R","M","M","M","E","R","B",null,"M","M","?","M","?","E","R","E","T","R","M","R","M","E","R","B","B",null],"character_chosen":"DEFECT","items_purchased":["Mind Blast","Lantern"],"campfire_rested":0,"item_purchase_floors":[8,20],"current_hp_per_floor":[64,64,64,64,64,51,51,51,51,51,51,51,51,51,51,51,66,66,49,49,49,49,49,49,49,49,49,49,49,49,49,56,56,56,56,56,56,56,56,56,56,56,56,56,56,56,56,56,56,56,55],"gold":485,"neow_bonus":"","is_prod":false,"is_daily":false,"chose_seed":false,"campfire_upgraded":2,"win_rate":0,"timestamp":1557784744,"path_taken":["M","M","?","M","?","E","M","$","T","R","?","?","E","M","R","BOSS","M","?","$","?","?","E","?","E","T","R","M","M","M","E","R","BOSS","M","M","?","?","?","E","R","E","T","R","?","R","M","E","R","BOSS","BOSS"],"build_version":"2019-01-23","purchased_purges":0,"victory":true,"max_hp_per_floor":[71,71,71,71,71,71,71,71,71,71,71,71,71,71,71,71,71,71,49,49,49,49,49,49,49,49,49,49,49,49,49,56,56,56,56,56,56,56,56,56,56,56,56,56,56,56,56,56,56,56,56],"card_choices":[{"not_picked":["Glacier","Coolheaded","Hologram"],"picked":"SKIP","floor":1.0},{"not_picked":["Chaos","Fusion","Rebound"],"picked":"SKIP","floor":2.0},{"not_picked":["Steam Power","Barrage","Streamline"],"picked":"SKIP","floor":4.0},{"not_picked":["Streamline","Conserve Battery"],"picked":"Scrape","floor":5.0},{"not_picked":["Reboot","Rainbow","Amplify"],"picked":"SKIP","floor":6.0},{"not_picked":["Stack","Capacitor"],"picked":"Gash","floor":7.0},{"not_picked":["Meteor Strike","Reboot","Amplify"],"picked":"SKIP","floor":13.0},{"not_picked":["Consume","Doom and Gloom","Force Field"],"picked":"SKIP","floor":14.0},{"not_picked":["Melter","Darkness"],"picked":"Reinforced Body","floor":18.0},{"not_picked":["Thunder Strike","Machine Learning","Creative AI"],"picked":"SKIP","floor":23.0},{"not_picked":["Conserve Battery","Compile Driver+1","Sweeping Beam"],"picked":"SKIP","floor":24.0},{"not_picked":["Core Surge","Fission"],"picked":"Buffer","floor":25.0},{"not_picked":["Barrage","Lockon","Capacitor"],"picked":"SKIP","floor":28.0},{"not_picked":["Barrage","Reinforced Body","White Noise"],"picked":"SKIP","floor":29.0},{"not_picked":["Darkness","Storm","Rip and Tear"],"picked":"SKIP","floor":30.0},{"not_picked":["Rainbow","Amplify"],"picked":"Seek","floor":31.0},{"not_picked":["Heatsinks+1","Static Discharge","Recycle"],"picked":"SKIP","floor":35.0},{"not_picked":["Compile Driver","BootSequence"],"picked":"Go for the Eyes+1","floor":36.0},{"not_picked":["Coolheaded","Compile Driver","Auto Shields"],"picked":"SKIP","floor":38.0},{"not_picked":["Reboot","Hyperbeam"],"picked":"All For One","floor":40.0},{"not_picked":["Meteor Strike","Reboot"],"picked":"Buffer","floor":42.0},{"not_picked":["Storm","Chill+1","Ball Lightning"],"picked":"SKIP","floor":45.0},{"not_picked":["Rebound","Cold Snap"],"picked":"Hologram","floor":47.0},{"not_picked":["Meteor Strike","Multi-Cast"],"picked":"Buffer","floor":48.0}],"player_experience":654503,"relics_obtained":[{"floor":6.0,"key":"Symbiotic Virus"},{"floor":9.0,"key":"Incense Burner"},{"floor":12.0,"key":"Happy Flower"},{"floor":13.0,"key":"Shovel"},{"floor":23.0,"key":"Orichalcum"},{"floor":25.0,"key":"Pen Nib"},{"floor":26.0,"key":"Anchor"},{"floor":27.0,"key":"Omamori"},{"floor":31.0,"key":"Whetstone"},{"floor":32.0,"key":"Strawberry"},{"floor":40.0,"key":"Bottled Flame"},{"floor":41.0,"key":"Kunai"},{"floor":42.0,"key":"MawBank"},{"floor":43.0,"key":"Dream Catcher"},{"floor":44.0,"key":"Boot"},{"floor":46.0,"key":"Vajra"},{"floor":48.0,"key":"Dodecahedron"},{"floor":49.0,"key":"Bronze Scales"}],"event_choices":[{"damage_healed":0.0,"max_hp_gain":0.0,"max_hp_loss":0.0,"gold_gain":0.0,"cards_transformed":["Stack"],"event_name":"Transmorgrifier","player_choice":"Transformed","floor":3.0,"gold_loss":0.0,"damage_taken":0.0,"cards_obtained":["Compile Driver"]},{"damage_healed":0.0,"max_hp_gain":0.0,"max_hp_loss":0.0,"gold_gain":0.0,"event_name":"Golden Wing","player_choice":"Ignored","floor":11.0,"gold_loss":0.0,"damage_taken":0.0},{"damage_healed":0.0,"max_hp_gain":0.0,"max_hp_loss":22.0,"gold_gain":0.0,"event_name":"Vampires","player_choice":"Became a vampire","floor":19.0,"gold_loss":0.0,"damage_taken":0.0,"cards_obtained":["Bite","Bite","Bite","Bite","Bite"]},{"damage_healed":0.0,"max_hp_gain":0.0,"max_hp_loss":0.0,"gold_gain":0.0,"event_name":"Addict","player_choice":"Obtained Relic","floor":21.0,"gold_loss":85.0,"damage_taken":0.0,"relics_obtained":["Du-Vu Doll"]},{"damage_healed":0.0,"max_hp_gain":0.0,"max_hp_loss":0.0,"gold_gain":0.0,"event_name":"Purifier","player_choice":"Ignored","floor":22.0,"gold_loss":0.0,"damage_taken":0.0},{"cards_removed":["Bite"],"damage_healed":0.0,"max_hp_gain":0.0,"max_hp_loss":0.0,"gold_gain":0.0,"event_name":"Purifier","player_choice":"Purged","floor":37.0,"gold_loss":0.0,"damage_taken":0.0},{"damage_healed":0.0,"max_hp_gain":0.0,"max_hp_loss":0.0,"gold_gain":0.0,"event_name":"FaceTrader","player_choice":"Leave","floor":39.0,"gold_loss":0.0,"damage_taken":0.0}],"is_beta":false,"boss_relics":[{"not_picked":["Runic Pyramid","Velvet Choker"],"picked":"Coffee Dripper"},{"not_picked":["Empty Cage","Snecko Eye"],"picked":"Nuclear Battery"}],"items_purged_floors":[],"is_endless":false,"potions_floor_spawned":[1,6,7,14,25,29,31,33,36,38,40,42,47],"ascension_level":20}