{"gold_per_floor":[113,63,81,256,270,270,270,270,297,297,307,324,324,343,343,343],"floor_reached":16,"playtime":500,"items_purged":[],"score":156,"play_id":"3d990d5b-93d3-4f44-973a-fb67286c4703","local_time":"20190419222655","is_ascension_mode":true,"campfire_choices":[{"data":"Double Energy","floor":6,"key":"SMITH"},{"floor":10,"key":"REST"},{"data":"Lockon","floor":13,"key":"SMITH"},{"data":"Echo Form","floor":15,"key":"SMITH"}],"neow_cost":"TEN_PERCENT_HP_LOSS","seed_source_timestamp":262484484766200,"circlet_count":0,"master_deck":["AscendersBane","Strike_B","Strike_B","Defend_B+1","Defend_B","Defend_B","Zap+1","Dualcast","Lockon+1","Double Energy+1","Doubt","Hello World","Regret","Conserve Battery","Coolheaded","Echo Form+1"],"relics":["Cracked Core","Incense Burner","PreservedInsect"],"potions_floor_usage":[16,16,16,16],"damage_taken":[{"damage":3,"enemies":"Jaw Worm","floor":1,"turns":4},{"damage":1,"enemies":"Small Slimes","floor":3,"turns":3},{"damage":13,"enemies":"2 Louse","floor":5,"turns":3},{"damage":9,"enemies":"2 Fungi Beasts","floor":11,"turns":4},{"damage":11,"enemies":"3 Louse","floor":12,"turns":4},{"damage":6,"enemies":"Looter","floor":14,"turns":4},{"damage":29,"enemies":"Slime Boss","floor":16,"turns":3}],"seed_played":"-4645412301873496701","potions_obtained":[{"floor":3,"key":"LiquidBronze"},{"floor":5,"key":"EntropicBrew"}],"is_trial":false,"path_per_floor":["M","?","M","?","M","R","?","?","T","R","M","M","R","M","R","B"],"character_chosen":"DEFECT","items_purchased":[],"campfire_rested":1,"item_purchase_floors":[],"current_hp_per_floor":[61,61,60,60,47,47,34,34,34,53,44,33,33,27,27,0],"gold":343,"neow_bonus":"REMOVE_TWO","is_prod":false,"is_daily":false,"chose_seed":false,"campfire_upgraded":3,"win_rate":0,"timestamp":1555727215,"path_taken":["M","?","M","?","M","R","?","?","T","R","M","M","R","M","R","BOSS"],"build_version":"2019-01-23","purchased_purges":0,"victory":false,"max_hp_per_floor":[64,64,64,64,64,64,64,64,64,64,64,64,64,64,64,64],"card_choices":[{"not_picked":["Steam","Stack"],"picked":"Lockon","floor":1},{"not_picked":["Rebound","Sweeping Beam"],"picked":"Double Energy","floor":3},{"not_picked":["Heatsinks","Go for the Eyes"],"picked":"Hello World","floor":5},{"not_picked":["Aggregate","Recycle"],"picked":"Conserve Battery","floor":11},{"not_picked":["Cold Snap","Rebound"],"picked":"Coolheaded","floor":12},{"not_picked":["White Noise","Coolheaded"],"picked":"Echo Form","floor":14}],"player_experience":2785988,"relics_obtained":[{"floor":9,"key":"PreservedInsect"}],"event_choices":[{"cards_removed":["Strike_B"],"damage_healed":0,"gold_gain":0,"player_choice":"Card Removal","damage_taken":0,"max_hp_gain":0,"max_hp_loss":0,"event_name":"The Cleric","floor":2,"gold_loss":50},{"damage_healed":0,"gold_gain":175,"player_choice":"AGREE","damage_taken":0,"max_hp_gain":0,"max_hp_loss":0,"event_name":"Liars Game","floor":4,"gold_loss":0,"cards_obtained":["Doubt"]},{"damage_healed":0,"gold_gain":0,"player_choice":"Entered Light","damage_taken":13,"max_hp_gain":0,"max_hp_loss":0,"event_name":"Shining Light","floor":7,"gold_loss":0,"cards_upgraded":["Defend_B","Zap"]},{"damage_healed":0,"gold_gain":0,"player_choice":"Box","damage_taken":0,"relics_obtained":["Incense Burner"],"max_hp_gain":0,"max_hp_loss":0,"event_name":"Big Fish","floor":8,"gold_loss":0,"cards_obtained":["Regret"]}],"is_beta":false,"boss_relics":[],"items_purged_floors":[],"is_endless":false,"potions_floor_spawned":[3,5,11,12],"killed_by":"Slime Boss","ascension_level":14}