{"gold_per_floor":[109,125,75,0,17,43,43,77,147,182,192,211,224,254,254,254],"floor_reached":16,"playtime":843,"items_purged":["Defend_B"],"score":140,"play_id":"4c732fda-1d80-4d36-b0f1-1d9c63b9e9c2","local_time":"20190108180804","is_ascension_mode":true,"campfire_choices":[{"data":"Zap","floor":7,"key":"SMITH"},{"floor":15,"key":"REST"}],"neow_cost":"NONE","seed_source_timestamp":13658597375327,"circlet_count":0,"master_deck":["Strike_B","Strike_B","Strike_B","Defend_B","Defend_B","Defend_B","Zap+1","Dualcast","Loop","Cold Snap","Auto Shields","Static Discharge","Glacier","Doom and Gloom","BootSequence","Creative AI"],"relics":["Cracked Core","NeowsBlessing","Du-Vu Doll","DataDisk","Darkstone Periapt","Dodecahedron","Anchor"],"potions_floor_usage":[6,6,11,16],"damage_taken":[{"damage":0,"enemies":"Cultist","floor":1,"turns":1},{"damage":0,"enemies":"Jaw Worm","floor":2,"turns":1},{"damage":0,"enemies":"Small Slimes","floor":5,"turns":1},{"damage":9,"enemies":"Lagavulin","floor":6,"turns":7},{"damage":31,"enemies":"Gremlin Nob","floor":8,"turns":5},{"damage":16,"enemies":"Lagavulin","floor":10,"turns":6},{"damage":0,"enemies":"Exordium Thugs","floor":11,"turns":5},{"damage":0,"enemies":"2 Fungi Beasts","floor":12,"turns":3},{"damage":9,"enemies":"Exordium Wildlife","floor":13,"turns":5},{"damage":34,"enemies":"Slime Boss","floor":16,"turns":9}],"seed_played":"1335418749953669362","potions_obtained":[{"floor":1,"key":"SkillPotion"},{"floor":2,"key":"FocusPotion"},{"floor":5,"key":"LiquidBronze"},{"floor":10,"key":"Explosive Potion"}],"is_trial":false,"path_per_floor":["M","M","?","$","M","E","R","E","T","E","M","M","M","?","R","B"],"character_chosen":"DEFECT","items_purchased":[],"campfire_rested":1,"item_purchase_floors":[],"current_hp_per_floor":[75,75,75,75,75,66,66,35,35,19,19,19,10,10,32,0],"gold":254,"neow_bonus":"THREE_ENEMY_KILL","is_prod":false,"is_daily":false,"chose_seed":false,"campfire_upgraded":1,"win_rate":0,"timestamp":1546988884,"path_taken":["M","M","?","$","M","E","R","E","T","E","M","M","M","?","R","BOSS"],"build_version":"2019-01-03v4","purchased_purges":1,"victory":false,"max_hp_per_floor":[75,75,75,75,75,75,75,75,75,75,75,75,75,75,75,75],"card_choices":[{"not_picked":["Redo","Force Field"],"picked":"Loop","floor":1},{"not_picked":["Leap","Turbo"],"picked":"Cold Snap","floor":2},{"not_picked":["Ball Lightning","Steam"],"picked":"Auto Shields","floor":5},{"not_picked":["Fusion","Hyperbeam"],"picked":"Static Discharge","floor":6},{"not_picked":["Steam","Hyperbeam"],"picked":"Glacier","floor":8},{"not_picked":["Leap","Barrage","Scrape"],"picked":"SKIP","floor":10},{"not_picked":["Leap","Turbo"],"picked":"Doom and Gloom","floor":11},{"not_picked":["Stack","Ball Lightning"],"picked":"BootSequence","floor":12},{"not_picked":["Sweeping Beam","Steam Power"],"picked":"Creative AI","floor":13}],"player_experience":275818,"relics_obtained":[{"floor":6,"key":"Du-Vu Doll"},{"floor":8,"key":"DataDisk"},{"floor":9,"key":"Darkstone Periapt"},{"floor":10,"key":"Dodecahedron"}],"event_choices":[{"cards_removed":["Strike_B"],"damage_healed":0,"gold_gain":0,"player_choice":"Card Removal","damage_taken":0,"max_hp_gain":0,"max_hp_loss":0,"event_name":"The Cleric","floor":3,"gold_loss":50},{"damage_healed":0,"gold_gain":30,"player_choice":"Searched \u00272\u0027 times","damage_taken":0,"relics_obtained":["Anchor"],"max_hp_gain":0,"max_hp_loss":0,"event_name":"Dead Adventurer","floor":14,"gold_loss":0}],"is_beta":false,"boss_relics":[],"items_purged_floors":[4],"is_endless":false,"potions_floor_spawned":[1,2,5,10],"killed_by":"Slime Boss","ascension_level":3}