{"gold_per_floor":[113,188,205,38,58,87,87,121,147,147,167,167,182,209,209,311,311,324,342,76,95,114,149,64,64,64,64,76,92,92,117,117,216,216,235,254,80,94,112,112,141,155,155,155,255,255,275,302,302,302],"floor_reached":50,"playtime":3876,"items_purged":["Strike_G","Defend_G","Defend_G"],"score":589,"play_id":"a004a0e6-0383-4b98-b3a1-6643c14bfe80","local_time":"20180719042548","is_ascension_mode":false,"campfire_choices":[{"floor":7,"key":"REST"},{"floor":10,"key":"REST"},{"floor":12,"key":"REST"},{"data":"Catalyst","floor":15,"key":"SMITH"},{"floor":25,"key":"REST"},{"floor":32,"key":"REST"},{"floor":40,"key":"REST"},{"floor":46,"key":"REST"},{"floor":49,"key":"REST"}],"neow_cost":"FIFTY_PERCENT_DAMAGE","seed_source_timestamp":135833546750125,"circlet_count":0,"master_deck":["Defend_G","Defend_G","Survivor","Neutralize","Dagger Throw","Bouncing Flask","Bandage Up","Backflip","Bane","Backflip","Catalyst+1","Deadly Poison","Tools of the Trade","Bandage Up","Deflect","Outmaneuver","Noxious Fumes","Calculated Gamble+1","Slice","Acrobatics","Bite","Bite","Bite","Bite","Bite","Adrenaline","Bane+1","Terror"],"relics":["Ring of the Snake","Snake Skull","Bag of Marbles","Boot","Lantern","Busted Crown","Ancient Tea Set","Art of War","Pen Nib","Molten Egg 2","Runic Pyramid","Regal Pillow","Singing Bowl","Ninja Scroll"],"potions_floor_usage":[16,16,16,31,33,33,38,41,47,47,48,50,50],"damage_taken":[{"damage":1,"enemies":"Small Slimes","floor":1,"turns":3},{"damage":2,"enemies":"Jaw Worm","floor":3,"turns":3},{"damage":0,"enemies":"Cultist","floor":5,"turns":3},{"damage":15,"enemies":"Gremlin Nob","floor":6,"turns":4},{"damage":19,"enemies":"Lagavulin","floor":8,"turns":6},{"damage":7,"enemies":"Blue Slaver","floor":11,"turns":3},{"damage":3,"enemies":"Large Slime","floor":13,"turns":6},{"damage":16,"enemies":"Gremlin Nob","floor":14,"turns":3},{"damage":19,"enemies":"Hexaghost","floor":16,"turns":6},{"damage":17,"enemies":"Spheric Guardian","floor":18,"turns":5},{"damage":20,"enemies":"2 Thieves","floor":19,"turns":3},{"damage":0,"enemies":"Snake Plant","floor":21,"turns":2},{"damage":14,"enemies":"Cultist and Chosen","floor":22,"turns":5},{"damage":39,"enemies":"Slavers","floor":23,"turns":8},{"damage":18,"enemies":"Centurion and Healer","floor":28,"turns":6},{"damage":15,"enemies":"3 Cultists","floor":29,"turns":5},{"damage":4,"enemies":"Book of Stabbing","floor":31,"turns":3},{"damage":51,"enemies":"Automaton","floor":33,"turns":8},{"damage":35,"enemies":"3 Darklings","floor":35,"turns":5},{"damage":6,"enemies":"3 Shapes","floor":36,"turns":5},{"damage":31,"enemies":"3 Darklings","floor":38,"turns":4},{"damage":11,"enemies":"4 Shapes","floor":39,"turns":6},{"damage":25,"enemies":"Nemesis","floor":41,"turns":3},{"damage":18,"enemies":"Spire Growth","floor":42,"turns":3},{"damage":44,"enemies":"Sphere and 2 Shapes","floor":47,"turns":4},{"damage":24,"enemies":"2 Orb Walkers","floor":48,"turns":4},{"damage":62,"enemies":"Awakened One","floor":50,"turns":5}],"seed_played":"-891871977742754231","potions_obtained":[{"floor":5,"key":"Dexterity Potion"},{"floor":11,"key":"EssenceOfSteel"},{"floor":14,"key":"Fire Potion"},{"floor":16,"key":"GhostInAJar"},{"floor":18,"key":"FairyPotion"},{"floor":23,"key":"FearPotion"},{"floor":28,"key":"Regen Potion"},{"floor":29,"key":"LiquidBronze"},{"floor":33,"key":"SteroidPotion"},{"floor":38,"key":"FearPotion"},{"floor":39,"key":"Weak Potion"},{"floor":44,"key":"Fruit Juice"},{"floor":44,"key":"AttackPotion"},{"floor":47,"key":"Dexterity Potion"},{"floor":48,"key":"LiquidBronze"}],"is_trial":false,"path_per_floor":["M","?","M","$","M","E","R","E","T","R","M","R","M","E","R","B",null,"M","M","$","M","M","E","?","R","T","$","M","M","?","E","R","B",null,"M","M","$","M","M","R","E","M","T","?","?","R","M","E","R"],"character_chosen":"THE_SILENT","items_purchased":["Bandage Up","Bandage Up","Deflect","Outmaneuver","Bane+1"],"campfire_rested":8,"item_purchase_floors":[4,20,20,20,37],"current_hp_per_floor":[34,23,21,21,25,14,35,20,20,41,38,59,60,48,48,33,70,53,37,37,37,31,7,7,28,28,28,18,11,11,21,35,19,49,26,38,38,27,30,44,32,22,22,22,22,49,23,19,51,0],"gold":302,"neow_bonus":"REMOVE_TWO","is_prod":false,"is_daily":false,"chose_seed":false,"campfire_upgraded":1,"win_rate":0,"timestamp":1531988748,"path_taken":["M","?","M","$","M","E","R","E","T","R","M","R","M","E","R","BOSS","M","M","$","M","M","E","?","R","T","$","M","M","?","E","R","BOSS","M","M","$","M","M","R","E","M","T","?","?","R","M","E","R","BOSS"],"build_version":"2018-07-12","purchased_purges":3,"victory":false,"max_hp_per_floor":[70,70,70,70,70,70,70,70,70,70,70,70,70,70,70,70,70,70,70,70,70,70,70,70,70,70,70,70,70,49,49,49,49,49,49,49,49,49,49,49,49,49,49,49,49,49,56,58,58,58],"card_choices":[{"not_picked":["Quick Slash","Outmaneuver"],"picked":"Dagger Throw","floor":1},{"not_picked":["Infinite Blades","All Out Attack"],"picked":"Bouncing Flask","floor":3},{"not_picked":["Calculated Gamble","Blade Dance","PiercingWail"],"picked":"SKIP","floor":5},{"not_picked":["Acrobatics","PiercingWail"],"picked":"Backflip","floor":6},{"not_picked":["Underhanded Strike","Quick Slash"],"picked":"Bane","floor":8},{"not_picked":["Calculated Gamble","A Thousand Cuts"],"picked":"Backflip","floor":11},{"not_picked":["Quick Slash","Underhanded Strike"],"picked":"Catalyst","floor":13},{"not_picked":["Dash","Predator"],"picked":"Deadly Poison","floor":14},{"not_picked":["Adrenaline","Tactician"],"picked":"Tools of the Trade","floor":16},{"not_picked":["Malaise+1"],"picked":"SKIP","floor":18},{"not_picked":["Dagger Spray"],"picked":"SKIP","floor":19},{"not_picked":["Quick Slash"],"picked":"SKIP","floor":21},{"not_picked":[],"picked":"Noxious Fumes","floor":22},{"not_picked":[],"picked":"Calculated Gamble+1","floor":23},{"not_picked":[],"picked":"Slice","floor":28},{"not_picked":[],"picked":"Acrobatics","floor":29},{"not_picked":["Flying Knee"],"picked":"SKIP","floor":31},{"not_picked":[],"picked":"Adrenaline","floor":33},{"not_picked":["Outmaneuver"],"picked":"SKIP","floor":35},{"not_picked":["Dodge and Roll"],"picked":"SKIP","floor":36},{"not_picked":["Crippling Poison+1"],"picked":"SKIP","floor":38},{"not_picked":[],"picked":"Terror","floor":39},{"not_picked":["Cloak And Dagger+1"],"picked":"SKIP","floor":41},{"not_picked":["Poisoned Stab+1"],"picked":"SKIP","floor":42},{"not_picked":["Deadly Poison"],"picked":"Singing Bowl","floor":47},{"not_picked":["Flying Knee+1"],"picked":"Singing Bowl","floor":48}],"player_experience":377463,"relics_obtained":[{"floor":6,"key":"Snake Skull"},{"floor":8,"key":"Bag of Marbles"},{"floor":9,"key":"Boot"},{"floor":14,"key":"Lantern"},{"floor":23,"key":"Ancient Tea Set"},{"floor":26,"key":"Pen Nib"},{"floor":31,"key":"Molten Egg 2"},{"floor":41,"key":"Regal Pillow"},{"floor":43,"key":"Singing Bowl"},{"floor":48,"key":"Ninja Scroll"}],"event_choices":[{"event_name":"World of Goop","player_choice":"Gather Gold","floor":2,"damage_taken":0},{"event_name":"Addict","player_choice":"Obtained Relic","floor":24,"damage_taken":0},{"event_name":"Vampires","player_choice":"Became a vampire","floor":30,"damage_taken":0},{"event_name":"The Lab","player_choice":"Got Potions","floor":44,"damage_taken":0},{"event_name":"Golden Shrine","player_choice":"Pray","floor":45,"damage_taken":0}],"boss_relics":[{"not_picked":["Velvet Choker","Tiny House"],"picked":"Busted Crown"},{"not_picked":["Ring of the Serpent","Calling Bell"],"picked":"Runic Pyramid"}],"items_purged_floors":[4,20,37],"is_endless":false,"potions_floor_spawned":[5,11,14,16,18,23,28,29,33,38,39,47,48],"killed_by":"Awakened One","ascension_level":0}