{"gold_per_floor":[111,121,196,86,261,261,279,299,299,317,317,348,19,34,34,130,130,144,144,179,179,189,189,202,202,277,277,277,58,58,77,77,176,176,195,82,137,137,86,86,99,99,99,115,125,141,141,155,155,155],"floor_reached":51,"playtime":5419,"items_purged":["Defend_B","Doubt"],"score":712,"play_id":"efef9c30-ac36-4a4d-a59d-a956fc72cfa5","local_time":"20190108195627","is_ascension_mode":true,"campfire_choices":[{"data":"Fusion","floor":6,"key":"SMITH"},{"data":"Zap","floor":11,"key":"SMITH"},{"floor":15,"key":"REST"},{"floor":23,"key":"REST"},{"floor":25,"key":"REST"},{"data":"Recycle","floor":27,"key":"SMITH"},{"data":"Dualcast","floor":30,"key":"SMITH"},{"data":"Double Energy","floor":32,"key":"SMITH"},{"data":"Storm","floor":40,"key":"SMITH"},{"data":"Fission","floor":42,"key":"SMITH"},{"floor":49,"key":"REST"}],"neow_cost":"NONE","seed_source_timestamp":15580740554126,"circlet_count":0,"master_deck":["Zap+1","Dualcast+1","Fusion+1","Leap","Auto Shields","Go for the Eyes","Coolheaded","Sweeping Beam","Machine Learning","Glacier","Bandage Up","Loop","Recycle+1","Biased Cognition","Core Surge+1","Biased Cognition+1","Beam Cell+1","Cold Snap","Loop","Skim","Doom and Gloom","Double Energy+1","Tempest+1","Self Repair","Turbo","Electrodynamics","Force Field+1","Chill","Storm+1","Loop","Conserve Battery","Fission+1","Shame","Scrape+1","Static Discharge","Chill"],"relics":["Cracked Core","Pantograph","Dead Branch","Astrolabe","Red Mask","Blood Vial","Cursed Key","StoneCalendar","Blue Candle"],"potions_floor_usage":[16,18,20,31,33,33,41,45,50,50],"damage_taken":[{"damage":5,"enemies":"Small Slimes","floor":1,"turns":2},{"damage":13,"enemies":"Jaw Worm","floor":2,"turns":5},{"damage":0,"enemies":"Cultist","floor":7,"turns":4},{"damage":7,"enemies":"Large Slime","floor":8,"turns":8},{"damage":0,"enemies":"Looter","floor":10,"turns":5},{"damage":41,"enemies":"3 Sentries","floor":12,"turns":7},{"damage":0,"enemies":"2 Fungi Beasts","floor":14,"turns":4},{"damage":2,"enemies":"The Guardian","floor":16,"turns":13},{"damage":8,"enemies":"3 Byrds","floor":18,"turns":3},{"damage":40,"enemies":"Masked Bandits","floor":20,"turns":5},{"damage":5,"enemies":"2 Thieves","floor":22,"turns":4},{"damage":28,"enemies":"Snake Plant","floor":24,"turns":4},{"damage":4,"enemies":"Centurion and Healer","floor":31,"turns":3},{"damage":37,"enemies":"Automaton","floor":33,"turns":9},{"damage":5,"enemies":"3 Shapes","floor":35,"turns":3},{"damage":15,"enemies":"2 Orb Walkers","floor":37,"turns":4},{"damage":23,"enemies":"3 Darklings","floor":41,"turns":3},{"damage":15,"enemies":"4 Shapes","floor":44,"turns":4},{"damage":1,"enemies":"Sphere and 2 Shapes","floor":45,"turns":2},{"damage":9,"enemies":"Spire Growth","floor":46,"turns":4},{"damage":26,"enemies":"3 Darklings","floor":48,"turns":2},{"damage":9,"enemies":"Donu and Deca","floor":50,"turns":5}],"seed_played":"7124143789877957331","potions_obtained":[{"floor":10,"key":"FairyPotion"},{"floor":14,"key":"Fire Potion"},{"floor":16,"key":"Explosive Potion"},{"floor":18,"key":"Strength Potion"},{"floor":28,"key":"LiquidBronze"},{"floor":28,"key":"EssenceOfSteel"},{"floor":28,"key":"PowerPotion"},{"floor":37,"key":"PowerPotion"},{"floor":41,"key":"Dexterity Potion"},{"floor":44,"key":"AttackPotion"},{"floor":46,"key":"Strength Potion"}],"is_trial":false,"path_per_floor":["M","M","?","$","?","R","M","M","T","M","R","E","$","M","R","B",null,"M","?","?","?","M","R","M","R","T","R","?","$","R","M","R","B",null,"M","$","?","?","$","R","M","R","T","M","M","M","?","M","R","B",null],"character_chosen":"DEFECT","items_purchased":["Auto Shields","Glacier","Bandage Up","Loop","Self Repair","Blood Vial","Chill","Storm","Conserve Battery"],"campfire_rested":4,"item_purchase_floors":[4,13,13,13,29,29,36,36,39],"current_hp_per_floor":[70,57,46,46,46,46,46,39,39,39,39,7,7,11,33,60,75,67,53,17,17,16,40,16,40,40,40,40,40,40,49,49,43,80,80,80,65,65,65,65,44,44,44,31,32,25,25,8,32,54],"gold":155,"neow_bonus":"REMOVE_CARD","is_prod":false,"is_daily":false,"chose_seed":false,"campfire_upgraded":7,"win_rate":0,"timestamp":1546995387,"path_taken":["M","M","?","$","?","R","M","M","T","?","R","E","?","M","R","BOSS","M","?","?","?","M","R","M","R","T","R","?","$","R","M","R","BOSS","M","?","?","?","$","R","M","R","T","M","?","M","?","M","R","BOSS"],"build_version":"2019-01-03v4","purchased_purges":2,"victory":true,"max_hp_per_floor":[75,75,75,75,75,75,75,75,75,75,75,75,75,75,75,75,75,75,80,80,80,80,80,80,80,80,80,80,80,80,80,80,80,80,80,80,80,80,80,80,80,80,80,80,80,80,80,80,80,80],"card_choices":[{"not_picked":["Ball Lightning","Turbo"],"picked":"Fusion","floor":1},{"not_picked":["Stack","Lockon"],"picked":"Leap","floor":2},{"not_picked":["Leap","Turbo"],"picked":"Go for the Eyes","floor":7},{"not_picked":["Compile Driver","Cold Snap"],"picked":"Coolheaded","floor":8},{"not_picked":["Aggregate","Leap"],"picked":"Sweeping Beam","floor":10},{"not_picked":["Fusion","Rip and Tear"],"picked":"Machine Learning","floor":12},{"not_picked":["Steam","Rip and Tear"],"picked":"Recycle","floor":14},{"not_picked":["Hyperbeam","Amplify"],"picked":"Biased Cognition","floor":16},{"not_picked":["Ball Lightning","Conserve Battery"],"picked":"Cold Snap","floor":18},{"not_picked":["Fusion","Gash"],"picked":"Loop","floor":20},{"not_picked":["Steam","Double Energy","Compile Driver"],"picked":"SKIP","floor":22},{"not_picked":["Steam","Compile Driver"],"picked":"Double Energy","floor":22},{"not_picked":["Cold Snap+1","Sweeping Beam"],"picked":"Tempest+1","floor":24},{"not_picked":["Steam Power","Streamline"],"picked":"Turbo","floor":31},{"not_picked":["Thunder Strike","Seek"],"picked":"Electrodynamics","floor":33},{"not_picked":["Go for the Eyes+1","Stack"],"picked":"Force Field+1","floor":35},{"not_picked":["Sweeping Beam+1","Hello World"],"picked":"Loop","floor":37},{"not_picked":["Beam Cell","Sweeping Beam"],"picked":"Fission","floor":41},{"not_picked":["Gash","Sweeping Beam+1","Go for the Eyes+1"],"picked":"SKIP","floor":44},{"not_picked":["Skim+1","Cold Snap+1"],"picked":"Scrape+1","floor":45},{"not_picked":["Reprogram+1","Skim+1"],"picked":"Static Discharge","floor":46},{"not_picked":["Aggregate","Conserve Battery+1"],"picked":"Chill","floor":48}],"player_experience":277717,"relics_obtained":[{"floor":9,"key":"Pantograph"},{"floor":12,"key":"Dead Branch"},{"floor":20,"key":"Red Mask"},{"floor":37,"key":"StoneCalendar"},{"floor":43,"key":"Blue Candle"}],"event_choices":[{"damage_healed":0,"gold_gain":75,"player_choice":"Gather Gold","damage_taken":11,"max_hp_gain":0,"max_hp_loss":0,"event_name":"World of Goop","floor":3,"gold_loss":0},{"damage_healed":0,"gold_gain":175,"player_choice":"AGREE","damage_taken":0,"max_hp_gain":0,"max_hp_loss":0,"event_name":"Liars Game","floor":5,"gold_loss":0,"cards_obtained":["Doubt"]},{"damage_healed":0,"gold_gain":0,"player_choice":"Shed Blood","damage_taken":19,"max_hp_gain":5,"max_hp_loss":0,"event_name":"Forgotten Altar","floor":19,"gold_loss":0},{"damage_healed":0,"gold_gain":0,"player_choice":"Fought Bandits","damage_taken":0,"max_hp_gain":0,"max_hp_loss":0,"event_name":"Masked Bandits","floor":20,"gold_loss":0},{"damage_healed":0,"gold_gain":0,"cards_transformed":["Strike_B","Defend_B"],"player_choice":"Became Test Subject","damage_taken":0,"max_hp_gain":0,"max_hp_loss":0,"event_name":"Drug Dealer","floor":21,"gold_loss":0,"cards_obtained":["Skim","Doom and Gloom"]},{"damage_healed":0,"gold_gain":0,"player_choice":"Got Potions","damage_taken":0,"max_hp_gain":0,"max_hp_loss":0,"event_name":"Lab","floor":28,"gold_loss":0},{"damage_healed":0,"gold_gain":0,"player_choice":"Fight","damage_taken":0,"max_hp_gain":0,"max_hp_loss":0,"event_name":"Mysterious Sphere","floor":37,"gold_loss":0},{"cards_removed":["Defend_B"],"damage_healed":0,"gold_gain":0,"player_choice":"Purged","damage_taken":0,"max_hp_gain":0,"max_hp_loss":0,"event_name":"Purifier","floor":38,"gold_loss":0},{"damage_healed":0,"gold_gain":0,"player_choice":"Ignored","damage_taken":0,"max_hp_gain":0,"max_hp_loss":0,"event_name":"Tomb of Lord Red Mask","floor":47,"gold_loss":0}],"is_beta":false,"boss_relics":[{"not_picked":["Lizard Tail","Runic Pyramid"],"picked":"Astrolabe"},{"not_picked":["White Beast Statue","Coffee Dripper"],"picked":"Cursed Key"}],"items_purged_floors":[4,13],"is_endless":false,"potions_floor_spawned":[10,14,16,18,37,41,44,46],"ascension_level":3}