{"path_per_floor":["M","?","$","M","M","R","E","R","T","E","M","$","?","?","R","B",null,"M","?","M","$","?","E","R","?","T","E","M","?","M","E","R"],"character_chosen":"THE_SILENT","items_purchased":[],"gold_per_floor":[113,113,38,54,64,64,95,95,95,128,148,48,48,48,48,149,149,160,160,177,52,52,84,84,84,84,145,162,162,173,200,200,200],"floor_reached":33,"campfire_rested":1,"playtime":2040,"item_purchase_floors":[],"current_hp_per_floor":[70,70,70,65,65,65,46,46,46,45,45,45,45,45,45,38,70,70,70,55,55,70,55,55,55,69,59,59,59,47,51,76,0],"items_purged":["Flash of Steel","Defend_G","Injury"],"gold":200,"score":373,"play_id":"8fdfe71e-972d-446e-bd3a-9aa08487b00a","local_time":"20180608024105","is_prod":false,"is_daily":false,"chose_seed":false,"is_ascension_mode":true,"campfire_upgraded":4,"win_rate":0,"timestamp":1528418465,"campfire_choices":[{"data":"Neutralize","floor":6,"key":"SMITH"},{"data":"Neutralize","floor":8,"key":"SMITH"},{"data":"Dash","floor":15,"key":"SMITH"},{"data":"Bullet Time","floor":24,"key":"SMITH"},{"floor":32,"key":"REST"}],"path_taken":["M","?","?","M","M","R","E","R","T","E","M","$","?","?","R","BOSS","M","?","M","$","?","E","R","?","T","E","M","?","M","E","R","BOSS"],"build_version":"2018-05-31","seed_source_timestamp":1916732304349848,"purchased_purges":3,"victory":false,"master_deck":["Survivor","Neutralize+1","Bullet Time","Neutralize+1","Deflect","Dash+1","Finisher","Dash","Deadly Poison","Bullet Time+1","Dagger Throw","Dodge and Roll","Bane","Flechettes","Poisoned Stab","Backflip","Dodge and Roll","Dodge and Roll","Dagger Throw","Flying Knee","Choke","Noxious Fumes","Underhanded Strike","Choke","Bouncing Flask"],"max_hp_per_floor":[70,70,70,70,70,70,70,70,70,70,70,70,70,70,70,70,70,70,70,70,70,70,70,70,70,84,84,84,84,84,84,84,84],"relics":["Ring of the Snake","Question Card","Meat on the Bone","Bronze Scales","Pandora\u0027s Box","Pen Nib","Mango","Tiny Chest","Ice Cream"],"card_choices":[{"not_picked":["Bane","Quick Slash","Dodge and Roll"],"picked":"SKIP","floor":1},{"not_picked":["Sucker Punch","Flechettes"],"picked":"Dash","floor":4},{"not_picked":["Dagger Spray","Cloak And Dagger"],"picked":"Finisher","floor":5},{"not_picked":["Acrobatics","Outmaneuver","Slice"],"picked":"SKIP","floor":7},{"not_picked":["Bane","Calculated Gamble","Venomology"],"picked":"Dash","floor":10},{"not_picked":["Outmaneuver","Quick Slash","Underhanded Strike"],"picked":"Deadly Poison","floor":11},{"not_picked":["Wraith Form v2","Tools of the Trade","After Image"],"picked":"Bullet Time","floor":16},{"not_picked":["Poisoned Stab","Escape Plan","Outmaneuver+1","PiercingWail+1"],"picked":"SKIP","floor":18},{"not_picked":["Escape Plan","PiercingWail","Prepared"],"picked":"Flying Knee","floor":20},{"not_picked":["Slice+1","Blade Dance","Poisoned Stab"],"picked":"Choke","floor":23},{"not_picked":["Bane","Dagger Throw","Outmaneuver"],"picked":"Noxious Fumes","floor":27},{"not_picked":["PiercingWail","Unload","Bane"],"picked":"Underhanded Strike","floor":28},{"not_picked":["Acrobatics","Outmaneuver","Quick Slash"],"picked":"Choke","floor":30},{"not_picked":["All Out Attack","Dodge and Roll","Dagger Spray"],"picked":"Bouncing Flask","floor":31}],"player_experience":247839,"potions_floor_usage":[7,18,23,31,33],"damage_taken":[{"damage":0,"enemies":"Jaw Worm","floor":1,"turns":6},{"damage":5,"enemies":"Cultist","floor":4,"turns":5},{"damage":0,"enemies":"2 Louse","floor":5,"turns":2},{"damage":19,"enemies":"Lagavulin","floor":7,"turns":9},{"damage":13,"enemies":"3 Sentries","floor":10,"turns":11},{"damage":0,"enemies":"Exordium Thugs","floor":11,"turns":4},{"damage":7,"enemies":"The Guardian","floor":16,"turns":10},{"damage":0,"enemies":"Chosen","floor":18,"turns":3},{"damage":15,"enemies":"Spheric Guardian","floor":20,"turns":4},{"damage":15,"enemies":"Book of Stabbing","floor":23,"turns":7},{"damage":10,"enemies":"Slavers","floor":27,"turns":6},{"damage":0,"enemies":"Chosen and Byrds","floor":28,"turns":5},{"damage":12,"enemies":"Snake Plant","floor":30,"turns":2},{"damage":8,"enemies":"Book of Stabbing","floor":31,"turns":3},{"damage":85,"enemies":"Champ","floor":33,"turns":10}],"relics_obtained":[{"floor":7,"key":"Question Card"},{"floor":9,"key":"Meat on the Bone"},{"floor":10,"key":"Bronze Scales"},{"floor":23,"key":"Pen Nib"},{"floor":26,"key":"Mango"},{"floor":27,"key":"Tiny Chest"},{"floor":31,"key":"Ice Cream"}],"event_choices":[{"event_name":"Match and Keep!","player_choice":"3 cards matched","floor":2,"damage_taken":0},{"event_name":"Wheel of Change","player_choice":"Curse","floor":13,"damage_taken":0},{"event_name":"Transmorgrifier","player_choice":"Transform","floor":14,"damage_taken":0},{"event_name":"Vampires","player_choice":"Ignored","floor":19,"damage_taken":0},{"event_name":"The Library","player_choice":"Heal","floor":22,"damage_taken":0},{"event_name":"Cursed Tome","player_choice":"Ignored","floor":25,"damage_taken":0},{"event_name":"Ghosts","player_choice":"Ignored","floor":29,"damage_taken":0}],"boss_relics":[{"not_picked":["Tiny House","Runic Pyramid"],"picked":"Pandora\u0027s Box"}],"items_purged_floors":[3,12,21],"potions_floor_spawned":[4,11,16,18,23,27,30],"seed_played":"-6882440067732177967","killed_by":"Champ","ascension_level":4,"potions_obtained":[{"floor":4,"key":"LiquidBronze"},{"floor":11,"key":"Ancient Potion"},{"floor":16,"key":"Swift Potion"},{"floor":18,"key":"EssenceOfSteel"},{"floor":23,"key":"SteroidPotion"},{"floor":27,"key":"SpeedPotion"},{"floor":30,"key":"Explosive Potion"}],"is_trial":false}