{"gold_per_floor":[116,116,77,90,52,52,70,70,119,130,130,145,145,180,180,285,285,300,225,225,236,236,236,252,252,307,341,341,341,315,328,328,328],"floor_reached":33,"playtime":3493,"items_purged":["Strike_G"],"score":316,"play_id":"ebb1c943-9873-4917-90e7-2211027408c5","local_time":"20190202051656","is_ascension_mode":true,"campfire_choices":[{"data":"Caltrops","floor":6.0,"key":"SMITH"},{"data":"All Out Attack","floor":8.0,"key":"SMITH"},{"data":"Neutralize","floor":13.0,"key":"SMITH"},{"floor":15.0,"key":"REST"},{"data":"Corpse Explosion","floor":23,"key":"SMITH"},{"data":"Poisoned Stab","floor":25,"key":"SMITH"},{"data":"Outmaneuver","floor":29,"key":"SMITH"},{"floor":32,"key":"REST"}],"neow_cost":"NONE","seed_source_timestamp":0,"circlet_count":0,"master_deck":["Defend_G+1","Defend_G+1","Defend_G+1","Defend_G+1","Defend_G+1","Strike_G+1","Strike_G+1","Survivor+1","Neutralize+1","Blur+1","Caltrops+1","Backflip","All Out Attack+1","Prepared","PiercingWail","Underhanded Strike","Dagger Spray","Corpse Explosion+1","Deadly Poison+1","Outmaneuver+1","Dagger Spray","Quick Slash","Poisoned Stab+1","PiercingWail","Poisoned Stab","Poisoned Stab"],"special_seed":0,"relics":["Ring of the Serpent","Boot","Snake Skull","Art of War","Tiny Chest","Sundial"],"potions_floor_usage":[27,33,33],"damage_taken":[{"damage":0.0,"enemies":"2 Louse","floor":1.0,"turns":2.0},{"damage":4.0,"enemies":"Small Slimes","floor":4.0,"turns":5.0},{"damage":0.0,"enemies":"Jaw Worm","floor":7.0,"turns":4.0},{"damage":0.0,"enemies":"Exordium Wildlife","floor":10.0,"turns":3.0},{"damage":0.0,"enemies":"Red Slaver","floor":12.0,"turns":4.0},{"damage":31.0,"enemies":"Gremlin Nob","floor":14.0,"turns":5.0},{"damage":33.0,"enemies":"The Guardian","floor":16.0,"turns":13.0},{"damage":1.0,"enemies":"Chosen","floor":18.0,"turns":6.0},{"damage":17,"enemies":"2 Thieves","floor":21,"turns":3},{"damage":4,"enemies":"Centurion and Healer","floor":24,"turns":5},{"damage":8,"enemies":"Book of Stabbing","floor":27,"turns":5},{"damage":0,"enemies":"3 Cultists","floor":31,"turns":2},{"damage":81,"enemies":"Champ","floor":33,"turns":9}],"seed_played":"-1597296358202404558","potions_obtained":[{"floor":1.0,"key":"Poison Potion"},{"floor":4.0,"key":"Fruit Juice"},{"floor":12.0,"key":"FairyPotion"},{"floor":16.0,"key":"FearPotion"},{"floor":18,"key":"Swift Potion"},{"floor":21,"key":"Dexterity Potion"}],"is_trial":false,"path_per_floor":["M","?","$","M","$","R","M","R","T","M","?","M","R","E","R","B",null,"M","$","?","M","?","R","M","R","T","E","?","R","$","M","R","B"],"character_chosen":"THE_SILENT","items_purchased":["Caltrops","All Out Attack","Poisoned Stab"],"campfire_rested":2,"item_purchase_floors":[3,5,30],"current_hp_per_floor":[77,62,62,63,63,63,63,63,63,63,63,63,63,32,56,23,82,81,81,81,64,64,64,60,60,60,52,52,52,52,52,76,0],"gold":328,"neow_bonus":"TEN_PERCENT_HP_BONUS","is_prod":false,"is_daily":false,"chose_seed":false,"campfire_upgraded":6,"win_rate":0,"timestamp":1549102616,"path_taken":["M","?","$","M","$","R","M","R","T","M","?","M","R","E","R","BOSS","M","$","?","M","?","R","M","R","T","E","?","R","?","M","R","BOSS"],"build_version":"2019-01-23","purchased_purges":1,"victory":false,"max_hp_per_floor":[77,77,77,82,82,82,82,82,82,82,82,82,82,82,82,82,82,82,82,82,82,82,82,82,82,82,82,82,82,82,82,82,82],"card_choices":[{"not_picked":["Tactician","Concentrate"],"picked":"Blur","floor":1.0},{"not_picked":["Endless Agony","Blade Dance"],"picked":"Backflip","floor":4.0},{"not_picked":["Dagger Throw","Escape Plan"],"picked":"Prepared","floor":7.0},{"not_picked":["All Out Attack","Poisoned Stab"],"picked":"PiercingWail","floor":10.0},{"not_picked":["Dagger Throw","Deadly Poison"],"picked":"Underhanded Strike","floor":12.0},{"not_picked":["Acrobatics","All Out Attack"],"picked":"Dagger Spray","floor":14.0},{"not_picked":["A Thousand Cuts","Wraith Form v2"],"picked":"Corpse Explosion","floor":16.0},{"not_picked":["Infinite Blades","Dodge and Roll"],"picked":"Deadly Poison+1","floor":18},{"not_picked":["Prepared","Dagger Throw"],"picked":"Outmaneuver","floor":21},{"not_picked":["Dagger Spray","Dagger Throw"],"picked":"Poisoned Stab","floor":24},{"not_picked":["Flying Knee","Quick Slash+1"],"picked":"PiercingWail","floor":27},{"not_picked":["Backflip","Adrenaline"],"picked":"Poisoned Stab","floor":31}],"player_experience":2072311,"relics_obtained":[{"floor":9.0,"key":"Boot"},{"floor":14.0,"key":"Art of War"},{"floor":26,"key":"Tiny Chest"},{"floor":27,"key":"Sundial"}],"event_choices":[{"damage_healed":0.0,"max_hp_gain":0.0,"max_hp_loss":0.0,"gold_gain":0.0,"event_name":"Shining Light","player_choice":"Entered Light","floor":2.0,"gold_loss":0.0,"damage_taken":15.0,"cards_upgraded":["Survivor","Blur"]},{"damage_healed":0.0,"max_hp_gain":0.0,"max_hp_loss":0.0,"gold_gain":0.0,"event_name":"Dead Adventurer","player_choice":"Searched \u00271\u0027 times","floor":11.0,"gold_loss":0.0,"damage_taken":0.0,"relics_obtained":["Snake Skull"]},{"damage_healed":0,"gold_gain":0,"player_choice":"Ignored","damage_taken":0,"max_hp_gain":0,"max_hp_loss":0,"event_name":"Beggar","floor":20,"gold_loss":0},{"damage_healed":0,"gold_gain":0,"cards_transformed":["Strike_G","Strike_G"],"player_choice":"Became Test Subject","damage_taken":0,"max_hp_gain":0,"max_hp_loss":0,"event_name":"Drug Dealer","floor":22,"gold_loss":0,"cards_obtained":["Dagger Spray","Quick Slash"]},{"damage_healed":0,"gold_gain":0,"player_choice":"Simplicity","damage_taken":0,"max_hp_gain":0,"max_hp_loss":0,"event_name":"Back to Basics","floor":28,"gold_loss":0,"cards_upgraded":["Defend_G","Defend_G","Defend_G","Defend_G","Defend_G","Strike_G","Strike_G"]}],"is_beta":false,"boss_relics":[{"not_picked":["Runic Pyramid","White Beast Statue"],"picked":"Ring of the Serpent"}],"items_purged_floors":[19],"is_endless":false,"potions_floor_spawned":[1,4,12,16,18,21],"killed_by":"Champ","ascension_level":4}