{"gold_per_floor":[116,6,6,21,37,37,55,55,55,35,35,67,67,32,32,129,129,141,161,137,137,151,178,178,198,221,221,29,40,65,76,76,76],"floor_reached":33,"playtime":1995,"items_purged":["Defend_R"],"score":463,"play_id":"30c94204-5024-4309-93bd-add7311d38df","local_time":"20190105120011","is_ascension_mode":true,"campfire_choices":[{"data":"Berserk","floor":6,"key":"SMITH"},{"floor":8,"key":"REST"},{"data":"Shockwave","floor":13,"key":"SMITH"},{"data":"Pommel Strike","floor":15,"key":"SMITH"},{"floor":24,"key":"REST"},{"floor":27,"key":"REST"},{"floor":32,"key":"REST"}],"neow_cost":"PERCENT_DAMAGE","seed_source_timestamp":749043423374011,"circlet_count":0,"master_deck":["AscendersBane","Strike_R","Strike_R","Defend_R+1","Defend_R","Defend_R","Bash","Berserk+1","Intimidate+1","Wild Strike+1","Metallicize","Burning Pact","Wild Strike","Pommel Strike+1","Shockwave+1","Demon Form","Offering+1","True Grit+1","Iron Wave","Wild Strike","Armaments+1","Wild Strike+1","Regret","Magnetism","Flame Barrier","Pain","Intimidate+1"],"relics":["Burning Blood","Gremlin Horn","Charon\u0027s Ashes","Cursed Key","Nilry\u0027s Codex","Girya","War Paint","Bronze Scales"],"potions_floor_usage":[12,16,18,23,25,31],"damage_taken":[{"damage":4,"enemies":"Jaw Worm","floor":1,"turns":5},{"damage":18,"enemies":"Small Slimes","floor":4,"turns":3},{"damage":1,"enemies":"2 Louse","floor":5,"turns":3},{"damage":14,"enemies":"Blue Slaver","floor":7,"turns":3},{"damage":11,"enemies":"Exordium Thugs","floor":10,"turns":4},{"damage":0,"enemies":"Lagavulin","floor":12,"turns":7},{"damage":40,"enemies":"The Guardian","floor":16,"turns":9},{"damage":30,"enemies":"2 Thieves","floor":18,"turns":3},{"damage":0,"enemies":"Chosen","floor":19,"turns":4},{"damage":13,"enemies":"Shelled Parasite and Fungi","floor":22,"turns":5},{"damage":18,"enemies":"Slavers","floor":23,"turns":4},{"damage":17,"enemies":"Centurion and Healer","floor":25,"turns":3},{"damage":21,"enemies":"Cultist and Chosen","floor":29,"turns":4},{"damage":17,"enemies":"Snecko","floor":31,"turns":4},{"damage":65,"enemies":"Champ","floor":33,"turns":10}],"seed_played":"-4176890795741606237","potions_obtained":[{"floor":7,"key":"Block Potion"},{"floor":10,"key":"Explosive Potion"},{"floor":12,"key":"Dexterity Potion"},{"floor":22,"key":"BloodPotion"},{"floor":23,"key":"Fire Potion"},{"floor":25,"key":"SteroidPotion"}],"is_trial":false,"path_per_floor":["M","$","?","M","M","R","M","R","T","M","?","E","R","?","R","B",null,"M","M","$","?","M","E","R","M","T","R","$","M","T","M","R","B"],"character_chosen":"IRONCLAD","items_purchased":["Metallicize","Wild Strike","Magnetism"],"campfire_rested":4,"item_purchase_floors":[2,20,28],"current_hp_per_floor":[53,53,37,25,30,30,22,46,46,41,34,40,40,60,60,26,67,43,49,49,33,26,22,46,35,35,59,59,44,44,33,57,0],"gold":76,"neow_bonus":"TRANSFORM_TWO_CARDS","is_prod":false,"is_daily":false,"chose_seed":false,"campfire_upgraded":3,"win_rate":0,"timestamp":1546707611,"path_taken":["M","$","?","M","M","R","M","R","T","M","?","E","R","?","R","BOSS","M","M","$","?","M","E","R","M","T","R","$","M","?","M","R","BOSS"],"build_version":"2019-01-03v4","purchased_purges":1,"victory":false,"max_hp_per_floor":[80,80,80,80,80,80,80,80,80,80,80,80,80,80,80,80,80,80,80,80,80,80,80,80,80,80,80,80,80,80,80,80,80],"card_choices":[{"not_picked":["Headbutt","Blood for Blood"],"picked":"Wild Strike","floor":1},{"not_picked":["Bloodletting","Havoc"],"picked":"Burning Pact","floor":4},{"not_picked":["Sword Boomerang","Iron Wave"],"picked":"Wild Strike","floor":5},{"not_picked":["Combust","Uppercut"],"picked":"Pommel Strike","floor":7},{"not_picked":["Pummel","Perfected Strike"],"picked":"Shockwave","floor":10},{"not_picked":["Sentinel","Cleave"],"picked":"Demon Form","floor":12},{"not_picked":["Berserk","Demon Form"],"picked":"Offering","floor":16},{"not_picked":["Fire Breathing","Flex+1"],"picked":"True Grit+1","floor":18},{"not_picked":["Corruption","Rupture"],"picked":"Iron Wave","floor":19},{"not_picked":["Intimidate","Feel No Pain"],"picked":"Armaments+1","floor":22},{"not_picked":["Havoc","Cleave"],"picked":"Wild Strike+1","floor":23},{"not_picked":["Perfected Strike","Bloodletting+1","Shockwave+1"],"picked":"SKIP","floor":25},{"not_picked":["Cleave","Thunderclap+1"],"picked":"Flame Barrier","floor":29},{"not_picked":["Exhume","Dual Wield"],"picked":"Intimidate+1","floor":31}],"player_experience":1704569,"relics_obtained":[{"floor":9,"key":"Gremlin Horn"},{"floor":12,"key":"Charon\u0027s Ashes"},{"floor":21,"key":"Nilry\u0027s Codex"},{"floor":23,"key":"Girya"},{"floor":26,"key":"War Paint"},{"floor":30,"key":"Bronze Scales"}],"event_choices":[{"damage_healed":0,"gold_gain":0,"player_choice":"Entered Light","damage_taken":16,"max_hp_gain":0,"max_hp_loss":0,"event_name":"Shining Light","floor":3,"gold_loss":0,"cards_upgraded":["Defend_R","Wild Strike"]},{"cards_removed":["Strike_R"],"damage_healed":0,"gold_gain":0,"player_choice":"Card Removal","damage_taken":7,"max_hp_gain":0,"max_hp_loss":0,"event_name":"Golden Wing","floor":11,"gold_loss":0},{"damage_healed":20,"gold_gain":0,"player_choice":"Healed","damage_taken":0,"max_hp_gain":0,"max_hp_loss":0,"event_name":"The Cleric","floor":14,"gold_loss":35},{"damage_healed":0,"gold_gain":0,"player_choice":"Obtained Book","damage_taken":16,"max_hp_gain":0,"max_hp_loss":0,"event_name":"Cursed Tome","floor":21,"gold_loss":0}],"is_beta":false,"boss_relics":[{"not_picked":["Snecko Eye","Black Blood"],"picked":"Cursed Key"}],"items_purged_floors":[2],"is_endless":false,"potions_floor_spawned":[7,10,12,22,23,25],"killed_by":"Champ","ascension_level":10}