{"gold_per_floor":[119,194,194,208,2,2,68,68,68,68,161,161,210,284,284,398,398,463,388,432,432,480,480,504,91,91,140,178,178,227,241,241,241],"floor_reached":33,"playtime":1584,"items_purged":["Strike_R","Strike_R"],"score":525,"play_id":"b78c2609-b8c4-4ebf-9da5-c2a6d603bbd9","local_time":"20190407021840","is_ascension_mode":true,"campfire_choices":[{"data":"HandOfGreed","floor":6.0,"key":"SMITH"},{"data":"Flame Barrier","floor":8.0,"key":"SMITH"},{"data":"Blood for Blood","floor":10.0,"key":"SMITH"},{"floor":15.0,"key":"REST"},{"floor":23.0,"key":"REST"},{"floor":32,"key":"REST"}],"neow_cost":"NONE","seed_source_timestamp":115849237215172,"circlet_count":0,"master_deck":["AscendersBane","Strike_R","Defend_R","Defend_R","Defend_R","Defend_R","Bash","Pommel Strike+1","Blood for Blood+1","HandOfGreed+1","Flame Barrier+1","Thunderclap","Barricade+1","True Grit+1","Flame Barrier","Inflame+1","Shrug It Off","Mayhem+1","Iron Wave","Armaments","Fiend Fire"],"special_seed":0,"relics":["Burning Blood","NeowsBlessing","Golden Idol","Omamori","Singing Bowl","Frozen Egg 2","Runic Pyramid","Bottled Lightning"],"potions_floor_usage":[30],"damage_taken":[{"damage":0.0,"enemies":"2 Louse","floor":1.0,"turns":2.0},{"damage":0.0,"enemies":"Small Slimes","floor":4.0,"turns":1.0},{"damage":0.0,"enemies":"Gremlin Nob","floor":7.0,"turns":1.0},{"damage":20.0,"enemies":"3 Sentries","floor":11.0,"turns":10.0},{"damage":2.0,"enemies":"Jaw Worm","floor":13.0,"turns":3.0},{"damage":1.0,"enemies":"2 Fungi Beasts","floor":14.0,"turns":3.0},{"damage":51.0,"enemies":"Slime Boss","floor":16.0,"turns":12.0},{"damage":17.0,"enemies":"2 Thieves","floor":18.0,"turns":4.0},{"damage":18.0,"enemies":"3 Byrds","floor":20.0,"turns":4.0},{"damage":19.0,"enemies":"Cultist and Chosen","floor":22.0,"turns":7.0},{"damage":30.0,"enemies":"Snake Plant","floor":24.0,"turns":4.0},{"damage":26.0,"enemies":"Shelled Parasite and Fungi","floor":27.0,"turns":7.0},{"damage":10.0,"enemies":"Chosen and Byrds","floor":28.0,"turns":5.0},{"damage":14,"enemies":"Snake Plant","floor":30,"turns":4},{"damage":14,"enemies":"Cultist and Chosen","floor":31,"turns":6},{"damage":41,"enemies":"Automaton","floor":33,"turns":6}],"seed_played":"-4229962124208857973","potions_obtained":[{"floor":1.0,"key":"FearPotion"},{"floor":7.0,"key":"LiquidBronze"},{"floor":14.0,"key":"EssenceOfSteel"},{"floor":16.0,"key":"Energy Potion"},{"floor":18.0,"key":"Swift Potion"},{"floor":27.0,"key":"BloodPotion"},{"floor":28.0,"key":"Explosive Potion"}],"is_trial":false,"path_per_floor":["M","?","?","M","$","R","E","R","T","R","E","?","M","M","R","B",null,"M","$","M","?","M","R","M","$","T","M","M","?","M","M","R","B"],"character_chosen":"IRONCLAD","items_purchased":["HandOfGreed","Shrug It Off","Mayhem+1","Iron Wave"],"campfire_rested":3,"item_purchase_floors":[5,25,25,25],"current_hp_per_floor":[74,63,37,43,43,43,49,49,49,49,37,37,43,48,71,26,66,57,57,45,45,34,58,34,34,34,16,22,22,16,10,37,0],"gold":241,"neow_bonus":"THREE_ENEMY_KILL","is_prod":false,"is_daily":false,"chose_seed":false,"campfire_upgraded":3,"win_rate":0,"timestamp":1554612520,"path_taken":["M","?","?","?","$","R","E","R","T","R","E","?","M","M","R","BOSS","M","$","M","?","M","R","M","$","T","M","M","?","M","M","R","BOSS"],"build_version":"2019-01-23","purchased_purges":2,"victory":false,"max_hp_per_floor":[75,75,75,75,75,75,75,75,75,75,77,77,79,79,79,79,79,81,81,81,81,83,83,83,83,83,85,87,87,89,91,91,91],"card_choices":[{"not_picked":["Combust","Power Through"],"picked":"Pommel Strike","floor":1.0},{"not_picked":["Flex","Warcry"],"picked":"Blood for Blood","floor":4.0},{"not_picked":["Perfected Strike","Warcry"],"picked":"Flame Barrier","floor":7.0},{"not_picked":["Rage","Uppercut","Thunderclap"],"picked":"Singing Bowl","floor":11.0},{"not_picked":["Battle Trance","Armaments","Anger"],"picked":"Singing Bowl","floor":13.0},{"not_picked":["True Grit","Warcry"],"picked":"Thunderclap","floor":14.0},{"not_picked":["Berserk+1","Reaper"],"picked":"Barricade+1","floor":16.0},{"not_picked":["Clash","Flex","Anger"],"picked":"Singing Bowl","floor":18.0},{"not_picked":["Feed","Headbutt"],"picked":"True Grit+1","floor":20.0},{"not_picked":["Anger","Twin Strike","Cleave"],"picked":"Singing Bowl","floor":22.0},{"not_picked":["Spot Weakness","Sentinel"],"picked":"Inflame+1","floor":24.0},{"not_picked":["True Grit","Dropkick","Clash"],"picked":"Singing Bowl","floor":27.0},{"not_picked":["Twin Strike","Reckless Charge","Inflame+1"],"picked":"Singing Bowl","floor":28.0},{"not_picked":["Battle Trance","Havoc","Intimidate"],"picked":"Singing Bowl","floor":30},{"not_picked":["Burning Pact","Flame Barrier","Flex"],"picked":"Singing Bowl","floor":31}],"player_experience":1140335,"relics_obtained":[{"floor":7.0,"key":"Omamori"},{"floor":9.0,"key":"Singing Bowl"},{"floor":11.0,"key":"Frozen Egg 2"},{"floor":26.0,"key":"Bottled Lightning"}],"event_choices":[{"damage_healed":0.0,"max_hp_gain":0.0,"max_hp_loss":0.0,"gold_gain":75.0,"event_name":"World of Goop","player_choice":"Gather Gold","floor":2.0,"gold_loss":0.0,"damage_taken":11.0},{"damage_healed":0.0,"max_hp_gain":0.0,"max_hp_loss":0.0,"gold_gain":0.0,"event_name":"Golden Idol","player_choice":"Take Damage","floor":3.0,"gold_loss":0.0,"damage_taken":26.0,"relics_obtained":["Golden Idol"]},{"damage_healed":0.0,"max_hp_gain":0.0,"max_hp_loss":0.0,"gold_gain":0.0,"event_name":"Accursed Blacksmith","player_choice":"Forge","floor":12.0,"gold_loss":0.0,"damage_taken":0.0,"cards_upgraded":["Pommel Strike"]},{"damage_healed":0.0,"max_hp_gain":0.0,"max_hp_loss":0.0,"gold_gain":0.0,"event_name":"The Library","player_choice":"Read","floor":21.0,"gold_loss":0.0,"damage_taken":0.0,"cards_obtained":["Flame Barrier"]},{"damage_healed":0.0,"max_hp_gain":0.0,"max_hp_loss":0.0,"gold_gain":0.0,"cards_transformed":["Strike_R","Strike_R"],"event_name":"Drug Dealer","player_choice":"Became Test Subject","floor":29.0,"gold_loss":0.0,"damage_taken":0.0,"cards_obtained":["Armaments","Fiend Fire"]}],"is_beta":false,"boss_relics":[{"not_picked":["Ectoplasm","Runic Cube"],"picked":"Runic Pyramid"}],"items_purged_floors":[19,25],"is_endless":false,"potions_floor_spawned":[1,7,14,16,18,27,28],"killed_by":"Automaton","ascension_level":17}