{"gold_per_floor":[109,123,22,22,97,97,97,113,113,126,149,170,70,70,70,166,166,185,185,34,34,50,50,66,66,93,107,107,121,121,37,37,127,127,148,273,253,269,269],"floor_reached":39,"playtime":2810,"items_purged":["Defend_G","Defend_G","Defend_G"],"score":758,"play_id":"2994f869-0a7f-47ff-860e-9cf17fd527ad","local_time":"20190521114242","is_ascension_mode":true,"campfire_choices":[{"data":"Backflip","floor":6,"key":"SMITH"},{"data":"Backflip","floor":15,"key":"SMITH"},{"data":"Doppelganger","floor":23,"key":"SMITH"},{"data":"Endless Agony","floor":25,"key":"SMITH"},{"data":"Finesse","floor":28,"key":"SMITH"},{"data":"Footwork","floor":32,"key":"SMITH"}],"neow_cost":"TEN_PERCENT_HP_LOSS","seed_source_timestamp":4484048847995501,"circlet_count":0,"master_deck":["AscendersBane","Defend_G","Defend_G","Strike_G","Strike_G","Strike_G","Strike_G","Strike_G","Survivor","Neutralize+1","Bandage Up","Finesse+1","Backflip+1","Backstab","Flying Knee","Escape Plan","Heel Hook","Endless Agony+1","Backflip+1","Doppelganger+1","Backflip+1","Blur+1","Footwork+1","Heel Hook"],"relics":["Ring of the Snake","Golden Idol","Shuriken","Sozu","Dream Catcher","HoveringKite","Mango"],"potions_floor_usage":[12,16,33],"damage_taken":[{"damage":0,"enemies":"Jaw Worm","floor":1,"turns":3},{"damage":2,"enemies":"2 Louse","floor":2,"turns":4},{"damage":0,"enemies":"Small Slimes","floor":8,"turns":3},{"damage":3,"enemies":"Red Slaver","floor":10,"turns":4},{"damage":4,"enemies":"Gremlin Gang","floor":11,"turns":6},{"damage":0,"enemies":"Blue Slaver","floor":12,"turns":2},{"damage":2,"enemies":"Hexaghost","floor":16,"turns":8},{"damage":1,"enemies":"3 Byrds","floor":18,"turns":5},{"damage":0,"enemies":"Shell Parasite","floor":22,"turns":4},{"damage":25,"enemies":"Chosen and Byrds","floor":24,"turns":6},{"damage":0,"enemies":"Snecko","floor":27,"turns":4},{"damage":0,"enemies":"Centurion and Healer","floor":29,"turns":6},{"damage":0,"enemies":"Automaton","floor":33,"turns":13},{"damage":31,"enemies":"3 Darklings","floor":35,"turns":7},{"damage":4,"enemies":"Mind Bloom Boss Battle","floor":36,"turns":12},{"damage":19,"enemies":"Orb Walker","floor":38,"turns":5},{"damage":1,"enemies":"3 Darklings","floor":39,"turns":2}],"seed_played":"-636570018468006830","potions_obtained":[{"floor":8,"key":"FearPotion"},{"floor":10,"key":"Block Potion"},{"floor":12,"key":"Strength Potion"},{"floor":16,"key":"FearPotion"}],"is_trial":false,"path_per_floor":["M","M","$","?","?","R","?","M","T","M","M","M","$","?","R","B",null,"M","?","$","?","M","R","M","R","T","M","R","M","?","$","R","B",null,"M","?","?","M","M"],"character_chosen":"THE_SILENT","items_purchased":["Flying Knee","Backflip","Footwork"],"campfire_rested":0,"item_purchase_floors":[3,20,31],"current_hp_per_floor":[59,60,60,39,28,28,28,32,32,33,33,37,37,37,37,39,55,58,58,58,58,60,60,39,39,39,43,43,47,47,47,47,51,58,29,43,43,28,27],"gold":269,"neow_bonus":"RANDOM_COLORLESS_2","is_prod":false,"is_daily":false,"chose_seed":false,"campfire_upgraded":6,"win_rate":0,"timestamp":1558431762,"path_taken":["M","M","$","?","?","R","?","?","T","?","M","M","$","?","R","BOSS","M","?","$","?","?","R","M","R","T","M","R","M","?","$","R","BOSS","M","?","?","?","M"],"build_version":"2019-01-23","purchased_purges":3,"victory":false,"max_hp_per_floor":[60,60,60,60,60,60,60,60,60,60,60,60,60,60,60,60,60,60,60,60,60,60,60,60,60,60,60,60,60,60,60,60,60,60,60,74,74,74,74],"card_choices":[{"not_picked":["Deflect","Tactician"],"picked":"Backflip","floor":1},{"not_picked":["Acrobatics","Crippling Poison"],"picked":"Backstab","floor":2},{"not_picked":["Choke","Distraction"],"picked":"Escape Plan","floor":8},{"not_picked":["Catalyst","Prepared"],"picked":"Heel Hook","floor":10},{"not_picked":["Poisoned Stab","Flying Knee"],"picked":"Endless Agony","floor":11},{"not_picked":["Dash","Masterful Stab"],"picked":"Backflip","floor":12},{"not_picked":["Corpse Explosion","Storm of Steel"],"picked":"Doppelganger","floor":16},{"not_picked":["Catalyst","Prepared","Tactician"],"picked":"SKIP","floor":18},{"not_picked":["Terror","Poisoned Stab","Dodge and Roll+1"],"picked":"SKIP","floor":22},{"not_picked":["Slice","Prepared","Acrobatics"],"picked":"SKIP","floor":24},{"not_picked":["Dagger Spray","Dash"],"picked":"Blur+1","floor":27},{"not_picked":["Setup","Deflect","Slice"],"picked":"SKIP","floor":29},{"not_picked":["Flying Knee","Accuracy+1","Poisoned Stab+1"],"picked":"SKIP","floor":35},{"not_picked":["Outmaneuver","Setup+1"],"picked":"Heel Hook","floor":38}],"player_experience":581364,"relics_obtained":[{"floor":9,"key":"Shuriken"},{"floor":26,"key":"Dream Catcher"},{"floor":36,"key":"Mango"}],"event_choices":[{"damage_healed":0,"gold_gain":0,"player_choice":"Take Damage","damage_taken":21,"relics_obtained":["Golden Idol"],"max_hp_gain":0,"max_hp_loss":0,"event_name":"Golden Idol","floor":4,"gold_loss":0},{"damage_healed":0,"gold_gain":75,"player_choice":"Gather Gold","damage_taken":11,"max_hp_gain":0,"max_hp_loss":0,"event_name":"World of Goop","floor":5,"gold_loss":0},{"damage_healed":0,"gold_gain":0,"player_choice":"Forge","damage_taken":0,"max_hp_gain":0,"max_hp_loss":0,"event_name":"Accursed Blacksmith","floor":7,"gold_loss":0,"cards_upgraded":["Neutralize"]},{"damage_healed":0,"gold_gain":0,"player_choice":"Ignored","damage_taken":0,"max_hp_gain":0,"max_hp_loss":0,"event_name":"Liars Game","floor":14,"gold_loss":0},{"damage_healed":0,"gold_gain":0,"player_choice":"Upgraded","damage_taken":0,"max_hp_gain":0,"max_hp_loss":0,"event_name":"Upgrade Shrine","floor":21,"gold_loss":0,"cards_upgraded":["Backflip"]},{"damage_healed":0,"gold_gain":0,"player_choice":"Ignored","damage_taken":0,"max_hp_gain":0,"max_hp_loss":0,"event_name":"Cursed Tome","floor":30,"gold_loss":0},{"damage_healed":0,"gold_gain":0,"player_choice":"Fight","damage_taken":0,"max_hp_gain":0,"max_hp_loss":0,"event_name":"MindBloom","floor":36,"gold_loss":0},{"damage_healed":0,"gold_gain":0,"player_choice":"Bought 1 Potion","damage_taken":0,"max_hp_gain":0,"max_hp_loss":0,"event_name":"The Woman in Blue","floor":37,"gold_loss":0}],"is_beta":false,"boss_relics":[{"not_picked":["Tiny House","Philosopher\u0027s Stone"],"picked":"Sozu"},{"not_picked":["Ring of the Serpent","Velvet Choker"],"picked":"HoveringKite"}],"items_purged_floors":[3,13,20],"is_endless":false,"potions_floor_spawned":[8,10,12,16,22,29,33,38],"killed_by":"3 Darklings","ascension_level":16}