{"gold_per_floor":[20,295,315,240,251,271,283,283,283,299,319,336,353,368,368,368],"floor_reached":16,"playtime":656,"items_purged":["Regret"],"score":180,"play_id":"ea9d066c-8b68-47da-a3a6-41b4d06ddeba","local_time":"20190501193909","is_ascension_mode":true,"campfire_choices":[{"data":"Echo Form","floor":8,"key":"SMITH"},{"data":"Double Energy","floor":15,"key":"SMITH"}],"neow_cost":"NO_GOLD","seed_source_timestamp":1289115555104700,"circlet_count":0,"master_deck":["AscendersBane","Strike_B","Strike_B","Strike_B","Strike_B","Defend_B+1","Defend_B+1","Defend_B","Defend_B","Zap","Dualcast","Echo Form+1","Conserve Battery","Defragment","Hyperbeam","Leap","Sunder","Leap","Self Repair","Double Energy+1","Doom and Gloom","Self Repair"],"relics":["Cracked Core","War Paint"],"potions_floor_usage":[7,13,16],"damage_taken":[{"damage":7,"enemies":"Small Slimes","floor":1,"turns":3},{"damage":4,"enemies":"Cultist","floor":3,"turns":4},{"damage":2,"enemies":"2 Louse","floor":5,"turns":3},{"damage":0,"enemies":"Blue Slaver","floor":6,"turns":3},{"damage":4,"enemies":"Lots of Slimes","floor":7,"turns":2},{"damage":7,"enemies":"2 Fungi Beasts","floor":10,"turns":2},{"damage":1,"enemies":"3 Louse","floor":11,"turns":2},{"damage":7,"enemies":"Exordium Thugs","floor":12,"turns":2},{"damage":0,"enemies":"Exordium Wildlife","floor":13,"turns":4},{"damage":17,"enemies":"3 Louse","floor":14,"turns":3},{"damage":38,"enemies":"Slime Boss","floor":16,"turns":5}],"seed_played":"5080087316188298411","potions_obtained":[{"floor":1,"key":"SpeedPotion"},{"floor":5,"key":"Block Potion"},{"floor":11,"key":"Block Potion"},{"floor":12,"key":"LiquidBronze"},{"floor":14,"key":"SpeedPotion"}],"is_trial":false,"path_per_floor":["M","?","M","$","M","M","M","R","T","M","M","M","M","M","R","B"],"character_chosen":"DEFECT","items_purchased":[],"campfire_rested":0,"item_purchase_floors":[],"current_hp_per_floor":[57,57,53,53,51,51,47,47,47,40,39,32,39,29,29,0],"gold":368,"neow_bonus":"THREE_RARE_CARDS","is_prod":false,"is_daily":false,"chose_seed":false,"campfire_upgraded":2,"win_rate":0,"timestamp":1556753949,"path_taken":["M","?","?","$","M","M","M","R","T","M","?","M","?","M","R","BOSS"],"build_version":"2019-01-23","purchased_purges":1,"victory":false,"max_hp_per_floor":[71,71,71,71,71,71,71,71,71,71,71,71,71,71,71,71],"card_choices":[{"not_picked":["Electrodynamics","All For One"],"picked":"Echo Form","floor":0},{"not_picked":["Streamline","Lockon"],"picked":"Conserve Battery","floor":1},{"not_picked":["Rebound","Conserve Battery"],"picked":"Defragment","floor":3},{"not_picked":["Consume","Coolheaded"],"picked":"Hyperbeam","floor":5},{"not_picked":["Gash","Chaos"],"picked":"Leap","floor":6},{"not_picked":["Go for the Eyes","Steam"],"picked":"Sunder","floor":7},{"not_picked":["Cold Snap","Gash"],"picked":"Leap","floor":10},{"not_picked":["Compile Driver","Hologram"],"picked":"Self Repair","floor":11},{"not_picked":["Streamline","Force Field"],"picked":"Double Energy","floor":12},{"not_picked":["Go for the Eyes","Leap"],"picked":"Doom and Gloom","floor":13},{"not_picked":["Fusion","Heatsinks"],"picked":"Self Repair","floor":14}],"player_experience":2869212,"relics_obtained":[{"floor":9,"key":"War Paint"}],"event_choices":[{"damage_healed":0,"gold_gain":275,"player_choice":"Desecrate","damage_taken":0,"max_hp_gain":0,"max_hp_loss":0,"event_name":"Golden Shrine","floor":2,"gold_loss":0,"cards_obtained":["Regret"]}],"is_beta":false,"boss_relics":[],"items_purged_floors":[4],"is_endless":false,"potions_floor_spawned":[1,5,11,12,14],"killed_by":"Slime Boss","ascension_level":16}