{"path_per_floor":["M","$","M","$","?","R","E","R","T","M","?","M","R","M","R","B",null,"M","?","?","M","M","R"],"character_chosen":"THE_SILENT","items_purchased":["Toxic Egg 2","Backflip","Deadly Poison+1"],"gold_per_floor":[416,44,60,7,0,0,29,29,29,46,46,59,59,59,59,162,162,180,180,180,190,206,206,206],"floor_reached":24,"campfire_rested":3,"playtime":1221,"item_purchase_floors":[2,2,4],"current_hp_per_floor":[63,63,53,53,53,53,2,23,23,23,23,17,17,17,38,9,55,47,47,47,25,5,26,0],"items_purged":["Injury"],"gold":206,"score":294,"play_id":"cd8803b0-9352-4095-9344-39ce8776269d","local_time":"20180620155744","is_prod":false,"is_daily":false,"chose_seed":false,"is_ascension_mode":true,"campfire_upgraded":2,"win_rate":0,"timestamp":1529503064,"campfire_choices":[{"data":"Noxious Fumes","floor":6,"key":"SMITH"},{"floor":8,"key":"REST"},{"data":"Neutralize","floor":13,"key":"SMITH"},{"floor":15,"key":"REST"},{"floor":23,"key":"REST"}],"path_taken":["M","$","M","$","?","R","E","R","T","M","?","M","R","M","R","BOSS","M","?","?","M","?","R","M"],"build_version":"2018-06-14v2","seed_source_timestamp":325149359444811,"purchased_purges":1,"victory":false,"master_deck":["Defend_G","Defend_G","Defend_G","Defend_G","Strike_G","Strike_G","Strike_G","Strike_G","Strike_G","Survivor","Neutralize+1","AscendersBane","Noxious Fumes+1","Backflip+1","Concentrate+1","Deadly Poison+1","Adrenaline+1","Caltrops","Tools of the Trade","Backstab+1","Writhe"],"max_hp_per_floor":[70,70,70,70,70,70,70,70,70,70,70,70,70,70,70,70,70,70,70,70,70,70,70,70],"relics":["Ring of the Snake","Old Coin","Toxic Egg 2","Pen Nib","Happy Flower","Cursed Key","Bag of Marbles"],"card_choices":[{"not_picked":["Outmaneuver","Malaise"],"picked":"Noxious Fumes","floor":1},{"not_picked":["Bane","Poisoned Stab"],"picked":"Concentrate+1","floor":3},{"not_picked":["Outmaneuver+1","Sucker Punch","Terror+1"],"picked":"SKIP","floor":7},{"not_picked":["PiercingWail+1","Poisoned Stab"],"picked":"Adrenaline+1","floor":10},{"not_picked":["Deflect+1","Slice"],"picked":"Caltrops","floor":12},{"not_picked":["Envenom","Phantasmal Killer+1"],"picked":"Tools of the Trade","floor":16},{"not_picked":["Infinite Blades","Flechettes"],"picked":"Backstab+1","floor":18},{"not_picked":["Dash","Finisher","Dodge and Roll+1"],"picked":"SKIP","floor":21},{"not_picked":["Dagger Throw","Riddle With Holes","All Out Attack"],"picked":"SKIP","floor":22}],"player_experience":332553,"potions_floor_usage":[14],"damage_taken":[{"damage":0,"enemies":"2 Louse","floor":1,"turns":3},{"damage":10,"enemies":"Jaw Worm","floor":3,"turns":7},{"damage":51,"enemies":"Gremlin Nob","floor":7,"turns":5},{"damage":0,"enemies":"Small Slimes","floor":10,"turns":3},{"damage":6,"enemies":"Blue Slaver","floor":12,"turns":4},{"damage":0,"enemies":"Large Slime","floor":14,"turns":3},{"damage":29,"enemies":"The Guardian","floor":16,"turns":10},{"damage":8,"enemies":"3 Byrds","floor":18,"turns":3},{"damage":22,"enemies":"2 Thieves","floor":21,"turns":4},{"damage":20,"enemies":"Snecko","floor":22,"turns":6},{"damage":32,"enemies":"Slaver and Parasite","floor":24,"turns":3}],"relics_obtained":[{"floor":7,"key":"Pen Nib"},{"floor":9,"key":"Happy Flower"}],"event_choices":[{"event_name":"World of Goop","player_choice":"Left","floor":5,"damage_taken":0},{"event_name":"Living Wall","player_choice":"Forget","floor":11,"damage_taken":0},{"event_name":"Cursed Tome","player_choice":"Ignored","floor":19,"damage_taken":0},{"event_name":"The Mausoleum","player_choice":"Yes","floor":20,"damage_taken":0}],"boss_relics":[{"not_picked":["Velvet Choker","Orrery"],"picked":"Cursed Key"}],"items_purged_floors":[2],"is_endless":false,"potions_floor_spawned":[7,10,16],"seed_played":"7692527779205062423","killed_by":"Slaver and Parasite","ascension_level":10,"potions_obtained":[{"floor":7,"key":"SmokeBomb"},{"floor":10,"key":"Dexterity Potion"},{"floor":16,"key":"Ancient Potion"}],"is_trial":false}