{"gold_per_floor":[17,36,47,122,18,18,44,44,44,44,44,57,73,73,73,164,164,185,185,185,100,0,0,0,0,0,0,0,0,0,25,25,118,118,133,156,156],"floor_reached":37,"playtime":1869,"items_purged":["Defend_R"],"score":697,"play_id":"6d37efd7-0216-4953-b173-41c04e12f446","local_time":"20190415175202","is_ascension_mode":true,"campfire_choices":[{"floor":6.0,"key":"REST"},{"floor":8.0,"key":"REST"},{"data":"Juggernaut","floor":11.0,"key":"SMITH"},{"floor":15.0,"key":"REST"},{"data":"Armaments","floor":23.0,"key":"SMITH"},{"floor":28.0,"key":"REST"},{"data":"Juggernaut","floor":32.0,"key":"SMITH"}],"neow_cost":"NO_GOLD","seed_source_timestamp":416010010486053,"circlet_count":0,"master_deck":["AscendersBane","Defend_R","Defend_R","Bash","Shrug It Off","Armaments+1","Rage","Shrug It Off","Juggernaut+1","Flame Barrier","Impervious","Armaments","Ghostly Armor","Iron Wave","Juggernaut+1","Rage","Bite","Bite","Bite","Bite","Bite","Cleave+1","Pommel Strike+1","Barricade","True Grit"],"special_seed":0,"relics":["Burning Blood","Calipers","Pantograph","Question Card","Golden Idol","Orrery","Molten Egg 2","Charon\u0027s Ashes","Dodecahedron","Velvet Choker"],"potions_floor_usage":[],"damage_taken":[{"damage":15.0,"enemies":"Small Slimes","floor":1.0,"turns":4.0},{"damage":15.0,"enemies":"Jaw Worm","floor":2.0,"turns":6.0},{"damage":8.0,"enemies":"Cultist","floor":3.0,"turns":5.0},{"damage":37.0,"enemies":"3 Sentries","floor":7.0,"turns":21.0},{"damage":12.0,"enemies":"Large Slime","floor":12.0,"turns":7.0},{"damage":15.0,"enemies":"Gremlin Gang","floor":13.0,"turns":5.0},{"damage":26.0,"enemies":"The Guardian","floor":16.0,"turns":14.0},{"damage":27.0,"enemies":"Shell Parasite","floor":18.0,"turns":8.0},{"damage":32.0,"enemies":"Colosseum Slavers","floor":20.0,"turns":6.0},{"damage":17.0,"enemies":"2 Thieves","floor":22.0,"turns":5.0},{"damage":25.0,"enemies":"Centurion and Healer","floor":31.0,"turns":9.0},{"damage":62.0,"enemies":"Collector","floor":33.0,"turns":10.0},{"damage":14.0,"enemies":"Orb Walker","floor":35.0,"turns":5.0},{"damage":37.0,"enemies":"3 Shapes","floor":36.0,"turns":6.0},{"damage":14,"enemies":"Sphere and 2 Shapes","floor":37,"turns":3}],"seed_played":"-6334963617383285587","potions_obtained":[{"floor":1.0,"key":"Block Potion"},{"floor":7.0,"key":"BloodPotion"},{"floor":13.0,"key":"GamblersBrew"},{"floor":31.0,"key":"Regen Potion"},{"floor":33.0,"key":"PowerPotion"}],"is_trial":false,"path_per_floor":["M","M","M","?","$","R","E","R","T","?","R","M","M","$","R","B",null,"M","?","?","?","M","R","$","?","T","T","R","?","$","M","R","B",null,"M","M","M"],"character_chosen":"IRONCLAD","items_purchased":["Shrug It Off"],"campfire_rested":4,"item_purchase_floors":[5],"current_hp_per_floor":[59,50,48,37,37,59,28,50,50,50,50,44,41,41,61,48,63,42,42,24,24,21,21,21,21,21,21,35,35,35,38,38,21,41,37,9,0],"gold":156,"neow_bonus":"ONE_RARE_RELIC","is_prod":false,"is_daily":false,"chose_seed":false,"campfire_upgraded":3,"win_rate":0,"timestamp":1555359722,"path_taken":["M","M","M","?","$","R","E","R","T","?","R","M","M","$","R","BOSS","M","?","?","?","?","R","$","?","T","?","R","?","?","M","R","BOSS","M","M","M"],"build_version":"2019-01-23","purchased_purges":1,"victory":false,"max_hp_per_floor":[75,75,75,75,75,75,75,75,75,68,68,68,68,68,68,68,68,68,47,47,47,47,47,47,47,47,47,47,47,47,47,47,47,47,47,47,47],"card_choices":[{"not_picked":["Armaments","Twin Strike"],"picked":"Shrug It Off","floor":1.0},{"not_picked":["Spot Weakness","Carnage"],"picked":"Armaments","floor":2.0},{"not_picked":["Fire Breathing","Anger"],"picked":"Rage","floor":3.0},{"not_picked":["Battle Trance","Cleave"],"picked":"Juggernaut","floor":7.0},{"not_picked":["Pummel","Headbutt","Wild Strike","Twin Strike"],"picked":"SKIP","floor":12.0},{"not_picked":["Entrench","Wild Strike","Second Wind"],"picked":"Flame Barrier","floor":13.0},{"not_picked":["Bludgeon","Demon Form","Immolate"],"picked":"Impervious","floor":16.0},{"not_picked":["Warcry","Whirlwind","Sword Boomerang"],"picked":"Armaments","floor":17.0},{"not_picked":["Thunderclap","Twin Strike","Clash"],"picked":"Ghostly Armor","floor":17.0},{"not_picked":["Corruption","Heavy Blade","Rupture"],"picked":"Iron Wave","floor":17.0},{"not_picked":["Spot Weakness","Flex","Combust"],"picked":"Juggernaut","floor":17.0},{"not_picked":["Hemokinesis","Wild Strike","Disarm"],"picked":"Rage","floor":17.0},{"not_picked":["Perfected Strike","Feel No Pain","Dropkick","Wild Strike"],"picked":"SKIP","floor":18.0},{"not_picked":["Wild Strike+1","Warcry","Clothesline+1"],"picked":"Cleave+1","floor":22.0},{"not_picked":["Havoc","Thunderclap+1","Warcry"],"picked":"Pommel Strike+1","floor":31.0},{"not_picked":["Limit Break","Demon Form","Double Tap"],"picked":"Barricade","floor":33.0},{"not_picked":["Armaments","Clash+1","Thunderclap+1"],"picked":"True Grit","floor":35.0},{"not_picked":["Anger+1","Cleave+1","Second Wind","Wild Strike+1"],"picked":"SKIP","floor":36.0}],"player_experience":1146036,"relics_obtained":[{"floor":7.0,"key":"Pantograph"},{"floor":9.0,"key":"Question Card"},{"floor":26.0,"key":"Charon\u0027s Ashes"},{"floor":27.0,"key":"Dodecahedron"}],"event_choices":[{"damage_healed":0.0,"max_hp_gain":0.0,"max_hp_loss":0.0,"gold_gain":75.0,"event_name":"World of Goop","player_choice":"Gather Gold","floor":4.0,"gold_loss":0.0,"damage_taken":11.0},{"damage_healed":0.0,"max_hp_gain":0.0,"max_hp_loss":7.0,"gold_gain":0.0,"event_name":"Golden Idol","player_choice":"Lose Max HP","floor":10.0,"gold_loss":0.0,"damage_taken":0.0,"relics_obtained":["Golden Idol"]},{"damage_healed":0.0,"max_hp_gain":0.0,"max_hp_loss":21.0,"gold_gain":0.0,"event_name":"Vampires","player_choice":"Became a vampire","floor":19.0,"gold_loss":0.0,"damage_taken":0.0,"cards_obtained":["Bite","Bite","Bite","Bite","Bite"]},{"damage_healed":0.0,"max_hp_gain":0.0,"max_hp_loss":0.0,"gold_gain":0.0,"event_name":"Colosseum","player_choice":"Fight","floor":20.0,"gold_loss":0.0,"damage_taken":0.0},{"damage_healed":0.0,"max_hp_gain":0.0,"max_hp_loss":0.0,"gold_gain":0.0,"event_name":"Colosseum","player_choice":"Fled From Nobs","floor":20.0,"gold_loss":0.0,"damage_taken":0.0},{"damage_healed":0.0,"max_hp_gain":0.0,"max_hp_loss":0.0,"gold_gain":0.0,"event_name":"Addict","player_choice":"Obtained Relic","floor":21.0,"gold_loss":85.0,"damage_taken":0.0,"relics_obtained":["Molten Egg 2"]},{"cards_removed":["Defend_R"],"damage_healed":0.0,"max_hp_gain":0.0,"max_hp_loss":0.0,"gold_gain":0.0,"event_name":"Back to Basics","player_choice":"Elegance","floor":25.0,"gold_loss":0.0,"damage_taken":0.0},{"damage_healed":0.0,"max_hp_gain":0.0,"max_hp_loss":0.0,"gold_gain":0.0,"event_name":"The Mausoleum","player_choice":"Ignored","floor":29.0,"gold_loss":0.0,"damage_taken":0.0}],"is_beta":false,"boss_relics":[{"not_picked":["Mark of Pain","Calling Bell"],"picked":"Orrery"},{"not_picked":["Runic Cube","White Beast Statue"],"picked":"Velvet Choker"}],"items_purged_floors":[5],"is_endless":false,"potions_floor_spawned":[1,7,13,20,31,33],"killed_by":"Sphere and 2 Shapes","ascension_level":17}