{"gold_per_floor":[116,291,303,303,303,303,329,346,376,410,429,34,53,53,53,53],"floor_reached":16,"playtime":9524,"items_purged":["Doubt"],"score":110,"play_id":"99aa6110-17c8-4168-9821-42ab1fcfcd50","local_time":"20180711010128","is_ascension_mode":false,"campfire_choices":[{"data":"Bash","floor":6,"key":"SMITH"},{"floor":15,"key":"REST"}],"neow_cost":"NONE","seed_source_timestamp":408958443047291,"circlet_count":0,"master_deck":["Strike_R","Strike_R","Strike_R","Strike_R","Strike_R","Defend_R","Defend_R","Defend_R","Defend_R+1","Bash+1","Sentinel+1","Sentinel","Inflame","Pummel","Havoc","Armaments","Spot Weakness","Pommel Strike"],"relics":["Burning Blood","Matryoshka","Happy Flower","Tiny Chest","Dodecahedron","Anchor","Toy Ornithopter","Centennial Puzzle","Bottled Tornado"],"potions_floor_usage":[10,13,13],"damage_taken":[{"damage":5,"enemies":"Small Slimes","floor":1,"turns":4},{"damage":0,"enemies":"2 Louse","floor":3,"turns":4},{"damage":34,"enemies":"3 Sentries","floor":7,"turns":14},{"damage":3,"enemies":"Jaw Worm","floor":8,"turns":3},{"damage":24,"enemies":"Lagavulin","floor":10,"turns":7},{"damage":1,"enemies":"3 Louse","floor":11,"turns":5},{"damage":21,"enemies":"Gremlin Gang","floor":13,"turns":5},{"damage":51,"enemies":"Slime Boss","floor":16,"turns":13}],"seed_played":"-7775866531912517474","potions_obtained":[{"floor":7,"key":"Swift Potion"},{"floor":8,"key":"FearPotion"},{"floor":10,"key":"Dexterity Potion"}],"is_trial":false,"path_per_floor":["M","?","M","?","?","R","E","M","T","E","M","$","M","T","R"],"character_chosen":"IRONCLAD","items_purchased":["Toy Ornithopter","Armaments","Spot Weakness"],"campfire_rested":1,"item_purchase_floors":[12,12,12],"current_hp_per_floor":[88,88,88,70,67,67,39,42,42,24,29,29,20,20,46,0],"gold":53,"neow_bonus":"TEN_PERCENT_HP_BONUS","is_prod":false,"is_daily":false,"chose_seed":false,"campfire_upgraded":1,"win_rate":0,"timestamp":1531285288,"path_taken":["M","?","M","?","?","R","E","M","T","E","M","$","?","?","R","BOSS"],"build_version":"2018-07-05","purchased_purges":1,"victory":false,"max_hp_per_floor":[88,88,88,88,88,88,88,88,88,88,88,88,88,88,88,88],"card_choices":[{"not_picked":["Warcry","Disarm"],"picked":"Sentinel","floor":1},{"not_picked":["Pommel Strike","Entrench"],"picked":"Sentinel","floor":3},{"not_picked":["Flex","Twin Strike"],"picked":"Inflame","floor":7},{"not_picked":["Searing Blow","Flame Barrier","Sever Soul"],"picked":"SKIP","floor":8},{"not_picked":["Dark Embrace","Reaper"],"picked":"Pummel","floor":10},{"not_picked":["Thunderclap","True Grit"],"picked":"Havoc","floor":11},{"not_picked":["Sword Boomerang","Twin Strike"],"picked":"Pommel Strike","floor":13}],"player_experience":217378,"relics_obtained":[{"floor":7,"key":"Happy Flower"},{"floor":9,"key":"Tiny Chest"},{"floor":9,"key":"Dodecahedron"},{"floor":10,"key":"Anchor"},{"floor":14,"key":"Centennial Puzzle"},{"floor":14,"key":"Bottled Tornado"}],"event_choices":[{"event_name":"Liars Game","player_choice":"agreed","floor":2,"damage_taken":0},{"event_name":"Shining Light","player_choice":"Entered Light","floor":4,"damage_taken":0},{"event_name":"Scrap Ooze","player_choice":"success","floor":5,"damage_taken":3}],"boss_relics":[],"items_purged_floors":[12],"is_endless":false,"potions_floor_spawned":[7,8,10],"killed_by":"Slime Boss","ascension_level":0}