{"gold_per_floor":[359,371,389,33,33,68,68,68,68,80,80,80,94,105,105,200,200,210,229,229,153,169,169,195,195,195,195,195,29,43,43,43,140,140,150,150,150,14,26,59,72,72,72,87,8,8,108,128,128,128],"floor_reached":50,"playtime":4066,"items_purged":["Pain"],"score":750,"play_id":"b03ee55e-e26b-4438-86aa-72683684ff42","local_time":"20190220001414","is_ascension_mode":true,"campfire_choices":[{"floor":8.0,"key":"REST"},{"data":"The Bomb","floor":11.0,"key":"SMITH"},{"floor":15.0,"key":"REST"},{"data":"A Thousand Cuts","floor":23.0,"key":"SMITH"},{"floor":25.0,"key":"REST"},{"data":"After Image","floor":28.0,"key":"SMITH"},{"data":"Cloak And Dagger","floor":32.0,"key":"SMITH"},{"floor":42.0,"key":"REST"},{"data":"Accuracy","floor":49.0,"key":"SMITH"}],"neow_cost":"CURSE","seed_source_timestamp":0,"circlet_count":0,"master_deck":["Defend_G","Defend_G","Defend_G","Defend_G","Defend_G","Strike_G","Strike_G","Strike_G","Strike_G+1","Strike_G","Survivor","Neutralize","Acrobatics","Heel Hook","Tactician","The Bomb+1","Accuracy+1","Dodge and Roll","Tactician","Tactician","Noxious Fumes","After Image+1","Deflect+1","Cloak And Dagger+1","A Thousand Cuts+1","Backstab","Decay","Trip+1","Backflip+1","Envenom","Reflex+1","Pain","Cloak And Dagger+1","Blade Dance+1","Footwork","PiercingWail+1","Tools of the Trade","Blade Dance+1","Doubt","Blade Dance+1","Accuracy+1","Regret","Choke"],"special_seed":0,"relics":["Ring of the Snake","Vajra","Darkstone Periapt","Anchor","Dead Branch","Cursed Key","Incense Burner","Ninja Scroll","Toxic Egg 2","Eternal Feather","WarpedTongs","WingedGreaves","Centennial Puzzle","Question Card"],"potions_floor_usage":[],"damage_taken":[{"damage":5.0,"enemies":"Small Slimes","floor":1.0,"turns":4.0},{"damage":3.0,"enemies":"Jaw Worm","floor":2.0,"turns":5.0},{"damage":1.0,"enemies":"2 Louse","floor":3.0,"turns":5.0},{"damage":33.0,"enemies":"Lagavulin","floor":6.0,"turns":7.0},{"damage":1.0,"enemies":"2 Fungi Beasts","floor":10.0,"turns":5.0},{"damage":16.0,"enemies":"Lots of Slimes","floor":13.0,"turns":5.0},{"damage":0.0,"enemies":"Red Slaver","floor":14.0,"turns":3.0},{"damage":0.0,"enemies":"Slime Boss","floor":16.0,"turns":7.0},{"damage":17.0,"enemies":"2 Thieves","floor":18.0,"turns":3.0},{"damage":3.0,"enemies":"Spheric Guardian","floor":19.0,"turns":3.0},{"damage":7.0,"enemies":"Snake Plant","floor":22.0,"turns":5.0},{"damage":10.0,"enemies":"Gremlin Leader","floor":24.0,"turns":5.0},{"damage":6.0,"enemies":"Snecko","floor":30.0,"turns":4.0},{"damage":63.0,"enemies":"Champ","floor":33.0,"turns":10.0},{"damage":0.0,"enemies":"3 Shapes","floor":35.0,"turns":4.0},{"damage":3.0,"enemies":"3 Darklings","floor":39.0,"turns":6.0},{"damage":37.0,"enemies":"Nemesis","floor":40.0,"turns":7.0},{"damage":9.0,"enemies":"Sphere and 2 Shapes","floor":41.0,"turns":4.0},{"damage":0.0,"enemies":"Maw","floor":44.0,"turns":7.0},{"damage":11.0,"enemies":"3 Darklings","floor":48.0,"turns":3.0},{"damage":93,"enemies":"Time Eater","floor":50,"turns":10}],"seed_played":"-924467559851665100","potions_obtained":[{"floor":3.0,"key":"GhostInAJar"},{"floor":10.0,"key":"SteroidPotion"},{"floor":13.0,"key":"Explosive Potion"},{"floor":22.0,"key":"SneckoOil"},{"floor":24.0,"key":"SpeedPotion"},{"floor":40.0,"key":"Dexterity Potion"},{"floor":44.0,"key":"Strength Potion"}],"is_trial":false,"path_per_floor":["M","M","M","$","?","E","T","R","T","M","R","?","M","M","R","B",null,"M","M","?","$","M","R","E","R","T","T","R","$","M","$","R","B",null,"M","?","?","$","M","E","M","R","T","M","$","T","?","M","R","B"],"character_chosen":"THE_SILENT","items_purchased":["The Bomb","Vajra","Accuracy","A Thousand Cuts","Trip+1","Cloak And Dagger+1","Blade Dance+1","Footwork","Accuracy"],"campfire_rested":4,"item_purchase_floors":[4,4,4,21,29,38,38,38,45],"current_hp_per_floor":[65,62,61,61,54,21,21,42,42,41,41,27,11,11,32,32,61,44,41,64,64,57,57,47,68,74,80,80,80,74,74,74,11,64,64,64,70,70,67,30,21,68,74,74,74,80,80,69,93,0],"gold":128,"neow_bonus":"TWO_FIFTY_GOLD","is_prod":false,"is_daily":false,"chose_seed":false,"campfire_upgraded":5,"win_rate":0,"timestamp":1550639654,"path_taken":["M","M","M","$","?","E","?","R","T","M","R","?","?","M","R","BOSS","M","M","?","$","M","R","E","R","T","?","R","?","M","$","R","BOSS","M","?","?","$","M","E","?","R","T","M","$","?","?","?","R","BOSS"],"build_version":"2019-01-23","purchased_purges":1,"victory":false,"max_hp_per_floor":[70,70,70,70,70,70,70,70,70,70,70,70,70,70,70,70,70,70,70,70,70,70,70,70,70,76,82,82,82,82,82,82,82,82,82,82,88,88,88,88,88,88,94,94,94,100,100,100,100,100],"card_choices":[{"not_picked":["Deflect","Dagger Throw"],"picked":"Acrobatics","floor":1.0},{"not_picked":["Backflip","Storm of Steel"],"picked":"Heel Hook","floor":2.0},{"not_picked":["Slice","PiercingWail"],"picked":"Tactician","floor":3.0},{"not_picked":["Bane","Eviscerate"],"picked":"Dodge and Roll","floor":6.0},{"not_picked":["Quick Slash","Flechettes"],"picked":"Tactician","floor":10.0},{"not_picked":["Eviscerate","Slice"],"picked":"Tactician","floor":13.0},{"not_picked":["Concentrate","Bouncing Flask"],"picked":"Noxious Fumes","floor":14.0},{"not_picked":["Corpse Explosion","Burst"],"picked":"After Image","floor":16.0},{"not_picked":["Slice","Flying Knee"],"picked":"Deflect+1","floor":18.0},{"not_picked":["Backflip+1","Well Laid Plans"],"picked":"Cloak And Dagger","floor":19.0},{"not_picked":["Dagger Throw","Predator"],"picked":"Backstab","floor":22.0},{"not_picked":["Deflect","Doppelganger","Eviscerate"],"picked":"SKIP","floor":24.0},{"not_picked":["Acrobatics+1","Flechettes"],"picked":"Backflip+1","floor":30.0},{"not_picked":["After Image","A Thousand Cuts"],"picked":"Envenom","floor":33.0},{"not_picked":["Flying Knee+1","Dagger Throw+1"],"picked":"Reflex+1","floor":35.0},{"not_picked":["Prepared+1","Dagger Throw"],"picked":"PiercingWail+1","floor":39.0},{"not_picked":["Quick Slash","Dodge and Roll+1"],"picked":"Tools of the Trade","floor":40.0},{"not_picked":["Dagger Spray+1","Deflect+1"],"picked":"Blade Dance+1","floor":41.0},{"not_picked":["Backflip+1","Predator"],"picked":"Blade Dance+1","floor":44.0},{"not_picked":["Expertise+1","Reflex+1","Dodge and Roll+1"],"picked":"Choke","floor":48.0}],"player_experience":2173995,"relics_obtained":[{"floor":6.0,"key":"Darkstone Periapt"},{"floor":7.0,"key":"Anchor"},{"floor":9.0,"key":"Dead Branch"},{"floor":24.0,"key":"Incense Burner"},{"floor":26.0,"key":"Ninja Scroll"},{"floor":27.0,"key":"Toxic Egg 2"},{"floor":40.0,"key":"WingedGreaves"},{"floor":43.0,"key":"Centennial Puzzle"},{"floor":46.0,"key":"Question Card"}],"event_choices":[{"cards_removed":["Shame"],"damage_healed":0.0,"max_hp_gain":0.0,"max_hp_loss":0.0,"gold_gain":0.0,"event_name":"Golden Wing","player_choice":"Card Removal","floor":5.0,"gold_loss":0.0,"damage_taken":7.0},{"damage_healed":0.0,"max_hp_gain":0.0,"max_hp_loss":0.0,"gold_gain":0.0,"event_name":"Shining Light","player_choice":"Entered Light","floor":12.0,"gold_loss":0.0,"damage_taken":14.0,"cards_upgraded":["Strike_G","Accuracy"]},{"damage_healed":23.0,"max_hp_gain":0.0,"max_hp_loss":0.0,"gold_gain":0.0,"event_name":"The Library","player_choice":"Heal","floor":20.0,"gold_loss":0.0,"damage_taken":0.0},{"damage_healed":0.0,"max_hp_gain":0.0,"max_hp_loss":0.0,"gold_gain":0.0,"event_name":"Tomb of Lord Red Mask","player_choice":"Ignored","floor":36.0,"gold_loss":0.0,"damage_taken":0.0},{"damage_healed":0.0,"max_hp_gain":0.0,"max_hp_loss":0.0,"gold_gain":0.0,"event_name":"Accursed Blacksmith","player_choice":"Rummage","floor":37.0,"gold_loss":0.0,"damage_taken":0.0,"relics_obtained":["WarpedTongs"],"cards_obtained":["Pain"]},{"damage_healed":0.0,"max_hp_gain":0.0,"max_hp_loss":0.0,"gold_gain":100.0,"event_name":"Golden Shrine","player_choice":"Pray","floor":47.0,"gold_loss":0.0,"damage_taken":0.0}],"is_beta":false,"boss_relics":[{"not_picked":["Runic Pyramid","Coffee Dripper"],"picked":"Cursed Key"},{"not_picked":["Calling Bell","Lizard Tail"],"picked":"Eternal Feather"}],"items_purged_floors":[29],"is_endless":false,"potions_floor_spawned":[3,10,13,22,24,40,44],"killed_by":"Time Eater","ascension_level":5}