{"gold_per_floor":[111,123,141,151,151,168,198,198,198,227,241,241,241,191,191,287,287,304,322,128,140,153,153,153,153,180,180,208,58,58,58,58,155,155,175,0,0,0,13,13,113,123,202,202,212,240,91,103,103,103],"floor_reached":51,"playtime":4333,"items_purged":["Strike_G","Regret"],"score":816,"play_id":"f6fe3d8a-6653-4fcb-94d5-41ec56017f64","local_time":"20181228004439","is_ascension_mode":true,"campfire_choices":[{"data":"Noxious Fumes","floor":8,"key":"SMITH"},{"data":"Neutralize","floor":13,"key":"SMITH"},{"data":"Glass Knife","floor":15,"key":"SMITH"},{"data":"Terror","floor":23,"key":"SMITH"},{"data":"Well Laid Plans","floor":25,"key":"SMITH"},{"data":"Bane","floor":30,"key":"SMITH"},{"data":"After Image","floor":32,"key":"SMITH"},{"data":"Envenom","floor":40,"key":"SMITH"},{"data":"Madness","floor":49,"key":"SMITH"}],"neow_cost":"NONE","seed_source_timestamp":137427194443171,"circlet_count":0,"master_deck":["Defend_G","Defend_G","Defend_G","Defend_G","Defend_G","Strike_G","Strike_G","Survivor","Neutralize+1","Dash","Noxious Fumes+1","Backstab","Predator","Backflip","Infinite Blades","Backflip","Glass Knife+1","After Image+1","Dodge and Roll+1","Bane+1","Well Laid Plans+1","Terror+1","Bane+1","Dash","Envenom+1","Madness","Madness+1","Escape Plan+1","Bouncing Flask","Escape Plan"],"relics":["Eternal Feather","Omamori","Centennial Puzzle","Bronze Scales","Meat on the Bone","Cursed Key","Boot","Paper Crane","Snake Skull","WarpedTongs","Coffee Dripper","Red Mask","Ornamental Fan","Blood Vial"],"potions_floor_usage":[10,22,33,33,33,50,50],"damage_taken":[{"damage":4,"enemies":"Jaw Worm","floor":1,"turns":4},{"damage":0,"enemies":"Cultist","floor":2,"turns":4},{"damage":5,"enemies":"Small Slimes","floor":3,"turns":4},{"damage":1,"enemies":"Looter","floor":4,"turns":3},{"damage":7,"enemies":"2 Fungi Beasts","floor":6,"turns":5},{"damage":17,"enemies":"3 Sentries","floor":7,"turns":9},{"damage":18,"enemies":"Gremlin Nob","floor":10,"turns":4},{"damage":1,"enemies":"Red Slaver","floor":11,"turns":4},{"damage":20,"enemies":"Hexaghost","floor":16,"turns":8},{"damage":2,"enemies":"Shell Parasite","floor":18,"turns":4},{"damage":12,"enemies":"Spheric Guardian","floor":19,"turns":5},{"damage":19,"enemies":"Snake Plant","floor":21,"turns":4},{"damage":3,"enemies":"Chosen and Byrds","floor":22,"turns":2},{"damage":11,"enemies":"Book of Stabbing","floor":28,"turns":4},{"damage":52,"enemies":"Champ","floor":33,"turns":9},{"damage":5,"enemies":"Orb Walker","floor":35,"turns":3},{"damage":4,"enemies":"3 Darklings","floor":39,"turns":4},{"damage":0,"enemies":"Transient","floor":42,"turns":5},{"damage":16,"enemies":"4 Shapes","floor":45,"turns":6},{"damage":0,"enemies":"Nemesis","floor":46,"turns":5},{"damage":17,"enemies":"Sphere and 2 Shapes","floor":48,"turns":6},{"damage":32,"enemies":"Donu and Deca","floor":50,"turns":9}],"seed_played":"5193677193590722445","potions_obtained":[{"floor":3,"key":"EssenceOfSteel"},{"floor":7,"key":"FearPotion"},{"floor":10,"key":"Poison Potion"},{"floor":19,"key":"LiquidBronze"},{"floor":22,"key":"AttackPotion"},{"floor":28,"key":"Dexterity Potion"},{"floor":44,"key":"Ancient Potion"},{"floor":44,"key":"SmokeBomb"},{"floor":44,"key":"SteroidPotion"},{"floor":46,"key":"Block Potion"}],"is_trial":false,"path_per_floor":["M","M","M","M","?","M","E","R","T","E","M","?","R","?","R","B",null,"M","M","$","M","M","R","?","R","T","?","E","$","R","?","R","B",null,"M","?","?","?","M","R","?","M","T","?","M","E","$","M","R","B",null],"character_chosen":"THE_SILENT","items_purchased":["Well Laid Plans","Terror","Snake Skull","SkillPotion"],"campfire_rested":0,"item_purchase_floors":[20,20,29,47],"current_hp_per_floor":[66,66,61,60,60,53,36,45,45,27,38,38,47,47,56,36,70,68,56,56,37,46,58,58,70,70,57,46,46,58,58,70,30,75,70,70,61,61,57,72,72,72,72,72,56,56,56,41,59,41],"gold":103,"neow_bonus":"BOSS_RELIC","is_prod":false,"is_daily":false,"chose_seed":false,"campfire_upgraded":9,"win_rate":0,"timestamp":1545979479,"path_taken":["M","M","M","M","?","?","E","R","T","E","M","?","R","?","R","BOSS","M","M","$","M","M","R","?","R","T","?","E","$","R","?","R","BOSS","M","?","?","?","M","R","?","?","T","?","?","E","$","M","R","BOSS"],"build_version":"2018-12-20","purchased_purges":2,"victory":true,"max_hp_per_floor":[70,70,70,70,70,70,70,70,70,70,70,70,70,70,70,70,70,70,70,70,70,70,70,70,70,70,75,75,75,75,75,75,75,75,75,75,75,75,75,75,75,75,75,75,75,75,75,75,75,75],"card_choices":[{"not_picked":["Outmaneuver","Deflect"],"picked":"Dash","floor":1},{"not_picked":["Escape Plan","Dagger Throw"],"picked":"Noxious Fumes","floor":2},{"not_picked":["Dodge and Roll","Dagger Throw"],"picked":"Backstab","floor":3},{"not_picked":["Bane","Backflip"],"picked":"Predator","floor":4},{"not_picked":["Flying Knee","Quick Slash"],"picked":"Backflip","floor":6},{"not_picked":["Outmaneuver","Quick Slash"],"picked":"Infinite Blades","floor":7},{"not_picked":["Distraction","Endless Agony","PiercingWail"],"picked":"SKIP","floor":10},{"not_picked":["Bane","Quick Slash"],"picked":"Backflip","floor":11},{"not_picked":["Phantasmal Killer","Corpse Explosion"],"picked":"After Image","floor":16},{"not_picked":["Acrobatics+1","Deadly Poison"],"picked":"Dodge and Roll+1","floor":18},{"not_picked":["Sucker Punch","Backflip"],"picked":"Bane","floor":19},{"not_picked":["Predator+1","Backflip","Doppelganger"],"picked":"SKIP","floor":21},{"not_picked":["Setup+1","Prepared+1"],"picked":"Bane+1","floor":22},{"not_picked":["Grand Finale","Flechettes+1"],"picked":"Dash","floor":28},{"not_picked":["Corpse Explosion","Night Terror"],"picked":"Envenom","floor":33},{"not_picked":["Reflex","Dagger Throw+1","Dagger Spray+1"],"picked":"SKIP","floor":35},{"not_picked":["Bane+1","Reflex"],"picked":"Escape Plan+1","floor":39},{"not_picked":["Blade Dance+1","Sucker Punch+1","Dagger Throw+1"],"picked":"SKIP","floor":42},{"not_picked":["Poisoned Stab","All Out Attack"],"picked":"Bouncing Flask","floor":45},{"not_picked":["Deflect+1","Dagger Spray+1"],"picked":"Escape Plan","floor":46},{"not_picked":["Blade Dance","Prepared+1","PiercingWail"],"picked":"SKIP","floor":48}],"player_experience":348775,"relics_obtained":[{"floor":7,"key":"Centennial Puzzle"},{"floor":9,"key":"Bronze Scales"},{"floor":10,"key":"Meat on the Bone"},{"floor":26,"key":"Boot"},{"floor":28,"key":"Paper Crane"},{"floor":43,"key":"Ornamental Fan"},{"floor":46,"key":"Blood Vial"}],"event_choices":[{"damage_healed":0,"gold_gain":0,"player_choice":"Gave Potion","damage_taken":0,"relics_obtained":["Omamori"],"max_hp_gain":0,"max_hp_loss":0,"event_name":"WeMeetAgain","floor":5,"gold_loss":0},{"damage_healed":0,"gold_gain":0,"cards_transformed":["Strike_G"],"player_choice":"Change","damage_taken":0,"max_hp_gain":0,"max_hp_loss":0,"event_name":"Living Wall","floor":12,"gold_loss":0,"cards_obtained":["Glass Knife"]},{"cards_removed":["Strike_G"],"damage_healed":0,"gold_gain":0,"player_choice":"Card Removal","damage_taken":0,"max_hp_gain":0,"max_hp_loss":0,"event_name":"The Cleric","floor":14,"gold_loss":50},{"damage_healed":0,"gold_gain":0,"player_choice":"Ignored","damage_taken":0,"max_hp_gain":0,"max_hp_loss":0,"event_name":"Ghosts","floor":24,"gold_loss":0},{"damage_healed":0,"gold_gain":0,"player_choice":"Shed Blood","damage_taken":18,"max_hp_gain":5,"max_hp_loss":0,"event_name":"Forgotten Altar","floor":27,"gold_loss":0},{"damage_healed":0,"gold_gain":0,"player_choice":"Rummage","damage_taken":0,"relics_obtained":["WarpedTongs"],"max_hp_gain":0,"max_hp_loss":0,"event_name":"Accursed Blacksmith","floor":31,"gold_loss":0,"cards_obtained":["Pain"]},{"damage_healed":0,"gold_gain":0,"player_choice":"Paid","damage_taken":0,"relics_obtained":["Red Mask"],"max_hp_gain":0,"max_hp_loss":0,"event_name":"Tomb of Lord Red Mask","floor":36,"gold_loss":175},{"damage_healed":0,"gold_gain":0,"player_choice":"Embrace Madness","damage_taken":9,"max_hp_gain":0,"max_hp_loss":0,"event_name":"Winding Halls","floor":37,"gold_loss":0,"cards_obtained":["Madness","Madness"]},{"damage_healed":0,"gold_gain":0,"player_choice":"Ignored","damage_taken":0,"max_hp_gain":0,"max_hp_loss":0,"event_name":"Mysterious Sphere","floor":38,"gold_loss":0},{"damage_healed":0,"gold_gain":100,"player_choice":"Pray","damage_taken":0,"max_hp_gain":0,"max_hp_loss":0,"event_name":"Golden Shrine","floor":41,"gold_loss":0},{"damage_healed":0,"gold_gain":0,"player_choice":"Got Potions","damage_taken":0,"max_hp_gain":0,"max_hp_loss":0,"event_name":"Lab","floor":44,"gold_loss":0}],"is_beta":false,"boss_relics":[{"not_picked":["White Beast Statue","HoveringKite"],"picked":"Cursed Key"},{"not_picked":["Runic Dome","Tiny House"],"picked":"Coffee Dripper"}],"items_purged_floors":[20,47],"is_endless":false,"potions_floor_spawned":[3,7,10,19,22,28,46,48],"ascension_level":4}