{"gold_per_floor":[110,110,185,86,86,104,104,124,147,167,167,67,88,53,53,53],"floor_reached":16,"playtime":447,"items_purged":["Defend_R","Defend_R"],"score":158,"play_id":"fee3c1a6-11e7-44bf-ae76-dfabed35e4f9","local_time":"20190520130201","is_ascension_mode":true,"campfire_choices":[{"data":"Iron Wave","floor":7,"key":"SMITH"},{"data":"Havoc","floor":11,"key":"SMITH"},{"floor":15,"key":"REST"}],"neow_cost":"NONE","seed_source_timestamp":4404864167882746,"circlet_count":0,"master_deck":["AscendersBane","Strike_R","Strike_R","Strike_R","Strike_R","Strike_R","Defend_R","Defend_R","Bash","Disarm","Iron Wave+1","Havoc+1","Seeing Red","Rage","True Grit","Flame Barrier"],"relics":["Burning Blood","NeowsBlessing","Golden Idol","Omamori"],"potions_floor_usage":[],"damage_taken":[{"damage":0,"enemies":"Jaw Worm","floor":1,"turns":1},{"damage":0,"enemies":"2 Louse","floor":6,"turns":1},{"damage":0,"enemies":"Cultist","floor":8,"turns":1},{"damage":14,"enemies":"Lots of Slimes","floor":10,"turns":6},{"damage":6,"enemies":"Blue Slaver","floor":13,"turns":3},{"damage":40,"enemies":"The Guardian","floor":16,"turns":9}],"seed_played":"7126162512143212361","potions_obtained":[{"floor":10,"key":"Explosive Potion"},{"floor":13,"key":"Strength Potion"}],"is_trial":false,"path_per_floor":["M","?","?","$","?","M","R","M","T","M","R","$","M","$","R","B"],"character_chosen":"IRONCLAD","items_purchased":["Iron Wave","Flame Barrier"],"campfire_rested":1,"item_purchase_floors":[4,14],"current_hp_per_floor":[74,48,37,37,11,17,17,23,23,15,15,15,15,15,37,0],"gold":53,"neow_bonus":"THREE_ENEMY_KILL","is_prod":false,"is_daily":false,"chose_seed":false,"campfire_upgraded":2,"win_rate":0,"timestamp":1558350121,"path_taken":["M","?","?","$","?","M","R","?","T","M","R","?","?","$","R","BOSS"],"build_version":"2019-01-23","purchased_purges":2,"victory":false,"max_hp_per_floor":[75,75,75,75,75,75,75,75,75,75,75,75,75,75,75,75],"card_choices":[{"not_picked":["Heavy Blade","Intimidate"],"picked":"Disarm","floor":1},{"not_picked":["Twin Strike","Anger"],"picked":"Havoc","floor":6},{"not_picked":["Combust","Carnage"],"picked":"Seeing Red","floor":8},{"not_picked":["Iron Wave","Hemokinesis"],"picked":"Rage","floor":10},{"not_picked":["Sword Boomerang","Body Slam"],"picked":"True Grit","floor":13}],"player_experience":570068,"relics_obtained":[{"floor":9,"key":"Omamori"}],"event_choices":[{"damage_healed":0,"gold_gain":0,"player_choice":"Take Damage","damage_taken":26,"relics_obtained":["Golden Idol"],"max_hp_gain":0,"max_hp_loss":0,"event_name":"Golden Idol","floor":2,"gold_loss":0},{"damage_healed":0,"gold_gain":75,"player_choice":"Gather Gold","damage_taken":11,"max_hp_gain":0,"max_hp_loss":0,"event_name":"World of Goop","floor":3,"gold_loss":0},{"damage_healed":0,"gold_gain":0,"player_choice":"Fled","damage_taken":26,"max_hp_gain":0,"max_hp_loss":0,"event_name":"Scrap Ooze","floor":5,"gold_loss":0}],"is_beta":false,"boss_relics":[],"items_purged_floors":[4,12],"is_endless":false,"potions_floor_spawned":[10,13],"killed_by":"The Guardian","ascension_level":15}