{"gold_per_floor":[19,29,46,46,65,65,65,90,90,90,72,72],"floor_reached":12,"playtime":564,"items_purged":[],"score":96,"play_id":"de58b6d1-00c6-43b7-81d2-88b896f1851c","local_time":"20190208040207","is_ascension_mode":true,"campfire_choices":[{"data":"Envenom","floor":6,"key":"SMITH"}],"neow_cost":"NO_GOLD","seed_source_timestamp":102199824637500,"circlet_count":0,"master_deck":["Defend_G","Defend_G","Defend_G","Defend_G","Defend_G","Strike_G","Strike_G","Strike_G","Strike_G","Strike_G","Survivor","Neutralize+1","Envenom+1","Crippling Poison","Backflip","Terror","Deflect","Dodge and Roll","Bane"],"relics":["Ring of the Snake","Potion Belt","Frozen Egg 2"],"potions_floor_usage":[2,8,11,11,12],"damage_taken":[{"damage":7,"enemies":"Jaw Worm","floor":1,"turns":4},{"damage":9,"enemies":"Small Slimes","floor":2,"turns":5},{"damage":2,"enemies":"Cultist","floor":3,"turns":5},{"damage":0,"enemies":"2 Fungi Beasts","floor":5,"turns":4},{"damage":40,"enemies":"3 Sentries","floor":8,"turns":13},{"damage":7,"enemies":"Exordium Thugs","floor":11,"turns":4},{"damage":10,"enemies":"Large Slime","floor":12,"turns":5}],"seed_played":"-1474446484144918092","potions_obtained":[{"floor":1,"key":"EntropicBrew"},{"floor":8,"key":"LiquidBronze"}],"is_trial":false,"path_per_floor":["M","M","M","?","M","R","?","E","T","?","M","M"],"character_chosen":"THE_SILENT","items_purchased":[],"campfire_rested":0,"item_purchase_floors":[],"current_hp_per_floor":[63,54,52,52,52,52,52,12,12,12,5,0],"gold":72,"neow_bonus":"THREE_RARE_CARDS","is_prod":false,"is_daily":false,"chose_seed":false,"campfire_upgraded":1,"win_rate":0,"timestamp":1549616527,"path_taken":["M","M","M","?","M","R","?","E","T","?","?","M"],"build_version":"2019-01-23","purchased_purges":0,"victory":false,"max_hp_per_floor":[70,70,70,70,70,70,70,70,70,70,70,70],"card_choices":[{"not_picked":["Phantasmal Killer","Malaise"],"picked":"Envenom","floor":0},{"not_picked":["Reflex","Quick Slash"],"picked":"Crippling Poison","floor":1},{"not_picked":["Concentrate","Slice"],"picked":"Backflip","floor":2},{"not_picked":["Well Laid Plans","Crippling Poison"],"picked":"Terror","floor":3},{"not_picked":["Slice","Underhanded Strike"],"picked":"Deflect","floor":5},{"not_picked":["Prepared","Blade Dance"],"picked":"Dodge and Roll","floor":8},{"not_picked":["Doppelganger","Backflip"],"picked":"Bane","floor":11}],"player_experience":2117217,"relics_obtained":[{"floor":8,"key":"Potion Belt"},{"floor":9,"key":"Frozen Egg 2"}],"event_choices":[{"damage_healed":0,"gold_gain":0,"player_choice":"Ignored","damage_taken":0,"max_hp_gain":0,"max_hp_loss":0,"event_name":"Golden Idol","floor":4,"gold_loss":0},{"damage_healed":0,"gold_gain":0,"player_choice":"Grow","damage_taken":0,"max_hp_gain":0,"max_hp_loss":0,"event_name":"Living Wall","floor":7,"gold_loss":0,"cards_upgraded":["Neutralize"]},{"damage_healed":0,"gold_gain":0,"player_choice":"Leave","damage_taken":0,"max_hp_gain":0,"max_hp_loss":0,"event_name":"FaceTrader","floor":10,"gold_loss":0}],"is_beta":false,"boss_relics":[],"items_purged_floors":[],"is_endless":false,"potions_floor_spawned":[1,3,8],"killed_by":"Large Slime","ascension_level":4}