{"gold_per_floor":[112,112,187,199,218,218,188,204,204,204,235,122,297,297,297,394,394,407,407,407,407,139,164,39,59,59,77,2,13,43,43,43,146,146,163,90,109,109,120,149,149,149],"floor_reached":42,"playtime":2996,"items_purged":["Strike_G","Doubt","Decay"],"score":609,"play_id":"434f5527-16e1-4672-9c78-edac35e371d9","local_time":"20190212110121","is_ascension_mode":true,"campfire_choices":[{"data":"Mayhem","floor":6,"key":"SMITH"},{"floor":10,"key":"REST"},{"data":"Noxious Fumes","floor":15,"key":"SMITH"},{"floor":32,"key":"REST"}],"neow_cost":"CURSE","seed_source_timestamp":470528409003700,"circlet_count":0,"master_deck":["Defend_G","Defend_G","Defend_G+1","Defend_G+1","Survivor","Neutralize","PanicButton","Mayhem+1","Crippling Poison","Leg Sweep","Noxious Fumes+1","Caltrops","Bane","Bouncing Flask","Well Laid Plans","Corpse Explosion","Acrobatics","Bite","Bite","Bite","Bite","Bite","Panache","Backflip+1","Prepared","Dodge and Roll+1","Dodge and Roll","Backflip+1","A Thousand Cuts","Noxious Fumes","Sucker Punch+1","Setup","Bouncing Flask+1","Master of Strategy"],"relics":["Ring of the Snake","The Specimen","Bird Faced Urn","Cursed Key","Potion Belt","Darkstone Periapt","War Paint","Philosopher\u0027s Stone","Smiling Mask"],"potions_floor_usage":[4,16,23,30,30,40,40,42],"damage_taken":[{"damage":0,"enemies":"2 Louse","floor":1,"turns":4},{"damage":0,"enemies":"Small Slimes","floor":4,"turns":4},{"damage":0,"enemies":"Cultist","floor":5,"turns":4},{"damage":0,"enemies":"Looter","floor":7,"turns":4},{"damage":20,"enemies":"3 Louse","floor":8,"turns":3},{"damage":24,"enemies":"Lagavulin","floor":11,"turns":7},{"damage":28,"enemies":"The Guardian","floor":16,"turns":9},{"damage":6,"enemies":"Spheric Guardian","floor":18,"turns":4},{"damage":54,"enemies":"Book of Stabbing","floor":23,"turns":6},{"damage":2,"enemies":"Chosen","floor":25,"turns":5},{"damage":27,"enemies":"Sentry and Sphere","floor":27,"turns":5},{"damage":19,"enemies":"Centurion and Healer","floor":29,"turns":5},{"damage":5,"enemies":"Gremlin Leader","floor":30,"turns":6},{"damage":21,"enemies":"Automaton","floor":33,"turns":9},{"damage":22,"enemies":"3 Darklings","floor":35,"turns":5},{"damage":1,"enemies":"3 Shapes","floor":37,"turns":2},{"damage":47,"enemies":"Writhing Mass","floor":39,"turns":7},{"damage":33,"enemies":"Nemesis","floor":40,"turns":7},{"damage":13,"enemies":"Jaw Worm Horde","floor":42,"turns":1}],"seed_played":"-1109400909562651694","potions_obtained":[{"floor":1,"key":"AttackPotion"},{"floor":8,"key":"SpeedPotion"},{"floor":16,"key":"Regen Potion"},{"floor":23,"key":"Explosive Potion"},{"floor":27,"key":"PowerPotion"},{"floor":29,"key":"GamblersBrew"},{"floor":33,"key":"Fire Potion"},{"floor":35,"key":"Energy Potion"},{"floor":39,"key":"AttackPotion"}],"is_trial":false,"path_per_floor":["M","?","?","M","M","R","M","M","T","R","E","$","?","?","R","B",null,"M","?","?","?","$","E","$","M","T","M","?","M","E","$","R","B",null,"M","$","M","?","M","E","?","M"],"character_chosen":"THE_SILENT","items_purchased":["Well Laid Plans","Panache","Noxious Fumes"],"campfire_rested":2,"item_purchase_floors":[12,22,36],"current_hp_per_floor":[70,70,63,63,63,63,63,43,43,64,40,40,40,40,40,20,70,64,64,64,49,49,19,19,37,37,28,28,25,42,42,49,40,49,44,44,47,47,16,3,3,0],"gold":149,"neow_bonus":"RANDOM_COLORLESS_2","is_prod":false,"is_daily":false,"chose_seed":false,"campfire_upgraded":2,"win_rate":0,"timestamp":1549987281,"path_taken":["M","?","?","M","M","R","M","?","T","R","E","$","?","?","R","BOSS","M","?","?","?","$","E","$","M","T","M","?","?","E","?","R","BOSS","M","$","?","?","M","E","?","M"],"build_version":"2019-01-23","purchased_purges":3,"victory":false,"max_hp_per_floor":[70,70,70,70,70,70,70,70,70,70,70,70,70,70,70,70,70,70,70,70,49,49,49,49,49,49,49,49,49,49,49,49,49,49,49,49,49,49,49,49,49,49],"card_choices":[{"not_picked":["Deadly Poison","Masterful Stab"],"picked":"Crippling Poison","floor":1},{"not_picked":["Backflip","Acrobatics"],"picked":"Leg Sweep","floor":4},{"not_picked":["Caltrops","Endless Agony"],"picked":"Noxious Fumes","floor":5},{"not_picked":["Backflip","Escape Plan"],"picked":"Caltrops","floor":7},{"not_picked":["Cloak And Dagger","Predator"],"picked":"Bane","floor":8},{"not_picked":["Backstab","A Thousand Cuts"],"picked":"Bouncing Flask","floor":11},{"not_picked":["Glass Knife","Tools of the Trade"],"picked":"Corpse Explosion","floor":16},{"not_picked":["Slice","Accuracy"],"picked":"Acrobatics","floor":18},{"not_picked":["Poisoned Stab","Dagger Throw"],"picked":"Backflip+1","floor":23},{"not_picked":["Flying Knee","Glass Knife"],"picked":"Prepared","floor":25},{"not_picked":["Acrobatics","Endless Agony+1"],"picked":"Dodge and Roll+1","floor":27},{"not_picked":["Dash","Skewer"],"picked":"Dodge and Roll","floor":29},{"not_picked":["Bane","Accuracy"],"picked":"Backflip+1","floor":30},{"not_picked":["Die Die Die","Malaise"],"picked":"A Thousand Cuts","floor":33},{"not_picked":["Acrobatics","Prepared","Sucker Punch"],"picked":"SKIP","floor":35},{"not_picked":["Quick Slash+1","Blade Dance"],"picked":"Sucker Punch+1","floor":37},{"not_picked":["Cloak And Dagger+1","Riddle With Holes"],"picked":"Setup","floor":39},{"not_picked":["Corpse Explosion","Leg Sweep"],"picked":"Bouncing Flask+1","floor":40},{"not_picked":["Blind","Swift Strike"],"picked":"Master of Strategy","floor":41}],"player_experience":2121368,"relics_obtained":[{"floor":9,"key":"The Specimen"},{"floor":11,"key":"Bird Faced Urn"},{"floor":23,"key":"Potion Belt"},{"floor":26,"key":"Darkstone Periapt"},{"floor":30,"key":"War Paint"},{"floor":40,"key":"Smiling Mask"}],"event_choices":[{"cards_removed":["Normality"],"damage_healed":0,"gold_gain":0,"player_choice":"Forget","damage_taken":0,"max_hp_gain":0,"max_hp_loss":0,"event_name":"Living Wall","floor":2,"gold_loss":0},{"damage_healed":0,"gold_gain":75,"player_choice":"Touch","damage_taken":7,"max_hp_gain":0,"max_hp_loss":0,"event_name":"FaceTrader","floor":3,"gold_loss":0},{"damage_healed":0,"gold_gain":175,"player_choice":"AGREE","damage_taken":0,"max_hp_gain":0,"max_hp_loss":0,"event_name":"Liars Game","floor":13,"gold_loss":0,"cards_obtained":["Doubt"]},{"damage_healed":0,"gold_gain":0,"player_choice":"Ignored","damage_taken":0,"max_hp_gain":0,"max_hp_loss":0,"event_name":"Golden Idol","floor":14,"gold_loss":0},{"damage_healed":0,"gold_gain":0,"player_choice":"Ignored","damage_taken":0,"max_hp_gain":0,"max_hp_loss":0,"event_name":"Ghosts","floor":19,"gold_loss":0},{"damage_healed":0,"gold_gain":0,"player_choice":"Smashed Altar","damage_taken":0,"max_hp_gain":0,"max_hp_loss":0,"event_name":"Forgotten Altar","floor":20,"gold_loss":0,"cards_obtained":["Decay"]},{"damage_healed":0,"gold_gain":0,"player_choice":"Became a vampire","damage_taken":0,"max_hp_gain":0,"max_hp_loss":21,"event_name":"Vampires","floor":21,"gold_loss":0,"cards_obtained":["Bite","Bite","Bite","Bite","Bite"]},{"cards_removed":["Injury"],"damage_healed":0,"gold_gain":0,"player_choice":"Gave Gold","damage_taken":0,"max_hp_gain":0,"max_hp_loss":0,"event_name":"Beggar","floor":28,"gold_loss":75},{"cards_removed":["Defend_G"],"damage_healed":0,"gold_gain":0,"player_choice":"Removed Skill","damage_taken":0,"max_hp_gain":0,"max_hp_loss":0,"event_name":"Falling","floor":38,"gold_loss":0},{"damage_healed":0,"gold_gain":0,"player_choice":"Memory 1","damage_taken":0,"max_hp_gain":0,"max_hp_loss":0,"event_name":"SensoryStone","floor":41,"gold_loss":0}],"is_beta":false,"boss_relics":[{"not_picked":["WristBlade","Orrery"],"picked":"Cursed Key"},{"not_picked":["Velvet Choker","Runic Pyramid"],"picked":"Philosopher\u0027s Stone"}],"items_purged_floors":[12,22,24],"is_endless":false,"potions_floor_spawned":[1,8,16,23,27,29,33,35,39],"killed_by":"Jaw Worm Horde","ascension_level":4}