{"gold_per_floor":[110,110,110,128,154,154,168,243,243,273,289,289],"floor_reached":12,"playtime":1185,"items_purged":[],"score":90,"play_id":"b89fe435-b339-47f5-9fea-959f7f92faed","local_time":"20190107234907","is_ascension_mode":true,"campfire_choices":[{"floor":6,"key":"RECALL"}],"neow_cost":"NONE","seed_source_timestamp":384471414389914,"circlet_count":0,"master_deck":["Strike_B","Strike_B","Strike_B","Defend_B+1","Defend_B","Defend_B","Defend_B","Zap","Dualcast","Loop","Chill+1","Genetic Algorithm","Glacier","Tempest","Sweeping Beam","Lockon"],"relics":["Cracked Core","Dead Branch","Cables"],"potions_floor_usage":[10],"damage_taken":[{"damage":9,"enemies":"Jaw Worm","floor":1,"turns":3},{"damage":0,"enemies":"Small Slimes","floor":4,"turns":4},{"damage":0,"enemies":"Cultist","floor":7,"turns":7},{"damage":31,"enemies":"Gremlin Nob","floor":10,"turns":6},{"damage":0,"enemies":"Exordium Thugs","floor":11,"turns":4},{"damage":12,"enemies":"3 Sentries","floor":12,"turns":4}],"seed_played":"-5387358123856893094","potions_obtained":[{"floor":7,"key":"Fire Potion"}],"is_trial":false,"path_per_floor":["M","?","?","M","T","R","M","?","T","E","M","E"],"character_chosen":"DEFECT","items_purchased":[],"campfire_rested":0,"item_purchase_floors":[],"current_hp_per_floor":[66,51,51,51,51,51,51,40,40,9,9,0],"gold":289,"neow_bonus":"THREE_CARDS","is_prod":false,"is_daily":false,"chose_seed":false,"campfire_upgraded":0,"win_rate":0,"timestamp":1546922947,"path_taken":["M","?","?","?","?","R","M","?","T","E","M","E"],"build_version":"2019-01-03v4","purchased_purges":0,"victory":false,"max_hp_per_floor":[75,75,75,75,75,75,75,75,75,75,75,75],"card_choices":[{"not_picked":["Redo","Tempest"],"picked":"Loop","floor":0},{"not_picked":["Beam Cell","Heatsinks"],"picked":"Chill","floor":1},{"not_picked":["Hologram","Turbo"],"picked":"Glacier","floor":4},{"not_picked":["Leap","Meteor Strike"],"picked":"Tempest","floor":7},{"not_picked":["Meteor Strike","Turbo"],"picked":"Sweeping Beam","floor":10},{"not_picked":["Steam","Gash"],"picked":"Lockon","floor":11}],"player_experience":268090,"relics_obtained":[{"floor":9,"key":"Dead Branch"},{"floor":10,"key":"Cables"}],"event_choices":[{"damage_healed":0,"gold_gain":0,"player_choice":"Entered Light","damage_taken":15,"max_hp_gain":0,"max_hp_loss":0,"event_name":"Shining Light","floor":2,"gold_loss":0,"cards_upgraded":["Defend_B","Chill"]},{"damage_healed":0,"gold_gain":0,"cards_transformed":["Strike_B"],"player_choice":"Transformed","damage_taken":0,"max_hp_gain":0,"max_hp_loss":0,"event_name":"Transmorgrifier","floor":3,"gold_loss":0,"cards_obtained":["Genetic Algorithm"]},{"damage_healed":0,"gold_gain":75,"player_choice":"Gather Gold","damage_taken":11,"max_hp_gain":0,"max_hp_loss":0,"event_name":"World of Goop","floor":8,"gold_loss":0}],"is_beta":false,"boss_relics":[],"items_purged_floors":[],"is_endless":false,"potions_floor_spawned":[7],"killed_by":"3 Sentries","ascension_level":3}