{"gold_per_floor":[116,116,126,51,67,67,84,113,140,140],"floor_reached":10,"playtime":488,"items_purged":["Strike_R"],"score":126,"play_id":"a7f4ea81-61f7-4129-b189-d1514bb3f2d4","local_time":"20190407115329","is_ascension_mode":true,"campfire_choices":[{"floor":6.0,"key":"REST"}],"neow_cost":"NONE","seed_source_timestamp":151514527495748,"circlet_count":0,"master_deck":["AscendersBane","Strike_R","Strike_R","Strike_R","Strike_R","Defend_R","Defend_R","Defend_R","Defend_R","Bash","Finesse","Headbutt","Uppercut","Rage","Anger"],"special_seed":0,"relics":["Burning Blood","Potion Belt","Oddly Smooth Stone","Dream Catcher"],"potions_floor_usage":[],"damage_taken":[{"damage":8.0,"enemies":"2 Louse","floor":1.0,"turns":2.0},{"damage":16.0,"enemies":"Small Slimes","floor":3.0,"turns":5.0},{"damage":7.0,"enemies":"Jaw Worm","floor":5.0,"turns":3.0},{"damage":27.0,"enemies":"Gremlin Gang","floor":7.0,"turns":5.0},{"damage":60.0,"enemies":"3 Sentries","floor":8.0,"turns":11.0},{"damage":12,"enemies":"Large Slime","floor":10,"turns":2}],"seed_played":"3249062705392411080","potions_obtained":[{"floor":1.0,"key":"SneckoOil"},{"floor":7.0,"key":"Regen Potion"}],"is_trial":false,"path_per_floor":["M","?","M","$","M","R","M","E","T","M"],"character_chosen":"IRONCLAD","items_purchased":[],"campfire_rested":1,"item_purchase_floors":[],"current_hp_per_floor":[66,61,51,51,50,72,51,12,12,0],"gold":140,"neow_bonus":"RANDOM_COLORLESS","is_prod":false,"is_daily":false,"chose_seed":false,"campfire_upgraded":0,"win_rate":0,"timestamp":1554647009,"path_taken":["M","?","M","$","M","R","M","E","T","M"],"build_version":"2019-01-23","purchased_purges":1,"victory":false,"max_hp_per_floor":[75,75,75,75,75,75,75,75,75,75],"card_choices":[{"not_picked":["Havoc","Hemokinesis"],"picked":"Headbutt","floor":1.0},{"not_picked":["Heavy Blade","Whirlwind"],"picked":"Uppercut","floor":3.0},{"not_picked":["Headbutt","Perfected Strike","Sword Boomerang"],"picked":"SKIP","floor":5.0},{"not_picked":["Whirlwind","Wild Strike"],"picked":"Rage","floor":7.0},{"not_picked":["Sword Boomerang","Armaments"],"picked":"Anger","floor":8.0}],"player_experience":1141919,"relics_obtained":[{"floor":8.0,"key":"Oddly Smooth Stone"},{"floor":9.0,"key":"Dream Catcher"}],"event_choices":[{"damage_healed":0.0,"max_hp_gain":0.0,"max_hp_loss":0.0,"gold_gain":0.0,"event_name":"Scrap Ooze","player_choice":"Success","floor":2.0,"gold_loss":0.0,"damage_taken":5.0,"relics_obtained":["Potion Belt"]}],"is_beta":false,"boss_relics":[],"items_purged_floors":[4],"is_endless":false,"potions_floor_spawned":[1,7],"killed_by":"Large Slime","ascension_level":17}