{"gold_per_floor":[19,35,55,55,28,28,39,49,49,82,92,66,66,26,26,26],"floor_reached":16,"playtime":3774,"items_purged":[],"score":122,"play_id":"81f48ad2-c2d7-41a6-9c18-7114fe630f42","local_time":"20190201003859","is_ascension_mode":true,"campfire_choices":[{"data":"Caltrops","floor":6,"key":"SMITH"},{"floor":13,"key":"REST"},{"data":"Flechettes","floor":15,"key":"SMITH"}],"neow_cost":"NO_GOLD","seed_source_timestamp":267215204335600,"circlet_count":0,"master_deck":["Defend_G","Defend_G","Defend_G","Defend_G","Defend_G","Strike_G","Strike_G","Strike_G","Survivor","Neutralize","Caltrops+1","Sucker Punch","PiercingWail","Decay","Underhanded Strike","Prepared","Backflip","Deadly Poison","After Image","Poisoned Stab","Flechettes+1"],"relics":["Ring of the Snake","Ornamental Fan","Snake Skull"],"potions_floor_usage":[10,16,16],"damage_taken":[{"damage":8,"enemies":"Small Slimes","floor":1,"turns":5},{"damage":2,"enemies":"Cultist","floor":2,"turns":4},{"damage":0,"enemies":"Jaw Worm","floor":3,"turns":5},{"damage":5,"enemies":"Exordium Wildlife","floor":7,"turns":6},{"damage":27,"enemies":"Gremlin Gang","floor":8,"turns":6},{"damage":9,"enemies":"3 Sentries","floor":10,"turns":10},{"damage":2,"enemies":"2 Fungi Beasts","floor":11,"turns":4},{"damage":49,"enemies":"Slime Boss","floor":16,"turns":11}],"seed_played":"8890655325840144593","potions_obtained":[{"floor":1,"key":"Ancient Potion"},{"floor":8,"key":"Dexterity Potion"},{"floor":10,"key":"Fruit Juice"}],"is_trial":false,"path_per_floor":["M","M","M","?","$","R","M","M","T","E","M","$","R","$","R","B"],"character_chosen":"THE_SILENT","items_purchased":["Underhanded Strike","Poisoned Stab","Flechettes"],"campfire_rested":1,"item_purchase_floors":[5,12,14],"current_hp_per_floor":[62,60,60,60,60,60,55,28,28,19,17,17,38,38,38,0],"gold":26,"neow_bonus":"REMOVE_TWO","is_prod":false,"is_daily":false,"chose_seed":false,"campfire_upgraded":2,"win_rate":0,"timestamp":1548999539,"path_taken":["M","M","M","?","?","R","M","M","T","E","M","$","R","?","R","BOSS"],"build_version":"2019-01-23","purchased_purges":0,"victory":false,"max_hp_per_floor":[70,70,70,70,70,70,70,70,70,70,70,70,70,70,70,75],"card_choices":[{"not_picked":["Dagger Spray","Slice"],"picked":"Caltrops","floor":1},{"not_picked":["Slice","Dagger Throw"],"picked":"Sucker Punch","floor":2},{"not_picked":["Quick Slash","Sucker Punch"],"picked":"PiercingWail","floor":3},{"not_picked":["Riddle With Holes","Sucker Punch"],"picked":"Prepared","floor":7},{"not_picked":["Deflect","PiercingWail"],"picked":"Backflip","floor":8},{"not_picked":["Concentrate","Prepared"],"picked":"Deadly Poison","floor":10},{"not_picked":["Cloak And Dagger","Sucker Punch"],"picked":"After Image","floor":11}],"player_experience":2056807,"relics_obtained":[{"floor":9,"key":"Ornamental Fan"},{"floor":10,"key":"Snake Skull"}],"event_choices":[{"damage_healed":0,"gold_gain":0,"player_choice":"Cursed","damage_taken":0,"max_hp_gain":0,"max_hp_loss":0,"event_name":"Wheel of Change","floor":4,"gold_loss":0,"cards_obtained":["Decay"]}],"is_beta":false,"boss_relics":[],"items_purged_floors":[],"is_endless":false,"potions_floor_spawned":[1,8,10],"killed_by":"Slime Boss","ascension_level":4}