{"path_per_floor":["M","$","M","?","?","R","M","M","T","$","?","M","?","?","R","B",null,"M","?","?","?","$","R","M","M","T","$","M","?","?","T","R"],"character_chosen":"THE_SILENT","items_purchased":["Noxious Fumes"],"gold_per_floor":[118,4,22,22,22,22,38,58,58,58,58,71,71,71,71,190,190,203,203,126,126,26,26,40,63,63,63,86,11,11,11,11,11],"floor_reached":33,"campfire_rested":0,"playtime":1502,"item_purchase_floors":[2],"current_hp_per_floor":[60,60,60,42,42,42,42,40,40,40,63,59,59,59,59,50,61,51,51,51,51,51,51,49,47,47,47,42,42,42,42,42,0],"items_purged":["Defend_G","Defend_G+1"],"gold":11,"score":338,"play_id":"b9ea8b38-f414-46c8-b534-e476dac1d508","local_time":"20180614122130","is_prod":false,"is_daily":false,"chose_seed":false,"is_ascension_mode":true,"campfire_upgraded":4,"win_rate":0,"timestamp":1528971690,"campfire_choices":[{"data":"Noxious Fumes","floor":6,"key":"SMITH"},{"data":"Blur","floor":15,"key":"SMITH"},{"data":"Envenom","floor":23,"key":"SMITH"},{"data":"Backflip","floor":32,"key":"SMITH"}],"path_taken":["M","$","M","?","?","R","M","?","T","$","?","?","?","?","R","BOSS","M","?","?","?","$","R","M","M","T","$","?","?","?","?","R","BOSS"],"build_version":"2018-06-07v3","seed_source_timestamp":2470472847658861,"purchased_purges":2,"victory":false,"master_deck":["Defend_G+1","Defend_G+1","Defend_G+1","Strike_G+1","Strike_G+1","Survivor","Neutralize","Prepared","Cloak And Dagger","Noxious Fumes+1","Cloak And Dagger","Blur+1","Acrobatics","Envenom+1","J.A.X.","Backflip+1"],"max_hp_per_floor":[70,70,70,70,70,70,70,70,70,70,70,70,70,65,65,65,65,65,65,65,65,65,65,65,65,65,65,65,65,65,65,65,65],"relics":["Ring of the Snake","Mercury Hourglass","Letter Opener","Bloody Idol","Busted Crown","Ninja Scroll","Frozen Egg 2"],"card_choices":[{"not_picked":["Terror","Dagger Spray"],"picked":"Cloak And Dagger","floor":1},{"not_picked":["Prepared","Outmaneuver","Infinite Blades"],"picked":"SKIP","floor":3},{"not_picked":["Dagger Spray","Masterful Stab"],"picked":"Cloak And Dagger","floor":7},{"not_picked":["Deflect","Dodge and Roll"],"picked":"Blur","floor":8},{"not_picked":["Poisoned Stab","Deflect"],"picked":"Acrobatics","floor":12},{"not_picked":["Wraith Form v2","Grand Finale"],"picked":"Envenom","floor":16},{"not_picked":["Sucker Punch"],"picked":"SKIP","floor":18},{"not_picked":["Underhanded Strike"],"picked":"SKIP","floor":24},{"not_picked":["Underhanded Strike+1"],"picked":"SKIP","floor":25},{"not_picked":[],"picked":"Backflip","floor":28}],"player_experience":319587,"potions_floor_usage":[16,16,28,33,33],"damage_taken":[{"damage":3,"enemies":"Jaw Worm","floor":1,"turns":6},{"damage":0,"enemies":"2 Louse","floor":3,"turns":4},{"damage":0,"enemies":"Cultist","floor":7,"turns":4},{"damage":2,"enemies":"3 Louse","floor":8,"turns":3},{"damage":4,"enemies":"Red Slaver","floor":12,"turns":4},{"damage":9,"enemies":"Slime Boss","floor":16,"turns":10},{"damage":10,"enemies":"Spheric Guardian","floor":18,"turns":7},{"damage":2,"enemies":"Chosen","floor":24,"turns":5},{"damage":2,"enemies":"Snake Plant","floor":25,"turns":5},{"damage":5,"enemies":"Chosen and Byrds","floor":28,"turns":6},{"damage":62,"enemies":"Champ","floor":33,"turns":11}],"relics_obtained":[{"floor":9,"key":"Letter Opener"},{"floor":26,"key":"Ninja Scroll"},{"floor":31,"key":"Frozen Egg 2"}],"event_choices":[{"event_name":"Scrap Ooze","player_choice":"success","floor":4,"damage_taken":18},{"event_name":"Liars Game","player_choice":"disagreed","floor":5,"damage_taken":0},{"event_name":"Big Fish","player_choice":"Banana","floor":11,"damage_taken":0},{"event_name":"Dead Adventurer","player_choice":"Searched \u00270\u0027 times","floor":13,"damage_taken":0},{"event_name":"Golden Idol","player_choice":"Lose Max HP","floor":14,"damage_taken":0},{"event_name":"Back to Basics","player_choice":"Simplicity","floor":19,"damage_taken":0},{"event_name":"Drug Dealer","player_choice":"Got JAXXED","floor":20,"damage_taken":0},{"event_name":"Bonfire Elementals","player_choice":"BASIC","floor":21,"damage_taken":0},{"event_name":"Beggar","player_choice":"Gave Gold","floor":29,"damage_taken":0},{"event_name":"Forgotten Altar","player_choice":"Gave Idol","floor":30,"damage_taken":0}],"boss_relics":[{"not_picked":["Eternal Feather","Orrery"],"picked":"Busted Crown"}],"items_purged_floors":[2,22],"potions_floor_spawned":[1,7,16,18,24],"seed_played":"-2053952610285025490","killed_by":"Champ","ascension_level":9,"potions_obtained":[{"floor":1,"key":"Explosive Potion"},{"floor":7,"key":"SkillPotion"},{"floor":16,"key":"Fire Potion"},{"floor":18,"key":"EssenceOfSteel"},{"floor":24,"key":"Ancient Potion"}],"is_trial":false}