{"gold_per_floor":[117,129,144,46,66,92,92,120,120,85,100,131,143,156,156,252,252,267,21,36,36,135,135,155,168,168,88,88,88,88],"floor_reached":30,"playtime":4393,"items_purged":["Strike_G","Defend_G"],"score":378,"play_id":"d72bfbaf-f86e-4e88-9543-b8a93671e49e","local_time":"20181107212827","is_ascension_mode":true,"campfire_choices":[{"data":"Neutralize","floor":7.0,"key":"SMITH"},{"floor":15.0,"key":"REST"},{"data":"Backflip","floor":23,"key":"SMITH"}],"neow_cost":"NONE","seed_source_timestamp":0,"circlet_count":0,"master_deck":["AscendersBane","Defend_G","Defend_G","Defend_G","Strike_G","Strike_G","Strike_G","Survivor","Neutralize+1","Poisoned Stab","Catalyst","Backflip","Poisoned Stab","Deflect","Backflip+1","Leg Sweep","Bane","Noxious Fumes","Catalyst","Unload","Deadly Poison","Noxious Fumes","Good Instincts","Cloak And Dagger","Footwork+1","Prepared","Bane","Footwork","Cloak And Dagger","Blur"],"special_seed":0,"relics":["Ring of the Snake","Omamori","Lantern","Question Card","Ornamental Fan","Orrery","Paper Crane"],"potions_floor_usage":[24],"damage_taken":[{"damage":0.0,"enemies":"Cultist","floor":1.0,"turns":5.0},{"damage":2.0,"enemies":"2 Louse","floor":2.0,"turns":3.0},{"damage":2.0,"enemies":"Jaw Worm","floor":3.0,"turns":3.0},{"damage":1.0,"enemies":"Exordium Thugs","floor":5.0,"turns":5.0},{"damage":25.0,"enemies":"Lagavulin","floor":6.0,"turns":8.0},{"damage":27.0,"enemies":"3 Sentries","floor":8.0,"turns":13.0},{"damage":10.0,"enemies":"2 Fungi Beasts","floor":11.0,"turns":3.0},{"damage":21.0,"enemies":"Lagavulin","floor":12.0,"turns":8.0},{"damage":0.0,"enemies":"3 Louse","floor":13.0,"turns":4.0},{"damage":0.0,"enemies":"Large Slime","floor":14.0,"turns":6.0},{"damage":17,"enemies":"Hexaghost","floor":16,"turns":10},{"damage":15,"enemies":"3 Byrds","floor":18,"turns":5},{"damage":2,"enemies":"Chosen","floor":20,"turns":4},{"damage":9,"enemies":"Snake Plant","floor":24,"turns":4},{"damage":19,"enemies":"Centurion and Healer","floor":25,"turns":8},{"damage":1,"enemies":"Chosen and Byrds","floor":30,"turns":6}],"seed_played":"1531274596460464296","potions_obtained":[{"floor":1.0,"key":"LiquidBronze"},{"floor":3.0,"key":"SteroidPotion"},{"floor":6.0,"key":"GhostInAJar"},{"floor":12.0,"key":"Block Potion"},{"floor":14.0,"key":"GhostInAJar"},{"floor":16,"key":"AttackPotion"},{"floor":18,"key":"FearPotion"}],"is_trial":false,"path_per_floor":["M","M","M","$","M","E","R","E","T","?","M","E","M","M","R","B",null,"M","$","M","?","?","R","M","M","T","$","?","?","M"],"character_chosen":"THE_SILENT","items_purchased":["Poisoned Stab","Good Instincts","Cloak And Dagger","Blur"],"campfire_rested":1,"item_purchase_floors":[4,19,19,27],"current_hp_per_floor":[70,68,66,66,65,40,40,13,13,32,22,1,1,1,24,7,60,45,45,43,43,43,43,34,15,15,15,1,1,0],"gold":88,"neow_bonus":"TEN_PERCENT_HP_BONUS","is_prod":false,"is_daily":false,"chose_seed":false,"campfire_upgraded":2,"win_rate":0,"timestamp":1541654907,"path_taken":["M","M","?","?","M","E","R","E","T","?","M","E","M","?","R","BOSS","M","$","M","?","?","R","M","M","T","$","?","?","M"],"build_version":"2018-11-01","purchased_purges":2,"victory":false,"max_hp_per_floor":[77,77,77,77,77,77,77,77,77,77,77,77,77,77,77,77,77,77,77,77,77,77,77,77,77,77,77,82,82,82],"card_choices":[{"not_picked":["Escape Plan","Sucker Punch"],"picked":"Poisoned Stab","floor":1.0},{"not_picked":["Bane","Underhanded Strike"],"picked":"Catalyst","floor":2.0},{"not_picked":["Endless Agony","Blade Dance"],"picked":"Backflip","floor":3.0},{"not_picked":["Sucker Punch","Bane"],"picked":"Deflect","floor":5.0},{"not_picked":["Finisher","Calculated Gamble"],"picked":"Backflip","floor":6.0},{"not_picked":["Storm of Steel","Acrobatics","Cloak And Dagger"],"picked":"SKIP","floor":8.0},{"not_picked":["Deflect","Dodge and Roll","Bane"],"picked":"Leg Sweep","floor":11.0},{"not_picked":["Dagger Throw","Flechettes","Prepared"],"picked":"Bane","floor":12.0},{"not_picked":["Sucker Punch","Leg Sweep","Wraith Form v2"],"picked":"Noxious Fumes","floor":13.0},{"not_picked":["Acrobatics","Tactician","Flechettes"],"picked":"Catalyst","floor":14.0},{"not_picked":["Envenom","Phantasmal Killer","Storm of Steel"],"picked":"Unload","floor":16},{"not_picked":["Malaise","Eviscerate","Acrobatics"],"picked":"Deadly Poison","floor":17},{"not_picked":["Quick Slash","Catalyst","Slice"],"picked":"Noxious Fumes","floor":17},{"not_picked":["Escape Plan","Prepared+1","Flying Knee","Quick Slash"],"picked":"SKIP","floor":18},{"not_picked":["Cloak And Dagger","Slice","Infinite Blades+1"],"picked":"Footwork+1","floor":20},{"not_picked":["Noxious Fumes+1","Bane","Sucker Punch"],"picked":"Footwork","floor":24},{"not_picked":["Slice","Envenom","Well Laid Plans"],"picked":"Cloak And Dagger","floor":25}],"player_experience":557144,"relics_obtained":[{"floor":6.0,"key":"Omamori"},{"floor":8.0,"key":"Lantern"},{"floor":9.0,"key":"Question Card"},{"floor":12.0,"key":"Ornamental Fan"},{"floor":26,"key":"Paper Crane"}],"event_choices":[{"damage_healed":19.0,"max_hp_gain":0.0,"max_hp_loss":0.0,"gold_gain":0.0,"event_name":"The Cleric","player_choice":"Healed","floor":10.0,"gold_loss":35.0,"damage_taken":0.0},{"damage_healed":0,"gold_gain":0,"cards_transformed":["Strike_G","Defend_G"],"player_choice":"Became Test Subject","damage_taken":0,"max_hp_gain":0,"max_hp_loss":0,"event_name":"Drug Dealer","floor":21,"gold_loss":0,"cards_obtained":["Prepared","Bane"]},{"damage_healed":0,"gold_gain":99,"player_choice":"Stole From Cult","damage_taken":0,"max_hp_gain":0,"max_hp_loss":0,"event_name":"Nest","floor":22,"gold_loss":0},{"damage_healed":0,"gold_gain":0,"player_choice":"Shed Blood","damage_taken":19,"max_hp_gain":5,"max_hp_loss":0,"event_name":"Forgotten Altar","floor":28,"gold_loss":0},{"damage_healed":0,"gold_gain":0,"player_choice":"Ignored","damage_taken":0,"max_hp_gain":0,"max_hp_loss":0,"event_name":"Cursed Tome","floor":29,"gold_loss":0}],"is_beta":false,"boss_relics":[{"not_picked":["Coffee Dripper","Runic Pyramid"],"picked":"Orrery"}],"items_purged_floors":[4,19],"is_endless":false,"potions_floor_spawned":[1,3,6,12,14,16,18],"killed_by":"Chosen and Byrds","ascension_level":10}