{"gold_per_floor":[116,136,155,155,168,199,211,211,236,236,279,291,339,375,387,530,542,574,586,616,649,408,408,442,467,467,498,498,511,511,72,72,196,196,219,219,35,53,153,153,153,186,240,240,36,36,55,70,70,70],"floor_reached":51,"playtime":4442,"items_purged":["Skewer"],"score":1040,"play_id":"74205c48-5db9-4794-a9a9-32a540f3626a","local_time":"20181228103232","is_ascension_mode":true,"campfire_choices":[{"data":"A Thousand Cuts","floor":10,"key":"SMITH"},{"floor":15,"key":"REST"},{"floor":23,"key":"REST"},{"floor":32,"key":"REST"},{"data":"Adrenaline","floor":41,"key":"SMITH"},{"floor":49,"key":"REST"}],"neow_cost":"NONE","seed_source_timestamp":172593131941011,"circlet_count":0,"master_deck":["Neutralize+1","Doppelganger","Cloak And Dagger","Expertise","A Thousand Cuts+1","Adrenaline+1","Terror+1","Finisher+1","Heel Hook","Escape Plan","Cloak And Dagger","Slice","Deflect","Endless Agony","Noxious Fumes","Dodge and Roll","Envenom","Backflip","Deflect","Skewer"],"relics":["Pandora\u0027s Box","Omamori","Golden Idol","Smiling Mask","MawBank","Potion Belt","Busted Crown","Vajra","Pantograph","Bottled Lightning","Darkstone Periapt","Chemical X","Art of War","Lizard Tail","Bronze Scales","Frozen Egg 2","Ancient Tea Set","ClockworkSouvenir","GremlinMask"],"potions_floor_usage":[6,18,21,24,29,30,30,33,33,40,48,50,50,50],"damage_taken":[{"damage":0,"enemies":"2 Louse","floor":1,"turns":2},{"damage":0,"enemies":"Small Slimes","floor":2,"turns":3},{"damage":1,"enemies":"Cultist","floor":3,"turns":3},{"damage":0,"enemies":"Red Slaver","floor":5,"turns":2},{"damage":8,"enemies":"Gremlin Nob","floor":6,"turns":3},{"damage":0,"enemies":"Looter","floor":7,"turns":2},{"damage":9,"enemies":"Lagavulin","floor":11,"turns":3},{"damage":7,"enemies":"3 Sentries","floor":13,"turns":2},{"damage":12,"enemies":"Lots of Slimes","floor":14,"turns":2},{"damage":0,"enemies":"Slime Boss","floor":16,"turns":4},{"damage":14,"enemies":"2 Thieves","floor":18,"turns":2},{"damage":4,"enemies":"Shell Parasite","floor":20,"turns":2},{"damage":19,"enemies":"Centurion and Healer","floor":21,"turns":3},{"damage":6,"enemies":"Book of Stabbing","floor":24,"turns":3},{"damage":0,"enemies":"Shelled Parasite and Fungi","floor":25,"turns":2},{"damage":29,"enemies":"Slavers","floor":27,"turns":3},{"damage":0,"enemies":"Snake Plant","floor":29,"turns":2},{"damage":11,"enemies":"Colosseum Slavers","floor":30,"turns":4},{"damage":0,"enemies":"Champ","floor":33,"turns":4},{"damage":7,"enemies":"3 Shapes","floor":35,"turns":3},{"damage":11,"enemies":"3 Darklings","floor":38,"turns":2},{"damage":0,"enemies":"Writhing Mass","floor":40,"turns":1},{"damage":3,"enemies":"Giant Head","floor":42,"turns":4},{"damage":0,"enemies":"Transient","floor":47,"turns":5},{"damage":30,"enemies":"3 Darklings","floor":48,"turns":4},{"damage":113,"enemies":"Time Eater","floor":50,"turns":9}],"seed_played":"5257453003672312996","potions_obtained":[{"floor":2,"key":"Explosive Potion"},{"floor":3,"key":"Energy Potion"},{"floor":7,"key":"EssenceOfSteel"},{"floor":11,"key":"Poison Potion"},{"floor":16,"key":"LiquidBronze"},{"floor":18,"key":"SteroidPotion"},{"floor":20,"key":"EssenceOfSteel"},{"floor":28,"key":"SteroidPotion"},{"floor":28,"key":"GamblersBrew"},{"floor":28,"key":"SmokeBomb"},{"floor":29,"key":"GamblersBrew"},{"floor":33,"key":"Energy Potion"},{"floor":35,"key":"SpeedPotion"},{"floor":42,"key":"Ancient Potion"}],"is_trial":false,"path_per_floor":["M","M","M","?","M","E","M","?","T","R","E","?","E","M","R","B",null,"M","?","M","M","$","R","E","M","T","E","?","M","?","$","R","B",null,"M","?","$","M","?","M","R","E","T","?","$","?","M","M","R","B",null],"character_chosen":"THE_SILENT","items_purchased":["Vajra","PowerPotion","Chemical X","AttackPotion","Backflip","Art of War","Bronze Scales","Deflect","ClockworkSouvenir"],"campfire_rested":4,"item_purchase_floors":[22,22,31,31,31,31,37,37,45],"current_hp_per_floor":[70,70,69,55,55,47,47,47,47,47,38,38,31,19,40,40,63,49,49,45,26,26,47,41,41,41,12,12,12,1,1,22,47,64,57,57,57,46,46,46,46,43,43,43,43,43,43,13,34,6],"gold":70,"neow_bonus":"BOSS_RELIC","is_prod":false,"is_daily":false,"chose_seed":false,"campfire_upgraded":2,"win_rate":0,"timestamp":1546014752,"path_taken":["M","M","M","?","M","E","M","?","T","R","E","?","E","M","R","BOSS","M","?","M","?","$","R","E","M","T","E","?","?","?","$","R","BOSS","M","?","$","M","?","?","R","E","T","?","?","?","M","M","R","BOSS"],"build_version":"2018-12-20","purchased_purges":1,"victory":true,"max_hp_per_floor":[70,70,70,70,70,70,70,70,70,70,70,70,70,70,70,70,70,70,70,70,70,70,70,70,70,70,70,70,70,70,70,70,70,70,70,70,70,70,70,70,70,70,70,70,70,70,70,70,70,70],"card_choices":[{"not_picked":["Underhanded Strike","Outmaneuver"],"picked":"Cloak And Dagger","floor":1},{"not_picked":["Outmaneuver","PiercingWail"],"picked":"Slice","floor":2},{"not_picked":["Flying Knee","Acrobatics"],"picked":"Deflect","floor":3},{"not_picked":["Outmaneuver","Calculated Gamble","Blade Dance"],"picked":"SKIP","floor":5},{"not_picked":["Reflex","Underhanded Strike","Deadly Poison"],"picked":"SKIP","floor":6},{"not_picked":["Deflect","Distraction"],"picked":"Endless Agony","floor":7},{"not_picked":["Choke","Accuracy","Underhanded Strike"],"picked":"SKIP","floor":11},{"not_picked":["A Thousand Cuts","Cloak And Dagger"],"picked":"Noxious Fumes","floor":13},{"not_picked":["Flying Knee","Outmaneuver"],"picked":"Dodge and Roll","floor":14},{"not_picked":["Burst","Phantasmal Killer"],"picked":"Envenom","floor":16},{"not_picked":["Noxious Fumes"],"picked":"SKIP","floor":18},{"not_picked":["Dagger Spray"],"picked":"SKIP","floor":20},{"not_picked":["Underhanded Strike+1"],"picked":"SKIP","floor":21},{"not_picked":["Underhanded Strike"],"picked":"SKIP","floor":24},{"not_picked":[],"picked":"Dash","floor":25},{"not_picked":["Quick Slash"],"picked":"SKIP","floor":27},{"not_picked":["Poisoned Stab+1"],"picked":"SKIP","floor":29},{"not_picked":["Outmaneuver"],"picked":"SKIP","floor":35},{"not_picked":["PiercingWail+1"],"picked":"SKIP","floor":38},{"not_picked":["Tools of the Trade"],"picked":"SKIP","floor":42},{"not_picked":["Blade Dance"],"picked":"SKIP","floor":47},{"not_picked":["Poisoned Stab+1"],"picked":"SKIP","floor":48}],"player_experience":357789,"relics_obtained":[{"floor":6,"key":"Omamori"},{"floor":9,"key":"Smiling Mask"},{"floor":11,"key":"MawBank"},{"floor":13,"key":"Potion Belt"},{"floor":24,"key":"Pantograph"},{"floor":26,"key":"Bottled Lightning"},{"floor":27,"key":"Darkstone Periapt"},{"floor":42,"key":"Frozen Egg 2"},{"floor":43,"key":"Ancient Tea Set"}],"event_choices":[{"damage_healed":0,"gold_gain":0,"player_choice":"Entered Light","damage_taken":14,"max_hp_gain":0,"max_hp_loss":0,"event_name":"Shining Light","floor":4,"gold_loss":0,"cards_upgraded":["Terror","Neutralize"]},{"damage_healed":0,"gold_gain":0,"player_choice":"Take Wound","damage_taken":0,"relics_obtained":["Golden Idol"],"max_hp_gain":0,"max_hp_loss":0,"event_name":"Golden Idol","floor":8,"gold_loss":0,"cards_obtained":["Injury"]},{"damage_healed":0,"gold_gain":0,"player_choice":"Upgraded","damage_taken":0,"max_hp_gain":0,"max_hp_loss":0,"event_name":"Upgrade Shrine","floor":12,"gold_loss":0,"cards_upgraded":["Finisher"]},{"cards_removed":["Survivor"],"damage_healed":0,"gold_gain":0,"player_choice":"Offered Basic","damage_taken":0,"max_hp_gain":0,"max_hp_loss":0,"event_name":"Bonfire Elementals","floor":19,"gold_loss":0},{"damage_healed":0,"gold_gain":0,"player_choice":"Got Potions","damage_taken":0,"max_hp_gain":0,"max_hp_loss":0,"event_name":"Lab","floor":28,"gold_loss":0},{"damage_healed":0,"gold_gain":0,"player_choice":"Fight","damage_taken":0,"max_hp_gain":0,"max_hp_loss":0,"event_name":"Colosseum","floor":30,"gold_loss":0},{"damage_healed":0,"gold_gain":0,"player_choice":"Fled From Nobs","damage_taken":0,"max_hp_gain":0,"max_hp_loss":0,"event_name":"Colosseum","floor":30,"gold_loss":0},{"damage_healed":0,"gold_gain":0,"player_choice":"Ignored","damage_taken":0,"max_hp_gain":0,"max_hp_loss":0,"event_name":"Tomb of Lord Red Mask","floor":36,"gold_loss":0},{"damage_healed":0,"gold_gain":100,"player_choice":"Pray","damage_taken":0,"max_hp_gain":0,"max_hp_loss":0,"event_name":"Golden Shrine","floor":39,"gold_loss":0},{"damage_healed":0,"gold_gain":0,"cards_transformed":["Dash"],"player_choice":"Transformed","damage_taken":0,"max_hp_gain":0,"max_hp_loss":0,"event_name":"Transmorgrifier","floor":44,"gold_loss":0,"cards_obtained":["Skewer"]},{"damage_healed":0,"gold_gain":0,"player_choice":"Trade","damage_taken":0,"relics_obtained":["GremlinMask"],"max_hp_gain":0,"max_hp_loss":0,"event_name":"FaceTrader","floor":46,"gold_loss":0}],"is_beta":false,"boss_relics":[{"not_picked":["Runic Pyramid","Snecko Eye"],"picked":"Busted Crown"},{"not_picked":["Black Star","Tiny House"],"picked":"Lizard Tail"}],"items_purged_floors":[22],"is_endless":false,"potions_floor_spawned":[2,3,7,11,16,18,20,29,30,33,35,40,42],"ascension_level":5}