{"gold_per_floor":[112,7,25,25,25,25,51,66,66,78,104,122,142,157,157,157],"floor_reached":16,"playtime":708,"items_purged":[],"score":172,"play_id":"f81d0b4f-ee1b-4a45-969f-ba361e7d2f36","local_time":"20190331001516","is_ascension_mode":true,"campfire_choices":[{"data":"Doom and Gloom","floor":6,"key":"SMITH"},{"floor":15,"key":"REST"}],"neow_cost":"NONE","seed_source_timestamp":92042752780500,"circlet_count":0,"master_deck":["AscendersBane","Strike_B","Strike_B","Strike_B","Defend_B","Defend_B","Defend_B","Defend_B","Zap","Dualcast","Trip","Doom and Gloom+1","Defragment","Conserve Battery","Capacitor","Defragment","Defragment","Hologram","Stack","Coolheaded","Steam"],"relics":["Cracked Core","Dodecahedron","Darkstone Periapt","Blood Vial"],"potions_floor_usage":[7,10,14],"damage_taken":[{"damage":21,"enemies":"Small Slimes","floor":1,"turns":4},{"damage":0,"enemies":"2 Louse","floor":3,"turns":2},{"damage":21,"enemies":"3 Sentries","floor":7,"turns":5},{"damage":11,"enemies":"Cultist","floor":8,"turns":4},{"damage":1,"enemies":"Exordium Thugs","floor":10,"turns":4},{"damage":3,"enemies":"2 Fungi Beasts","floor":12,"turns":4},{"damage":2,"enemies":"Large Slime","floor":13,"turns":5},{"damage":6,"enemies":"Lots of Slimes","floor":14,"turns":4},{"damage":37,"enemies":"Hexaghost","floor":16,"turns":11}],"seed_played":"-3050699165142428028","potions_obtained":[{"floor":1,"key":"Swift Potion"},{"floor":3,"key":"EssenceOfSteel"},{"floor":13,"key":"Fire Potion"}],"is_trial":false,"path_per_floor":["M","$","M","?","?","R","E","M","T","M","T","M","M","M","R","B"],"character_chosen":"DEFECT","items_purchased":["Defragment","Conserve Battery"],"campfire_rested":1,"item_purchase_floors":[2,2],"current_hp_per_floor":[47,47,47,47,47,47,26,15,15,14,14,13,13,9,31,0],"gold":157,"neow_bonus":"RANDOM_COLORLESS","is_prod":false,"is_daily":false,"chose_seed":false,"campfire_upgraded":1,"win_rate":0,"timestamp":1554005716,"path_taken":["M","$","M","?","?","R","E","M","T","?","?","M","M","M","R","BOSS"],"build_version":"2019-01-23","purchased_purges":0,"victory":false,"max_hp_per_floor":[75,75,75,75,75,75,75,75,75,75,75,75,75,75,75,75],"card_choices":[{"not_picked":["Loop","Go for the Eyes"],"picked":"Doom and Gloom","floor":1},{"not_picked":["Barrage","Redo"],"picked":"Capacitor","floor":3},{"not_picked":["Recycle","Hologram"],"picked":"Defragment","floor":7},{"not_picked":["Sunder","Sweeping Beam"],"picked":"Defragment","floor":8},{"not_picked":["Turbo","Barrage"],"picked":"Hologram","floor":10},{"not_picked":["Rip and Tear","Chaos"],"picked":"Stack","floor":12},{"not_picked":["Leap","Melter"],"picked":"Coolheaded","floor":13},{"not_picked":["Darkness","Scrape"],"picked":"Steam","floor":14}],"player_experience":2556243,"relics_obtained":[{"floor":7,"key":"Dodecahedron"},{"floor":9,"key":"Darkstone Periapt"},{"floor":11,"key":"Blood Vial"}],"event_choices":[{"damage_healed":0,"gold_gain":0,"player_choice":"Ignored","damage_taken":0,"max_hp_gain":0,"max_hp_loss":0,"event_name":"Shining Light","floor":4,"gold_loss":0},{"cards_removed":["Strike_B"],"damage_healed":0,"gold_gain":0,"player_choice":"Card Removal","damage_taken":0,"max_hp_gain":0,"max_hp_loss":0,"event_name":"Wheel of Change","floor":5,"gold_loss":0}],"is_beta":false,"boss_relics":[],"items_purged_floors":[],"is_endless":false,"potions_floor_spawned":[1,3,13],"killed_by":"Hexaghost","ascension_level":13}