{"path_per_floor":["M","M","?","M","$","R","M","M","T","$","M","?","R","E","R","B",null],"character_chosen":"THE_SILENT","items_purchased":[],"gold_per_floor":[110,125,125,143,68,68,88,102,102,2,20,20,20,61,61,185,185,185],"floor_reached":18,"campfire_rested":1,"playtime":820,"item_purchase_floors":[],"current_hp_per_floor":[68,64,64,64,64,64,53,52,52,52,49,24,43,40,40,6,65,65],"items_purged":["Defend_G","Strike_G"],"gold":185,"score":219,"play_id":"cd1e904b-913e-4652-9145-1b0b1072d897","local_time":"20180606221847","is_prod":false,"is_daily":false,"chose_seed":false,"is_ascension_mode":true,"campfire_upgraded":2,"win_rate":0,"timestamp":1528316327,"campfire_choices":[{"data":"Backflip","floor":6,"key":"SMITH"},{"floor":13,"key":"REST"},{"data":"Neutralize","floor":15,"key":"SMITH"}],"path_taken":["M","M","?","?","$","R","M","?","T","?","M","?","R","E","R","BOSS","M"],"build_version":"2018-05-31","seed_source_timestamp":1815817344917371,"purchased_purges":2,"victory":false,"master_deck":["Survivor","Neutralize+1","Clumsy","Backflip+1","Backstab","Deadly Poison","Deadly Poison","Concentrate","Catalyst","Quick Slash","Deadly Poison","Finisher","Sucker Punch","Dash","Deadly Poison"],"max_hp_per_floor":[70,70,65,65,65,65,65,65,65,65,65,65,65,65,65,65,65,65],"relics":["Ring of the Snake","Dead Branch","Golden Idol","Blue Candle","Matryoshka","Blood Vial","Pandora\u0027s Box"],"card_choices":[{"not_picked":["Deadly Poison","Well Laid Plans"],"picked":"Backflip","floor":1},{"not_picked":["Cloak And Dagger","Dagger Spray"],"picked":"Backstab","floor":2},{"not_picked":["Deflect","Underhanded Strike"],"picked":"Deadly Poison","floor":4},{"not_picked":["Setup","Poisoned Stab"],"picked":"Deadly Poison","floor":7},{"not_picked":["Malaise","Calculated Gamble","Reflex"],"picked":"SKIP","floor":8},{"not_picked":["Dash","Distraction","Endless Agony"],"picked":"SKIP","floor":11},{"not_picked":["Bouncing Flask","Outmaneuver","Skewer"],"picked":"SKIP","floor":14}],"player_experience":218387,"potions_floor_usage":[2,8,14,14],"damage_taken":[{"damage":2,"enemies":"Jaw Worm","floor":1,"turns":6},{"damage":4,"enemies":"Small Slimes","floor":2,"turns":4},{"damage":0,"enemies":"Cultist","floor":4,"turns":3},{"damage":11,"enemies":"Exordium Thugs","floor":7,"turns":3},{"damage":1,"enemies":"Lots of Slimes","floor":8,"turns":2},{"damage":3,"enemies":"3 Louse","floor":11,"turns":4},{"damage":3,"enemies":"Gremlin Nob","floor":14,"turns":3},{"damage":36,"enemies":"The Guardian","floor":16,"turns":13},{"damage":0,"enemies":"Spheric Guardian","floor":18,"turns":2}],"relics_obtained":[{"floor":9,"key":"Blue Candle"},{"floor":14,"key":"Blood Vial"}],"event_choices":[{"event_name":"Golden Idol","player_choice":"Lose Max HP","floor":3,"damage_taken":0},{"event_name":"Scrap Ooze","player_choice":"success","floor":12,"damage_taken":25}],"boss_relics":[{"not_picked":["Eternal Feather","White Beast Statue"],"picked":"Pandora\u0027s Box"}],"items_purged_floors":[5,10],"potions_floor_spawned":[1,2,7,8],"seed_played":"5995966625193902332","killed_by":"Spheric Guardian","ascension_level":4,"potions_obtained":[{"floor":1,"key":"Explosive Potion"},{"floor":2,"key":"Fire Potion"},{"floor":7,"key":"Explosive Potion"},{"floor":8,"key":"Energy Potion"}],"is_trial":false}