{"gold_per_floor":[118,136,154,304,149,160,187,187,211,211,211,211,221,41,41,113,113,130,130,5,5,5,5,23,23,23,23],"floor_reached":27,"playtime":1430,"items_purged":["Doubt","Strike_G","Strike_G"],"score":366,"play_id":"85dd480a-34eb-4dcc-90f9-94373e7f6426","local_time":"20190510121901","is_ascension_mode":true,"campfire_choices":[{"data":"Burst","floor":8,"key":"SMITH"},{"data":"Footwork","floor":11,"key":"SMITH"},{"data":"Noxious Fumes","floor":15,"key":"SMITH"},{"data":"Blur","floor":23,"key":"SMITH"},{"data":"Footwork","floor":25,"key":"SMITH"}],"neow_cost":"TEN_PERCENT_HP_LOSS","seed_source_timestamp":3537285432099430,"circlet_count":0,"master_deck":["AscendersBane","Defend_G+1","Defend_G+1","Defend_G+1","Defend_G+1","Strike_G+1","Strike_G+1","Survivor","Neutralize","Distraction","Footwork+1","Deflect+1","Blur+1","Well Laid Plans","Noxious Fumes+1","Burst+1","Footwork+1","Night Terror+1","Prepared+1"],"relics":["Ring of the Snake","Lantern","Bronze Scales","Art of War","Eternal Feather","The Specimen"],"potions_floor_usage":[7,16],"damage_taken":[{"damage":0,"enemies":"Cultist","floor":1,"turns":5},{"damage":0,"enemies":"Jaw Worm","floor":2,"turns":4},{"damage":8,"enemies":"Small Slimes","floor":3,"turns":7},{"damage":0,"enemies":"3 Louse","floor":6,"turns":2},{"damage":7,"enemies":"Lagavulin","floor":7,"turns":12},{"damage":4,"enemies":"2 Fungi Beasts","floor":13,"turns":4},{"damage":16,"enemies":"Hexaghost","floor":16,"turns":14},{"damage":7,"enemies":"Spheric Guardian","floor":18,"turns":5},{"damage":10,"enemies":"2 Thieves","floor":24,"turns":5},{"damage":56,"enemies":"Cultist and Chosen","floor":27,"turns":5}],"seed_played":"2319500213446251051","potions_obtained":[{"floor":6,"key":"Swift Potion"},{"floor":7,"key":"Ancient Potion"},{"floor":13,"key":"SpeedPotion"}],"is_trial":false,"path_per_floor":["M","M","M","?","$","M","E","R","T","?","R","?","M","$","R","B",null,"M","?","$","?","?","R","M","R","T","M"],"character_chosen":"THE_SILENT","items_purchased":["Well Laid Plans","Footwork"],"campfire_rested":0,"item_purchase_floors":[5,14],"current_hp_per_floor":[59,59,51,51,51,51,44,44,44,26,26,26,22,22,22,6,47,40,40,40,40,40,49,39,48,48,0],"gold":23,"neow_bonus":"TRANSFORM_TWO_CARDS","is_prod":false,"is_daily":false,"chose_seed":false,"campfire_upgraded":5,"win_rate":0,"timestamp":1557483541,"path_taken":["M","M","?","?","$","M","E","R","T","?","R","?","M","$","R","BOSS","M","?","$","?","?","R","M","R","T","M"],"build_version":"2019-01-23","purchased_purges":3,"victory":false,"max_hp_per_floor":[60,60,60,60,60,60,60,60,60,60,60,60,60,60,60,60,60,60,60,60,60,60,60,60,60,60,60],"card_choices":[{"not_picked":["Blade Dance","Poisoned Stab","Sucker Punch"],"picked":"SKIP","floor":1},{"not_picked":["Slice","Skewer"],"picked":"Deflect","floor":2},{"not_picked":["Acrobatics","Prepared"],"picked":"Blur","floor":3},{"not_picked":["Deadly Poison","Outmaneuver"],"picked":"Noxious Fumes","floor":6},{"not_picked":["Deadly Poison","Eviscerate"],"picked":"Burst","floor":7},{"not_picked":["Cloak And Dagger","All Out Attack","Quick Slash"],"picked":"SKIP","floor":13},{"not_picked":["Phantasmal Killer","Unload"],"picked":"Night Terror","floor":16},{"not_picked":["Slice","Prepared","Skewer"],"picked":"SKIP","floor":18},{"not_picked":["Predator","Poisoned Stab"],"picked":"Prepared+1","floor":24}],"player_experience":512369,"relics_obtained":[{"floor":7,"key":"Lantern"},{"floor":9,"key":"Bronze Scales"},{"floor":26,"key":"The Specimen"}],"event_choices":[{"damage_healed":0,"gold_gain":150,"player_choice":"AGREE","damage_taken":0,"max_hp_gain":0,"max_hp_loss":0,"event_name":"Liars Game","floor":4,"gold_loss":0,"cards_obtained":["Doubt"]},{"damage_healed":0,"gold_gain":0,"player_choice":"Entered Light","damage_taken":18,"max_hp_gain":0,"max_hp_loss":0,"event_name":"Shining Light","floor":10,"gold_loss":0,"cards_upgraded":["Deflect","Strike_G"]},{"damage_healed":0,"gold_gain":0,"player_choice":"Searched \u00271\u0027 times","damage_taken":0,"relics_obtained":["Art of War"],"max_hp_gain":0,"max_hp_loss":0,"event_name":"Dead Adventurer","floor":12,"gold_loss":0},{"damage_healed":0,"gold_gain":0,"player_choice":"Simplicity","damage_taken":0,"max_hp_gain":0,"max_hp_loss":0,"event_name":"Back to Basics","floor":21,"gold_loss":0,"cards_upgraded":["Defend_G","Defend_G","Defend_G","Defend_G","Strike_G"]},{"damage_healed":0,"gold_gain":0,"player_choice":"Upgraded","damage_taken":0,"max_hp_gain":0,"max_hp_loss":0,"event_name":"Upgrade Shrine","floor":22,"gold_loss":0,"cards_upgraded":["Night Terror"]}],"is_beta":false,"boss_relics":[{"not_picked":["Fusion Hammer","Runic Pyramid"],"picked":"Eternal Feather"}],"items_purged_floors":[5,14,20],"is_endless":false,"potions_floor_spawned":[6,7,13],"killed_by":"Cultist and Chosen","ascension_level":15}