{"gold_per_floor":[113,113,63,63,76,76,93,93,93,93,107,107,22,39,39,135,135,148,63,63,81,100,100,100,114,137,148,148,148,167,167],"floor_reached":31,"playtime":2004,"items_purged":[],"score":272,"play_id":"5e242d14-2b58-4b3e-a780-35a1fa7c474c","local_time":"20190128195657","is_ascension_mode":true,"campfire_choices":[{"data":"Blade Dance","floor":6,"key":"SMITH"},{"floor":8,"key":"REST"},{"data":"Blade Dance","floor":10,"key":"SMITH"},{"data":"Neutralize","floor":12,"key":"SMITH"},{"data":"Infinite Blades","floor":15,"key":"SMITH"},{"floor":23,"key":"REST"},{"floor":28,"key":"REST"}],"neow_cost":"NONE","seed_source_timestamp":8794344434602,"circlet_count":0,"master_deck":["Defend_G+1","Defend_G+1","Defend_G+1","Defend_G+1","Defend_G+1","Strike_G+1","Strike_G+1","Survivor","Neutralize+1","Blade Dance+1","Blade Dance+1","Acrobatics","Infinite Blades+1","Cloak And Dagger","Cloak And Dagger","Envenom","All Out Attack+1","Leg Sweep+1","Skewer+1","Skewer+1","Phantasmal Killer","Cloak And Dagger","Corpse Explosion"],"relics":["Ring of the Snake","Vajra","Singing Bowl","Strawberry","The Courier","Astrolabe","Lantern","Potion Belt","Boot"],"potions_floor_usage":[22,22,31],"damage_taken":[{"damage":2,"enemies":"Small Slimes","floor":1,"turns":5},{"damage":0,"enemies":"Jaw Worm","floor":5,"turns":3},{"damage":0,"enemies":"Cultist","floor":7,"turns":3},{"damage":8,"enemies":"Gremlin Gang","floor":11,"turns":4},{"damage":1,"enemies":"Looter","floor":14,"turns":4},{"damage":45,"enemies":"Hexaghost","floor":16,"turns":13},{"damage":19,"enemies":"Spheric Guardian","floor":18,"turns":4},{"damage":13,"enemies":"3 Byrds","floor":21,"turns":4},{"damage":39,"enemies":"Snake Plant","floor":22,"turns":6},{"damage":19,"enemies":"Cultist and Chosen","floor":25,"turns":6},{"damage":11,"enemies":"Chosen and Byrds","floor":27,"turns":6},{"damage":13,"enemies":"Centurion and Healer","floor":30,"turns":8},{"damage":22,"enemies":"Sentry and Sphere","floor":31,"turns":5}],"seed_played":"-4483689645916366763","potions_obtained":[{"floor":1,"key":"EssenceOfSteel"},{"floor":11,"key":"Dexterity Potion"},{"floor":21,"key":"Weak Potion"},{"floor":30,"key":"LiquidBronze"}],"is_trial":false,"path_per_floor":["M","?","?","?","M","R","M","R","T","R","M","R","$","M","R","B",null,"M","?","?","M","M","R","$","M","T","M","R","T","M","M"],"character_chosen":"THE_SILENT","items_purchased":["Infinite Blades","Cloak And Dagger"],"campfire_rested":3,"item_purchase_floors":[13,13],"current_hp_per_floor":[68,68,68,42,44,44,44,67,67,67,59,59,59,58,58,13,79,60,60,60,49,12,36,36,17,17,6,30,30,17,0],"gold":167,"neow_bonus":"RANDOM_COMMON_RELIC","is_prod":false,"is_daily":false,"chose_seed":false,"campfire_upgraded":4,"win_rate":0,"timestamp":1548723417,"path_taken":["M","?","?","?","M","R","M","R","T","R","M","R","$","M","R","BOSS","M","?","?","M","M","R","$","M","T","M","R","?","?","M"],"build_version":"2019-01-23","purchased_purges":0,"victory":false,"max_hp_per_floor":[70,70,70,77,79,79,79,79,79,79,79,79,79,79,79,79,79,79,79,79,81,83,83,83,83,83,83,83,83,83,83],"card_choices":[{"not_picked":["Prepared","Reflex"],"picked":"Blade Dance","floor":1},{"not_picked":["Flying Knee","Caltrops","Slice"],"picked":"Singing Bowl","floor":5},{"not_picked":["All Out Attack","Acrobatics"],"picked":"Blade Dance","floor":7},{"not_picked":["Deflect","Eviscerate"],"picked":"Acrobatics","floor":11},{"not_picked":["Acrobatics","PiercingWail"],"picked":"Cloak And Dagger","floor":14},{"not_picked":["Venomology","Malaise"],"picked":"Envenom","floor":16},{"not_picked":["Masterful Stab","Noxious Fumes"],"picked":"Skewer+1","floor":18},{"not_picked":["Endless Agony","Setup+1","Outmaneuver+1"],"picked":"Singing Bowl","floor":21},{"not_picked":["Dagger Throw","Acrobatics","Underhanded Strike"],"picked":"Singing Bowl","floor":22},{"not_picked":["Slice+1","Acrobatics"],"picked":"Phantasmal Killer","floor":25},{"not_picked":["Skewer","Flying Knee"],"picked":"Cloak And Dagger","floor":27},{"not_picked":["Leg Sweep","Prepared"],"picked":"Corpse Explosion","floor":30}],"player_experience":2039571,"relics_obtained":[{"floor":9,"key":"The Courier"},{"floor":26,"key":"Potion Belt"},{"floor":29,"key":"Boot"}],"event_choices":[{"damage_healed":0,"gold_gain":0,"player_choice":"Box","damage_taken":0,"relics_obtained":["Singing Bowl"],"max_hp_gain":0,"max_hp_loss":0,"event_name":"Big Fish","floor":2,"gold_loss":0,"cards_obtained":["Regret"]},{"cards_removed":["Regret"],"damage_healed":0,"gold_gain":0,"player_choice":"Card Removal","damage_taken":0,"max_hp_gain":0,"max_hp_loss":0,"event_name":"The Cleric","floor":3,"gold_loss":50},{"damage_healed":0,"gold_gain":0,"player_choice":"Success","damage_taken":33,"relics_obtained":["Strawberry"],"max_hp_gain":0,"max_hp_loss":0,"event_name":"Scrap Ooze","floor":4,"gold_loss":0},{"damage_healed":0,"gold_gain":0,"player_choice":"Obtained Relic","damage_taken":0,"relics_obtained":["Lantern"],"max_hp_gain":0,"max_hp_loss":0,"event_name":"Addict","floor":19,"gold_loss":85},{"damage_healed":0,"gold_gain":0,"player_choice":"Simplicity","damage_taken":0,"max_hp_gain":0,"max_hp_loss":0,"event_name":"Back to Basics","floor":20,"gold_loss":0,"cards_upgraded":["Defend_G","Defend_G","Defend_G","Defend_G","Defend_G","Strike_G","Strike_G"]}],"is_beta":false,"boss_relics":[{"not_picked":["Coffee Dripper","Runic Dome"],"picked":"Astrolabe"}],"items_purged_floors":[],"is_endless":false,"potions_floor_spawned":[1,11,21,30],"killed_by":"Sentry and Sphere","ascension_level":4}