{"gold_per_floor":[112,187,201,9,9,9,55,20,20,20,56,56,56,56,56,177,177,187,286,286,286,37,37,50,95,148,148,164,164,197,240,240,240],"floor_reached":33,"playtime":2035,"items_purged":[],"score":392,"play_id":"fe10f475-ed59-46e3-a984-a1a07d14d828","local_time":"20190324223841","is_ascension_mode":true,"campfire_choices":[{"data":"Electrodynamics","floor":6,"key":"SMITH"},{"data":"Dualcast","floor":10,"key":"SMITH"},{"data":"White Noise","floor":12,"key":"SMITH"},{"data":"HandOfGreed","floor":15,"key":"SMITH"},{"floor":23,"key":"REST"},{"floor":27,"key":"REST"},{"floor":29,"key":"REST"},{"floor":32,"key":"REST"}],"neow_cost":"TEN_PERCENT_HP_LOSS","seed_source_timestamp":289430784960900,"circlet_count":0,"master_deck":["AscendersBane","Strike_B","Strike_B","Defend_B","Defend_B","Defend_B","Zap","Dualcast+1","Electrodynamics+1","Auto Shields","White Noise+1","HandOfGreed+1","Conserve Battery","Multi-Cast","Apotheosis","Defragment","Melter","Ball Lightning","Tempest+1","Multi-Cast"],"relics":["Cracked Core","Bottled Tornado","Shuriken","Calipers","Incense Burner","Empty Cage","Bag of Preparation","Bag of Marbles"],"potions_floor_usage":[28,30,30,33],"damage_taken":[{"damage":1,"enemies":"Cultist","floor":1,"turns":3},{"damage":0,"enemies":"2 Louse","floor":3,"turns":2},{"damage":31,"enemies":"Gremlin Nob","floor":7,"turns":4},{"damage":0,"enemies":"Small Slimes","floor":11,"turns":2},{"damage":22,"enemies":"Slime Boss","floor":16,"turns":7},{"damage":23,"enemies":"2 Thieves","floor":18,"turns":3},{"damage":16,"enemies":"Chosen","floor":24,"turns":5},{"damage":16,"enemies":"Snake Plant","floor":25,"turns":4},{"damage":0,"enemies":"Chosen and Byrds","floor":28,"turns":3},{"damage":36,"enemies":"Slavers","floor":30,"turns":6},{"damage":12,"enemies":"Cultist and Chosen","floor":31,"turns":4},{"damage":60,"enemies":"Champ","floor":33,"turns":6}],"seed_played":"9181026895769429264","potions_obtained":[{"floor":1,"key":"Dexterity Potion"},{"floor":11,"key":"Energy Potion"},{"floor":16,"key":"Regen Potion"},{"floor":28,"key":"Poison Potion"},{"floor":31,"key":"LiquidBronze"}],"is_trial":false,"path_per_floor":["M","?","M","$","T","R","E","?","T","R","M","R","$","?","R","B",null,"M","?","?","?","$","R","M","M","T","R","M","R","E","M","R","B"],"character_chosen":"DEFECT","items_purchased":["HandOfGreed","Apotheosis","Defragment"],"campfire_rested":4,"item_purchase_floors":[4,22,22],"current_hp_per_floor":[67,61,61,61,61,61,30,47,47,47,47,47,47,40,40,18,56,33,33,33,33,33,53,37,21,21,41,41,61,40,28,48,0],"gold":240,"neow_bonus":"THREE_RARE_CARDS","is_prod":false,"is_daily":false,"chose_seed":false,"campfire_upgraded":4,"win_rate":0,"timestamp":1553481521,"path_taken":["M","?","M","$","?","R","E","?","T","R","M","R","$","?","R","BOSS","M","?","?","?","$","R","M","M","T","R","M","R","E","?","R","BOSS"],"build_version":"2019-01-23","purchased_purges":0,"victory":false,"max_hp_per_floor":[68,68,68,68,68,68,68,68,68,68,68,68,68,68,68,68,68,68,68,68,68,68,68,68,68,68,68,68,68,68,68,68,68],"card_choices":[{"not_picked":["Reboot","Rainbow"],"picked":"Electrodynamics","floor":0},{"not_picked":["Heatsinks","Turbo"],"picked":"Auto Shields","floor":1},{"not_picked":["Rebound","Sweeping Beam"],"picked":"White Noise","floor":3},{"not_picked":["Gash","Streamline","Scrape"],"picked":"SKIP","floor":7},{"not_picked":["Barrage","Reprogram"],"picked":"Conserve Battery","floor":11},{"not_picked":["Electrodynamics","Fission"],"picked":"Multi-Cast","floor":16},{"not_picked":["Darkness","Sweeping Beam","Turbo"],"picked":"SKIP","floor":18},{"not_picked":["Darkness","Turbo+1","Compile Driver"],"picked":"SKIP","floor":24},{"not_picked":["Steam","Chaos"],"picked":"Melter","floor":25},{"not_picked":["Consume+1","Stack+1"],"picked":"Ball Lightning","floor":28},{"not_picked":["Storm+1","Redo+1"],"picked":"Tempest+1","floor":30},{"not_picked":["Beam Cell","Reprogram"],"picked":"Multi-Cast","floor":31}],"player_experience":2502713,"relics_obtained":[{"floor":5,"key":"Bottled Tornado"},{"floor":7,"key":"Shuriken"},{"floor":9,"key":"Calipers"},{"floor":26,"key":"Bag of Preparation"},{"floor":30,"key":"Bag of Marbles"}],"event_choices":[{"damage_healed":0,"gold_gain":75,"player_choice":"Touch","damage_taken":6,"max_hp_gain":0,"max_hp_loss":0,"event_name":"FaceTrader","floor":2,"gold_loss":0},{"damage_healed":17,"gold_gain":0,"player_choice":"Healed","damage_taken":0,"max_hp_gain":0,"max_hp_loss":0,"event_name":"The Cleric","floor":8,"gold_loss":35},{"damage_healed":0,"gold_gain":0,"player_choice":"Success","damage_taken":7,"relics_obtained":["Incense Burner"],"max_hp_gain":0,"max_hp_loss":0,"event_name":"Scrap Ooze","floor":14,"gold_loss":0},{"damage_healed":0,"gold_gain":99,"player_choice":"Stole From Cult","damage_taken":0,"max_hp_gain":0,"max_hp_loss":0,"event_name":"Nest","floor":19,"gold_loss":0},{"damage_healed":0,"gold_gain":0,"player_choice":"Ignored","damage_taken":0,"max_hp_gain":0,"max_hp_loss":0,"event_name":"Ghosts","floor":20,"gold_loss":0},{"cards_removed":["Defend_B"],"damage_healed":0,"gold_gain":0,"player_choice":"Purged","damage_taken":0,"max_hp_gain":0,"max_hp_loss":0,"event_name":"Purifier","floor":21,"gold_loss":0}],"is_beta":false,"boss_relics":[{"not_picked":["Runic Pyramid","Lizard Tail"],"picked":"Empty Cage"}],"items_purged_floors":[],"is_endless":false,"potions_floor_spawned":[1,11,16,24,28,31],"killed_by":"Champ","ascension_level":10}