{"gold_per_floor":[117,132,132,132,151,190,21,21,21,55,75,119,143,156,156,277,277,301,315,336,60,60,60,4,4,55,74,87,131,152,185,197,329,341,376,388,415,447,479,195,208,208,208,246,246,279,279,293,293,293,293,293,81,115,115],"floor_reached":55,"playtime":7821,"items_purged":["Strike_B","Strike_B","Strike_B"],"score":841,"play_id":"ee8b53dc-957f-4f8e-8ed1-1de758d41fa8","local_time":"20190513140851","is_ascension_mode":false,"campfire_choices":[{"data":"Hologram","floor":8.0,"key":"SMITH"},{"floor":15.0,"key":"RECALL"},{"floor":23.0,"key":"REST"},{"data":"Machine Learning","floor":25.0,"key":"SMITH"},{"floor":32.0,"key":"REST"},{"data":"Reinforced Body","floor":45.0,"key":"SMITH"},{"data":"Zap","floor":47.0,"key":"SMITH"},{"data":"Dualcast","floor":49.0,"key":"SMITH"},{"data":"Streamline","floor":52.0,"key":"SMITH"}],"neow_cost":"NONE","seed_source_timestamp":1779270211092749,"circlet_count":0,"master_deck":["Defend_B","Defend_B+1","Defend_B","Defend_B","Zap+1","Dualcast+1","Chill+1","Gash","Hologram+1","Gash","Reinforced Body+1","Compile Driver+1","Gash+1","Hyperbeam","Coolheaded+1","Machine Learning+1","Streamline+1","All For One","Steam+1","Hologram+1","Hologram+1","White Noise+1","Go for the Eyes","Beam Cell+1","Seek+1","Zap+1","Reinforced Body+1","Leap+1","Reinforced Body+1","Melter+1","Dark Shackles+1"],"special_seed":0,"relics":["Cracked Core","Golden Idol","Darkstone Periapt","Pen Nib","Toxic Egg 2","Potion Belt","Black Star","Regal Pillow","War Paint","Strawberry","Ancient Tea Set","Smiling Mask","Art of War","MawBank","Busted Crown","Frozen Egg 2","Ornamental Fan","FossilizedHelix","Symbiotic Virus","Dream Catcher","Whetstone","Kunai","Vajra"],"potions_floor_usage":[55,55,55],"damage_taken":[{"damage":1.0,"enemies":"Jaw Worm","floor":1.0,"turns":4.0},{"damage":0.0,"enemies":"Cultist","floor":2.0,"turns":2.0},{"damage":0.0,"enemies":"Small Slimes","floor":5.0,"turns":1.0},{"damage":6.0,"enemies":"3 Sentries","floor":6.0,"turns":16.0},{"damage":17.0,"enemies":"Gremlin Nob","floor":10.0,"turns":4.0},{"damage":0.0,"enemies":"Exordium Thugs","floor":11.0,"turns":5.0},{"damage":0.0,"enemies":"3 Sentries","floor":12.0,"turns":3.0},{"damage":7.0,"enemies":"Blue Slaver","floor":13.0,"turns":2.0},{"damage":0.0,"enemies":"Lots of Slimes","floor":14.0,"turns":1.0},{"damage":1.0,"enemies":"Slime Boss","floor":16.0,"turns":7.0},{"damage":11.0,"enemies":"Shell Parasite","floor":18.0,"turns":4.0},{"damage":16.0,"enemies":"2 Thieves","floor":19.0,"turns":2.0},{"damage":17.0,"enemies":"Snake Plant","floor":20.0,"turns":6.0},{"damage":0.0,"enemies":"Snecko","floor":27.0,"turns":4.0},{"damage":2.0,"enemies":"Cultist and Chosen","floor":28.0,"turns":4.0},{"damage":19.0,"enemies":"Gremlin Leader","floor":29.0,"turns":4.0},{"damage":1.0,"enemies":"Shelled Parasite and Fungi","floor":30.0,"turns":5.0},{"damage":30.0,"enemies":"Slavers","floor":31.0,"turns":5.0},{"damage":0.0,"enemies":"Automaton","floor":33.0,"turns":7.0},{"damage":3.0,"enemies":"3 Shapes","floor":35.0,"turns":1.0},{"damage":9.0,"enemies":"3 Darklings","floor":37.0,"turns":4.0},{"damage":0.0,"enemies":"Writhing Mass","floor":38.0,"turns":5.0},{"damage":3.0,"enemies":"Maw","floor":39.0,"turns":6.0},{"damage":9.0,"enemies":"Sphere and 2 Shapes","floor":41.0,"turns":4.0},{"damage":8.0,"enemies":"Giant Head","floor":44.0,"turns":7.0},{"damage":11.0,"enemies":"Nemesis","floor":46.0,"turns":7.0},{"damage":0.0,"enemies":"4 Shapes","floor":48.0,"turns":2.0},{"damage":27.0,"enemies":"Donu and Deca","floor":50.0,"turns":10.0},{"damage":82.0,"enemies":"Shield and Spear","floor":54.0,"turns":10.0},{"damage":38,"enemies":"The Heart","floor":55,"turns":6}],"seed_played":"-1881898608828150398","potions_obtained":[{"floor":2.0,"key":"Explosive Potion"},{"floor":6.0,"key":"Weak Potion"},{"floor":12.0,"key":"SkillPotion"},{"floor":18.0,"key":"Strength Potion"},{"floor":28.0,"key":"EntropicBrew"},{"floor":29.0,"key":"Fire Potion"},{"floor":33.0,"key":"LiquidBronze"},{"floor":39.0,"key":"Regen Potion"},{"floor":46.0,"key":"PowerPotion"},{"floor":48.0,"key":"Swift Potion"},{"floor":54.0,"key":"Ancient Potion"}],"is_trial":false,"path_per_floor":["M","M","?","?","M","E","$","R","T","E","M","E","M","M","R","B",null,"M","M","M","$","?","R","?","R","T","M","M","E","M","E","R","B",null,"M","?","M","M","M","$","M","?","T","E","R","E","R","M","R","B",null,"R","$","E","B"],"character_chosen":"DEFECT","items_purchased":["Pen Nib","Compile Driver","Steam+1","Regal Pillow","Frozen Egg 2","Regen Potion","Dark Shackles+1"],"campfire_rested":2,"item_purchase_floors":[7,7,21,21,40,53,53],"current_hp_per_floor":[74,74,56,56,56,50,50,50,50,33,33,33,26,26,26,25,75,64,48,31,31,31,68,68,68,75,75,73,54,53,23,62,62,82,79,79,70,70,67,67,67,67,67,59,59,48,48,48,48,21,82,82,82,14,0],"gold":115,"neow_bonus":"THREE_CARDS","is_prod":false,"is_daily":false,"chose_seed":false,"campfire_upgraded":6,"win_rate":0,"timestamp":1557781731,"path_taken":["M","M","?","?","M","E","$","R","T","E","M","E","?","M","R","BOSS","M","M","M","$","?","R","?","R","T","M","?","E","M","E","R","BOSS","M","?","?","M","M","$","M","?","T","E","R","E","R","M","R","BOSS","R","$","E","BOSS"],"build_version":"2019-01-23","purchased_purges":3,"victory":false,"max_hp_per_floor":[75,75,75,75,75,75,75,75,75,75,75,75,75,75,75,75,75,75,75,75,75,75,75,75,75,82,82,82,82,82,82,82,82,82,82,82,82,82,82,82,82,82,82,82,82,82,82,82,82,82,82,82,82,82,82],"card_choices":[{"not_picked":["Consume","Beam Cell"],"picked":"Chill","floor":0.0},{"not_picked":["Ball Lightning","Static Discharge"],"picked":"Gash","floor":1.0},{"not_picked":["Chill","Leap"],"picked":"Hologram","floor":2.0},{"not_picked":["Hologram","Sweeping Beam"],"picked":"Gash","floor":5.0},{"not_picked":["Doom and Gloom","Darkness"],"picked":"Reinforced Body","floor":6.0},{"not_picked":["Lockon","Go for the Eyes"],"picked":"Gash","floor":10.0},{"not_picked":["Compile Driver","Beam Cell"],"picked":"Hyperbeam","floor":11.0},{"not_picked":["Echo Form","Capacitor"],"picked":"Coolheaded+1","floor":12.0},{"not_picked":["Ball Lightning","Redo+1","Hello World"],"picked":"SKIP","floor":13.0},{"not_picked":["Barrage","Redo+1","Melter"],"picked":"SKIP","floor":14.0},{"not_picked":["Meteor Strike","Multi-Cast+1"],"picked":"Machine Learning","floor":16.0},{"not_picked":["Sweeping Beam","Coolheaded+1"],"picked":"Streamline","floor":18.0},{"not_picked":["Streamline","White Noise+1"],"picked":"All For One","floor":19.0},{"not_picked":["Barrage","Compile Driver+1","Ball Lightning+1"],"picked":"SKIP","floor":20.0},{"not_picked":["Chill+1","Blizzard"],"picked":"Hologram+1","floor":27.0},{"not_picked":["White Noise+1","Cold Snap"],"picked":"Hologram+1","floor":28.0},{"not_picked":["Meteor Strike","Reprogram+1"],"picked":"White Noise+1","floor":29.0},{"not_picked":["Hologram+1","Redo+1"],"picked":"Go for the Eyes","floor":30.0},{"not_picked":["All For One","Barrage"],"picked":"Beam Cell+1","floor":31.0},{"not_picked":["Thunder Strike","Reboot+1"],"picked":"Seek+1","floor":33.0},{"not_picked":["Hello World+1"],"picked":"SKIP","floor":35.0},{"not_picked":[],"picked":"Leap+1","floor":37.0},{"not_picked":[],"picked":"Reinforced Body+1","floor":38.0},{"not_picked":["Melter+1"],"picked":"SKIP","floor":39.0},{"not_picked":[],"picked":"Melter+1","floor":39.0},{"not_picked":["Streamline"],"picked":"SKIP","floor":41.0},{"not_picked":["Rip and Tear+1"],"picked":"SKIP","floor":44.0},{"not_picked":["Coolheaded+1"],"picked":"SKIP","floor":46.0},{"not_picked":["Skim+1"],"picked":"SKIP","floor":48.0},{"not_picked":["Rebound+1"],"picked":"SKIP","floor":54.0}],"player_experience":646682,"relics_obtained":[{"floor":6.0,"key":"Darkstone Periapt"},{"floor":10.0,"key":"Toxic Egg 2"},{"floor":12.0,"key":"Potion Belt"},{"floor":26.0,"key":"Strawberry"},{"floor":29.0,"key":"Ancient Tea Set"},{"floor":29.0,"key":"Smiling Mask"},{"floor":31.0,"key":"Art of War"},{"floor":31.0,"key":"MawBank"},{"floor":43.0,"key":"Ornamental Fan"},{"floor":44.0,"key":"FossilizedHelix"},{"floor":44.0,"key":"Symbiotic Virus"},{"floor":46.0,"key":"Dream Catcher"},{"floor":46.0,"key":"Whetstone"},{"floor":54.0,"key":"Kunai"},{"floor":54.0,"key":"Vajra"}],"event_choices":[{"damage_healed":0.0,"max_hp_gain":0.0,"max_hp_loss":0.0,"gold_gain":0.0,"event_name":"Golden Idol","player_choice":"Take Damage","floor":3.0,"gold_loss":0.0,"damage_taken":18.0,"relics_obtained":["Golden Idol"]},{"cards_removed":["Strike_B"],"damage_healed":0.0,"max_hp_gain":0.0,"max_hp_loss":0.0,"gold_gain":0.0,"event_name":"Bonfire Elementals","player_choice":"Offered Basic","floor":4.0,"gold_loss":0.0,"damage_taken":0.0},{"damage_healed":0.0,"max_hp_gain":0.0,"max_hp_loss":0.0,"gold_gain":0.0,"event_name":"Cursed Tome","player_choice":"Ignored","floor":22.0,"gold_loss":0.0,"damage_taken":0.0},{"damage_healed":0.0,"max_hp_gain":0.0,"max_hp_loss":0.0,"gold_gain":0.0,"event_name":"WeMeetAgain","player_choice":"Paid Gold","floor":24.0,"gold_loss":56.0,"damage_taken":0.0,"relics_obtained":["War Paint"]},{"damage_healed":0.0,"max_hp_gain":0.0,"max_hp_loss":0.0,"gold_gain":0.0,"event_name":"Match and Keep!","player_choice":"2 cards matched","floor":36.0,"gold_loss":0.0,"damage_taken":0.0,"cards_obtained":["Zap","Reinforced Body"]},{"damage_healed":0.0,"max_hp_gain":0.0,"max_hp_loss":0.0,"gold_gain":0.0,"event_name":"SensoryStone","player_choice":"Memory 1","floor":42.0,"gold_loss":0.0,"damage_taken":0.0}],"is_beta":false,"boss_relics":[{"not_picked":["Fusion Hammer","Orrery"],"picked":"Black Star"},{"not_picked":["Runic Dome","Snecko Eye"],"picked":"Busted Crown"}],"items_purged_floors":[21,40,53],"is_endless":false,"potions_floor_spawned":[2,6,12,18,28,29,33,39,46,48,54],"killed_by":"The Heart","ascension_level":0}