{"gold_per_floor":[363,383,169,181,181,181,9,39,39,39,56,56],"floor_reached":12,"playtime":2078,"items_purged":["Defend_R","Strike_R"],"score":125,"play_id":"32eeb004-b50c-4f51-99b8-2ebf30e19f8b","local_time":"20190512150637","is_ascension_mode":true,"campfire_choices":[{"data":"Double Tap","floor":6,"key":"SMITH"},{"data":"Metallicize","floor":10,"key":"SMITH"}],"neow_cost":"PERCENT_DAMAGE","seed_source_timestamp":3719491073686606,"circlet_count":0,"master_deck":["AscendersBane","Strike_R","Strike_R","Strike_R","Strike_R","Defend_R","Defend_R","Defend_R","Bash","Feel No Pain","Ghostly Armor","Double Tap+1","Thunderclap","Metallicize+1","Carnage"],"relics":["Burning Blood","Dream Catcher","Bag of Preparation","Meat on the Bone"],"potions_floor_usage":[8,8],"damage_taken":[{"damage":1,"enemies":"Cultist","floor":1,"turns":4},{"damage":19,"enemies":"Jaw Worm","floor":2,"turns":6},{"damage":5,"enemies":"Small Slimes","floor":4,"turns":4},{"damage":37,"enemies":"Lagavulin","floor":8,"turns":8},{"damage":0,"enemies":"Red Slaver","floor":11,"turns":5},{"damage":34,"enemies":"Exordium Thugs","floor":12,"turns":4}],"seed_played":"438899756882079927","potions_obtained":[{"floor":1,"key":"Block Potion"},{"floor":2,"key":"Fire Potion"}],"is_trial":false,"path_per_floor":["M","M","$","M","T","R","$","E","T","R","M","M"],"character_chosen":"IRONCLAD","items_purchased":["Double Tap","Metallicize"],"campfire_rested":0,"item_purchase_floors":[3,7],"current_hp_per_floor":[56,43,43,44,44,44,44,13,13,13,31,0],"gold":56,"neow_bonus":"TWO_FIFTY_GOLD","is_prod":false,"is_daily":false,"chose_seed":false,"campfire_upgraded":2,"win_rate":0,"timestamp":1557666397,"path_taken":["M","M","$","M","?","R","$","E","T","R","M","M"],"build_version":"2019-01-23","purchased_purges":2,"victory":false,"max_hp_per_floor":[80,80,80,80,80,80,80,80,80,80,80,80],"card_choices":[{"not_picked":["Blood for Blood","Body Slam"],"picked":"Feel No Pain","floor":1},{"not_picked":["Twin Strike","Anger"],"picked":"Ghostly Armor","floor":2},{"not_picked":["Heavy Blade","Havoc"],"picked":"Thunderclap","floor":4},{"not_picked":["Evolve","Havoc","Berserk"],"picked":"SKIP","floor":8},{"not_picked":["Thunderclap","Disarm"],"picked":"Carnage","floor":11}],"player_experience":522873,"relics_obtained":[{"floor":5,"key":"Dream Catcher"},{"floor":8,"key":"Bag of Preparation"},{"floor":9,"key":"Meat on the Bone"}],"event_choices":[],"is_beta":false,"boss_relics":[],"items_purged_floors":[3,7],"is_endless":false,"potions_floor_spawned":[1,2],"killed_by":"Exordium Thugs","ascension_level":12}