{"gold_per_floor":[119,194,20,35,52,52,80,80,80,93,106,59,59,75,75,173,173,191,115,115,115,127,162,162,162],"floor_reached":25,"playtime":1032,"items_purged":[],"score":332,"play_id":"d4c6ff2d-5222-40eb-bb0d-d9d6b069c681","local_time":"20190329021937","is_ascension_mode":true,"campfire_choices":[{"data":"Apotheosis","floor":6,"key":"SMITH"},{"floor":13,"key":"REST"},{"floor":15,"key":"REST"},{"floor":24,"key":"REST"}],"neow_cost":"NONE","seed_source_timestamp":234715368327200,"circlet_count":0,"master_deck":["AscendersBane","Strike_B","Defend_B","Defend_B","Zap","Dualcast","Tempest","Apotheosis+1","Defragment","Leap","Lockon","Darkness+1","Fusion+1","Conserve Battery+1","Capacitor","Echo Form","Loop+1","Echo Form+1","Hello World+1","Steam+1","Lockon","Thunder Strike","Melter","Steam+1","Creative AI"],"relics":["Cracked Core","Matryoshka","Turnip","Mummified Hand","Toxic Egg 2","Astrolabe","Thread and Needle","StoneCalendar"],"potions_floor_usage":[7,16,16,23],"damage_taken":[{"damage":1,"enemies":"2 Louse","floor":1,"turns":2},{"damage":0,"enemies":"Cultist","floor":4,"turns":3},{"damage":2,"enemies":"Jaw Worm","floor":5,"turns":3},{"damage":30,"enemies":"Gremlin Nob","floor":7,"turns":4},{"damage":22,"enemies":"Exordium Wildlife","floor":10,"turns":4},{"damage":0,"enemies":"2 Fungi Beasts","floor":11,"turns":3},{"damage":0,"enemies":"Red Slaver","floor":14,"turns":2},{"damage":24,"enemies":"Slime Boss","floor":16,"turns":9},{"damage":11,"enemies":"Shell Parasite","floor":18,"turns":5},{"damage":0,"enemies":"Spheric Guardian","floor":22,"turns":4},{"damage":30,"enemies":"Book of Stabbing","floor":23,"turns":6},{"damage":53,"enemies":"Gremlin Leader","floor":25,"turns":4}],"seed_played":"-4068230722432257268","potions_obtained":[{"floor":1,"key":"SkillPotion"},{"floor":5,"key":"FearPotion"},{"floor":10,"key":"SpeedPotion"},{"floor":11,"key":"Dexterity Potion"},{"floor":22,"key":"Energy Potion"}],"is_trial":false,"path_per_floor":["M","?","$","M","M","R","E","?","T","M","M","$","R","M","R","B",null,"M","$","?","?","M","E","R","E"],"character_chosen":"DEFECT","items_purchased":["Apotheosis","Conserve Battery+1","Lockon"],"campfire_rested":3,"item_purchase_floors":[3,12,19],"current_hp_per_floor":[74,63,63,63,61,61,31,31,31,9,9,9,33,33,57,33,70,59,59,59,59,59,29,53,0],"gold":162,"neow_bonus":"TEN_PERCENT_HP_BONUS","is_prod":false,"is_daily":false,"chose_seed":false,"campfire_upgraded":1,"win_rate":0,"timestamp":1553840377,"path_taken":["M","?","$","M","M","R","E","?","T","M","?","?","R","M","R","BOSS","M","$","?","?","M","E","R","E"],"build_version":"2019-01-23","purchased_purges":0,"victory":false,"max_hp_per_floor":[82,82,82,82,82,82,82,82,82,82,82,82,82,82,82,82,82,82,82,82,82,82,82,82,82],"card_choices":[{"not_picked":["Compile Driver","Steam"],"picked":"Tempest","floor":1},{"not_picked":["Turbo","Steam Power"],"picked":"Defragment","floor":4},{"not_picked":["Darkness","Sweeping Beam"],"picked":"Leap","floor":5},{"not_picked":["Compile Driver","Barrage"],"picked":"Lockon","floor":7},{"not_picked":["Stack+1","Cold Snap"],"picked":"Darkness+1","floor":10},{"not_picked":["Static Discharge","Heatsinks"],"picked":"Fusion+1","floor":11},{"not_picked":["Conserve Battery+1","Hologram+1"],"picked":"Capacitor","floor":14},{"not_picked":["Reboot+1","Buffer"],"picked":"Echo Form","floor":16},{"not_picked":["Ball Lightning+1","Compile Driver+1"],"picked":"Steam+1","floor":18},{"not_picked":["Cold Snap","Sweeping Beam"],"picked":"Steam+1","floor":22},{"not_picked":["Coolheaded+1","Stack+1"],"picked":"Creative AI","floor":23}],"player_experience":2537732,"relics_obtained":[{"floor":7,"key":"Matryoshka"},{"floor":9,"key":"Mummified Hand"},{"floor":9,"key":"Toxic Egg 2"},{"floor":23,"key":"StoneCalendar"}],"event_choices":[{"damage_healed":0,"gold_gain":75,"player_choice":"Gather Gold","damage_taken":11,"max_hp_gain":0,"max_hp_loss":0,"event_name":"World of Goop","floor":2,"gold_loss":0},{"damage_healed":0,"gold_gain":0,"player_choice":"Gave Potion","damage_taken":0,"relics_obtained":["Turnip"],"max_hp_gain":0,"max_hp_loss":0,"event_name":"WeMeetAgain","floor":8,"gold_loss":0},{"damage_healed":0,"gold_gain":0,"player_choice":"Opened","damage_taken":0,"relics_obtained":["Thread and Needle"],"max_hp_gain":0,"max_hp_loss":0,"event_name":"The Mausoleum","floor":20,"gold_loss":0},{"damage_healed":0,"gold_gain":0,"cards_transformed":["Strike_B","Defend_B"],"player_choice":"Became Test Subject","damage_taken":0,"max_hp_gain":0,"max_hp_loss":0,"event_name":"Drug Dealer","floor":21,"gold_loss":0,"cards_obtained":["Thunder Strike","Melter"]}],"is_beta":false,"boss_relics":[{"not_picked":["Calling Bell","Coffee Dripper"],"picked":"Astrolabe"}],"items_purged_floors":[],"is_endless":false,"potions_floor_spawned":[1,5,10,11,22],"killed_by":"Gremlin Leader","ascension_level":10}