{"gold_per_floor":[112,112,131,143,154,154,154,171,195,226,236,236],"floor_reached":12,"playtime":556,"items_purged":[],"score":148,"play_id":"4164bd90-5565-462e-8f60-b441295b0892","local_time":"20190430201712","is_ascension_mode":true,"campfire_choices":[{"floor":6,"key":"REST"}],"neow_cost":"PERCENT_DAMAGE","seed_source_timestamp":1205092499525900,"circlet_count":0,"master_deck":["AscendersBane","Strike_B","Strike_B","Strike_B","Defend_B","Defend_B","Defend_B","Defend_B","Zap","Dualcast","Swift Strike","Master of Strategy","Loop","Multi-Cast","Reinforced Body","Tempest","Gash","Sweeping Beam","Conserve Battery"],"relics":["Cracked Core","Regal Pillow","Smiling Mask"],"potions_floor_usage":[11],"damage_taken":[{"damage":0,"enemies":"2 Louse","floor":1,"turns":2},{"damage":1,"enemies":"Cultist","floor":3,"turns":3},{"damage":9,"enemies":"Jaw Worm","floor":4,"turns":3},{"damage":19,"enemies":"Exordium Thugs","floor":5,"turns":6},{"damage":8,"enemies":"Blue Slaver","floor":8,"turns":3},{"damage":20,"enemies":"Gremlin Nob","floor":10,"turns":4},{"damage":9,"enemies":"2 Fungi Beasts","floor":11,"turns":2},{"damage":10,"enemies":"3 Sentries","floor":12,"turns":1}],"seed_played":"-2220492701550608116","potions_obtained":[{"floor":8,"key":"GamblersBrew"},{"floor":10,"key":"AttackPotion"}],"is_trial":false,"path_per_floor":["M","?","M","M","M","R","$","M","T","E","M","E"],"character_chosen":"DEFECT","items_purchased":[],"campfire_rested":1,"item_purchase_floors":[],"current_hp_per_floor":[46,46,45,36,17,38,38,30,30,10,1,0],"gold":236,"neow_bonus":"RANDOM_COLORLESS_2","is_prod":false,"is_daily":false,"chose_seed":false,"campfire_upgraded":0,"win_rate":0,"timestamp":1556669832,"path_taken":["M","?","M","M","M","R","$","?","T","E","?","E"],"build_version":"2019-01-23","purchased_purges":0,"victory":false,"max_hp_per_floor":[71,71,71,71,71,71,71,71,71,71,71,71],"card_choices":[{"not_picked":["Turbo","Barrage"],"picked":"Loop","floor":1},{"not_picked":["Redo","Steam"],"picked":"Multi-Cast","floor":3},{"not_picked":["Steam","Streamline"],"picked":"Reinforced Body","floor":4},{"not_picked":["Leap","Streamline"],"picked":"Tempest","floor":5},{"not_picked":["Hello World","Go for the Eyes"],"picked":"Gash","floor":8},{"not_picked":["Multi-Cast","Doom and Gloom"],"picked":"Sweeping Beam","floor":10},{"not_picked":["Cold Snap","Glacier"],"picked":"Conserve Battery","floor":11}],"player_experience":2861966,"relics_obtained":[{"floor":9,"key":"Regal Pillow"},{"floor":10,"key":"Smiling Mask"}],"event_choices":[{"cards_removed":["Strike_B"],"damage_healed":0,"gold_gain":0,"player_choice":"Offered Basic","damage_taken":0,"max_hp_gain":0,"max_hp_loss":0,"event_name":"Bonfire Elementals","floor":2,"gold_loss":0}],"is_beta":false,"boss_relics":[],"items_purged_floors":[],"is_endless":false,"potions_floor_spawned":[8,10],"killed_by":"3 Sentries","ascension_level":16}