{"gold_per_floor":[10,10,28,28,28,28,28,28,28,46,73,87,87,112,112,207,207,217,236,269,22,42,42,42,42,42,52,65,42,42,77,77,77],"floor_reached":33,"playtime":1632,"items_purged":[],"score":416,"play_id":"7d36d54f-ea11-4b66-af75-e52c88d6a663","local_time":"20190218172720","is_ascension_mode":true,"campfire_choices":[{"data":"Blade Dance","floor":6.0,"key":"SMITH"},{"data":"Dagger Spray","floor":13.0,"key":"SMITH"},{"data":"Venomology","floor":15.0,"key":"SMITH"},{"floor":23.0,"key":"REST"},{"data":"Storm of Steel","floor":25.0,"key":"SMITH"},{"floor":32.0,"key":"REST"}],"neow_cost":"NO_GOLD","seed_source_timestamp":0,"circlet_count":0,"master_deck":["Defend_G","Defend_G","Defend_G","Defend_G","Defend_G","Survivor","Neutralize+1","Blade Dance+1","Deadly Poison","Dagger Spray+1","Deflect","Heel Hook","Deflect","Prepared","Venomology+1","Storm of Steel+1","Deflect","Finisher","Dagger Throw","Accuracy","Acrobatics","Bite","Bite","Bite","Bite","Bite","Acrobatics","Calculated Gamble","Prepared","Envenom"],"special_seed":0,"relics":["Ring of the Snake","Mercury Hourglass","Shuriken","Ornamental Fan","Odd Mushroom","Matryoshka","Black Star","Red Mask","HandDrill","Happy Flower","Mummified Hand","Ginger","Bag of Preparation"],"potions_floor_usage":[33],"damage_taken":[{"damage":4.0,"enemies":"Jaw Worm","floor":1.0,"turns":3.0},{"damage":0.0,"enemies":"Small Slimes","floor":3.0,"turns":3.0},{"damage":0.0,"enemies":"2 Louse","floor":10.0,"turns":2.0},{"damage":0.0,"enemies":"The Mushroom Lair","floor":11.0,"turns":2.0},{"damage":4.0,"enemies":"Blue Slaver","floor":12.0,"turns":3.0},{"damage":8.0,"enemies":"Lagavulin","floor":14.0,"turns":4.0},{"damage":0.0,"enemies":"Slime Boss","floor":16.0,"turns":4.0},{"damage":13.0,"enemies":"2 Thieves","floor":18.0,"turns":4.0},{"damage":20.0,"enemies":"Spheric Guardian","floor":19.0,"turns":4.0},{"damage":0.0,"enemies":"Masked Bandits","floor":20.0,"turns":2.0},{"damage":4.0,"enemies":"Cultist and Chosen","floor":22.0,"turns":4.0},{"damage":6.0,"enemies":"Snake Plant","floor":27.0,"turns":3.0},{"damage":1.0,"enemies":"Chosen and Byrds","floor":28.0,"turns":4.0},{"damage":33.0,"enemies":"Slavers","floor":31.0,"turns":5.0},{"damage":67,"enemies":"Automaton","floor":33,"turns":6}],"seed_played":"-67337145844604493","potions_obtained":[{"floor":1.0,"key":"Regen Potion"},{"floor":10.0,"key":"FearPotion"},{"floor":12.0,"key":"Explosive Potion"},{"floor":14.0,"key":"Poison Potion"},{"floor":18.0,"key":"FearPotion"},{"floor":31.0,"key":"GamblersBrew"}],"is_trial":false,"path_per_floor":["M","?","M","?","T","R","$","?","T","M","?","M","R","E","R","B",null,"M","M","?","$","M","R","?","R","T","M","M","$","?","E","R","B"],"character_chosen":"THE_SILENT","items_purchased":["HandDrill","Accuracy","Prepared"],"campfire_rested":2,"item_purchase_floors":[21,21,29],"current_hp_per_floor":[66,66,66,59,59,59,59,59,59,59,59,55,55,56,56,56,67,54,34,34,34,30,51,49,49,49,43,46,46,46,29,43,0],"gold":77,"neow_bonus":"TRANSFORM_TWO_CARDS","is_prod":false,"is_daily":false,"chose_seed":false,"campfire_upgraded":4,"win_rate":0,"timestamp":1550528840,"path_taken":["M","?","M","?","?","R","?","?","T","M","?","M","R","E","R","BOSS","M","M","?","$","M","R","?","R","T","M","M","$","?","E","R","BOSS"],"build_version":"2019-01-23","purchased_purges":0,"victory":false,"max_hp_per_floor":[70,70,70,70,70,70,70,70,70,70,70,70,70,70,70,70,70,70,70,70,70,70,70,49,49,49,49,49,49,49,49,49,49],"card_choices":[{"not_picked":["Distraction","Underhanded Strike"],"picked":"Dagger Spray","floor":1.0},{"not_picked":["Slice","Dodge and Roll"],"picked":"Deflect","floor":3.0},{"not_picked":["PiercingWail","Underhanded Strike"],"picked":"Heel Hook","floor":10.0},{"not_picked":["Flechettes","Underhanded Strike"],"picked":"Deflect","floor":11.0},{"not_picked":["Dagger Spray","Predator"],"picked":"Prepared","floor":12.0},{"not_picked":["Bouncing Flask","Dagger Spray"],"picked":"Venomology","floor":14.0},{"not_picked":["Night Terror","Envenom"],"picked":"Storm of Steel","floor":16.0},{"not_picked":["Calculated Gamble","Flying Knee+1"],"picked":"Deflect","floor":18.0},{"not_picked":["Acrobatics","Concentrate"],"picked":"Finisher","floor":19.0},{"not_picked":["Dagger Spray","Eviscerate"],"picked":"Dagger Throw","floor":20.0},{"not_picked":["PiercingWail","Dagger Spray"],"picked":"Acrobatics","floor":22.0},{"not_picked":["Outmaneuver","Dagger Spray"],"picked":"Acrobatics","floor":27.0},{"not_picked":["Bane","Poisoned Stab+1"],"picked":"Calculated Gamble","floor":28.0},{"not_picked":["Slice","Skewer","Flying Knee"],"picked":"SKIP","floor":31.0}],"player_experience":2162647,"relics_obtained":[{"floor":5.0,"key":"Shuriken"},{"floor":9.0,"key":"Ornamental Fan"},{"floor":11.0,"key":"Odd Mushroom"},{"floor":14.0,"key":"Matryoshka"},{"floor":20.0,"key":"Red Mask"},{"floor":26.0,"key":"Happy Flower"},{"floor":26.0,"key":"Mummified Hand"},{"floor":31.0,"key":"Ginger"},{"floor":31.0,"key":"Bag of Preparation"}],"event_choices":[{"damage_healed":0.0,"max_hp_gain":0.0,"max_hp_loss":0.0,"gold_gain":0.0,"event_name":"The Cleric","player_choice":"Leave","floor":2.0,"gold_loss":0.0,"damage_taken":0.0},{"damage_healed":0.0,"max_hp_gain":0.0,"max_hp_loss":0.0,"gold_gain":0.0,"event_name":"Scrap Ooze","player_choice":"Success","floor":4.0,"gold_loss":0.0,"damage_taken":7.0,"relics_obtained":["Mercury Hourglass"]},{"damage_healed":0.0,"max_hp_gain":0.0,"max_hp_loss":0.0,"gold_gain":0.0,"event_name":"Living Wall","player_choice":"Grow","floor":8.0,"gold_loss":0.0,"damage_taken":0.0,"cards_upgraded":["Neutralize"]},{"damage_healed":0.0,"max_hp_gain":0.0,"max_hp_loss":0.0,"gold_gain":0.0,"event_name":"Mushrooms","player_choice":"Fought Mushrooms","floor":11.0,"gold_loss":0.0,"damage_taken":0.0},{"damage_healed":0.0,"max_hp_gain":0.0,"max_hp_loss":0.0,"gold_gain":0.0,"event_name":"Masked Bandits","player_choice":"Fought Bandits","floor":20.0,"gold_loss":0.0,"damage_taken":0.0},{"damage_healed":0.0,"max_hp_gain":0.0,"max_hp_loss":21.0,"gold_gain":0.0,"event_name":"Vampires","player_choice":"Became a vampire","floor":24.0,"gold_loss":0.0,"damage_taken":0.0,"cards_obtained":["Bite","Bite","Bite","Bite","Bite"]},{"damage_healed":0.0,"max_hp_gain":0.0,"max_hp_loss":0.0,"gold_gain":0.0,"event_name":"The Library","player_choice":"Read","floor":30.0,"gold_loss":0.0,"damage_taken":0.0,"cards_obtained":["Envenom"]}],"is_beta":false,"boss_relics":[{"not_picked":["Runic Pyramid","Astrolabe"],"picked":"Black Star"}],"items_purged_floors":[],"is_endless":false,"potions_floor_spawned":[1,10,12,14,18,27,31],"killed_by":"Automaton","ascension_level":5}