{"gold_per_floor":[116,134,95,115,132,162,162,194,194,226,245,280,280,280,280,377,377,393,393,413,433,433,458,124,151,151,151],"floor_reached":27,"playtime":8223,"items_purged":["Strike_B"],"score":334,"play_id":"0b3cbc38-ea79-4bb5-a96a-d0657a9f4ee4","local_time":"20190106213139","is_ascension_mode":true,"campfire_choices":[{"data":"Zap","floor":7.0,"key":"SMITH"},{"floor":15.0,"key":"REST"}],"neow_cost":"NONE","seed_source_timestamp":0,"circlet_count":0,"master_deck":["Strike_B","Defend_B","Defend_B","Defend_B","Defend_B","Zap+1","Dualcast","Glacier","White Noise","Rip and Tear","Doom and Gloom","Hologram","Ball Lightning","Hologram","Cold Snap","Darkness","Hologram","Rainbow","Defragment","Steam","Reprogram","Defragment","Hologram","Hologram","Panacea"],"special_seed":0,"relics":["Cracked Core","Dream Catcher","Darkstone Periapt","Peace Pipe","Ginger","The Courier","Bird Faced Urn","Coffee Dripper","WingedGreaves","Cables","Dead Branch","Vajra"],"potions_floor_usage":[21,27],"damage_taken":[{"damage":7.0,"enemies":"Jaw Worm","floor":1.0,"turns":3.0},{"damage":0.0,"enemies":"Small Slimes","floor":2.0,"turns":4.0},{"damage":0.0,"enemies":"Cultist","floor":4.0,"turns":2.0},{"damage":10.0,"enemies":"3 Louse","floor":5.0,"turns":3.0},{"damage":2.0,"enemies":"Gremlin Nob","floor":6.0,"turns":4.0},{"damage":24.0,"enemies":"Lagavulin","floor":8.0,"turns":6.0},{"damage":15.0,"enemies":"3 Sentries","floor":10.0,"turns":4.0},{"damage":11.0,"enemies":"Looter","floor":11.0,"turns":2.0},{"damage":3.0,"enemies":"Lagavulin","floor":12.0,"turns":7.0},{"damage":13.0,"enemies":"Hexaghost","floor":16.0,"turns":7.0},{"damage":9.0,"enemies":"Chosen","floor":18.0,"turns":3.0},{"damage":12,"enemies":"Shell Parasite","floor":20,"turns":5},{"damage":19,"enemies":"Centurion and Healer","floor":21,"turns":6},{"damage":42,"enemies":"Gremlin Leader","floor":23,"turns":8},{"damage":5,"enemies":"Book of Stabbing","floor":25,"turns":7},{"damage":15,"enemies":"Slavers","floor":27,"turns":1}],"seed_played":"1929631385608693330","potions_obtained":[{"floor":1.0,"key":"Fire Potion"},{"floor":4.0,"key":"EssenceOfSteel"},{"floor":5.0,"key":"Block Potion"},{"floor":12.0,"key":"AttackPotion"},{"floor":16.0,"key":"Explosive Potion"},{"floor":21,"key":"GamblersBrew"}],"is_trial":false,"path_per_floor":["M","M","$","M","M","E","R","E","T","E","M","E","?","?","R","B",null,"M","?","M","M","?","E","$","E","T","E"],"character_chosen":"DEFECT","items_purchased":["Rip and Tear","Cables","Panacea"],"campfire_rested":1,"item_purchase_floors":[3,24,24],"current_hp_per_floor":[68,68,68,68,58,56,56,32,32,17,6,3,3,3,25,14,75,66,66,58,45,45,9,9,10,10,0],"gold":151,"neow_bonus":"RANDOM_COMMON_RELIC","is_prod":false,"is_daily":false,"chose_seed":false,"campfire_upgraded":1,"win_rate":0,"timestamp":1546831899,"path_taken":["M","M","$","M","M","E","R","E","T","E","M","E","?","?","R","BOSS","M","?","M","M","?","E","$","E","T","E"],"build_version":"2019-01-03v4","purchased_purges":1,"victory":false,"max_hp_per_floor":[75,75,75,75,75,75,75,75,75,75,75,75,75,75,75,75,75,75,75,75,75,75,75,75,75,75,75],"card_choices":[{"not_picked":["Rip and Tear","Conserve Battery"],"picked":"Glacier","floor":1.0},{"not_picked":["Barrage","Redo"],"picked":"White Noise","floor":2.0},{"not_picked":["Streamline","Compile Driver"],"picked":"Doom and Gloom","floor":4.0},{"not_picked":["Aggregate","Cold Snap"],"picked":"Hologram","floor":5.0},{"not_picked":["Recycle","Coolheaded","Fission"],"picked":"SKIP","floor":6.0},{"not_picked":["Rebound","Storm"],"picked":"Ball Lightning","floor":8.0},{"not_picked":["Coolheaded","Storm"],"picked":"Hologram","floor":10.0},{"not_picked":["Creative AI","Loop"],"picked":"Cold Snap","floor":11.0},{"not_picked":["Capacitor","Reprogram"],"picked":"Darkness","floor":12.0},{"not_picked":["Gash","Sunder"],"picked":"Hologram","floor":15.0},{"not_picked":["Echo Form","Seek"],"picked":"Rainbow","floor":16.0},{"not_picked":["Darkness","Go for the Eyes"],"picked":"Defragment","floor":18},{"not_picked":["Redo","Recycle+1"],"picked":"Defragment","floor":20},{"not_picked":["Scrape","Turbo"],"picked":"Hologram","floor":21},{"not_picked":["Coolheaded","Fission"],"picked":"Hologram","floor":23},{"not_picked":["Rebound+1","Storm","Go for the Eyes"],"picked":"SKIP","floor":25}],"player_experience":492939,"relics_obtained":[{"floor":6.0,"key":"Darkstone Periapt"},{"floor":8.0,"key":"Peace Pipe"},{"floor":9.0,"key":"Ginger"},{"floor":10.0,"key":"The Courier"},{"floor":12.0,"key":"Bird Faced Urn"},{"floor":23,"key":"WingedGreaves"},{"floor":25,"key":"Dead Branch"},{"floor":26,"key":"Vajra"}],"event_choices":[{"damage_healed":0.0,"max_hp_gain":0.0,"max_hp_loss":0.0,"gold_gain":0.0,"event_name":"Shining Light","player_choice":"Ignored","floor":13.0,"gold_loss":0.0,"damage_taken":0.0},{"damage_healed":0.0,"max_hp_gain":0.0,"max_hp_loss":0.0,"gold_gain":0.0,"event_name":"Liars Game","player_choice":"Ignored","floor":14.0,"gold_loss":0.0,"damage_taken":0.0},{"damage_healed":0,"gold_gain":0,"cards_transformed":["Strike_B","Strike_B"],"player_choice":"Became Test Subject","damage_taken":0,"max_hp_gain":0,"max_hp_loss":0,"event_name":"Drug Dealer","floor":19,"gold_loss":0,"cards_obtained":["Steam","Reprogram"]},{"damage_healed":0,"gold_gain":0,"player_choice":"Bought 0 Potions","damage_taken":0,"max_hp_gain":0,"max_hp_loss":0,"event_name":"The Woman in Blue","floor":22,"gold_loss":0}],"is_beta":false,"boss_relics":[{"not_picked":["Fusion Hammer","Eternal Feather"],"picked":"Coffee Dripper"}],"items_purged_floors":[24],"is_endless":false,"potions_floor_spawned":[1,4,5,12,16,21],"killed_by":"Slavers","ascension_level":2}