{"gold_per_floor":[362,362,379,22,97,97,123,123,205,241,241,260,260,276,276,276],"floor_reached":16,"playtime":1326,"items_purged":["Clumsy"],"score":151,"play_id":"d119ab61-72ce-419f-a6b8-e2ccca6884d9","local_time":"20190131001355","is_ascension_mode":true,"campfire_choices":[{"data":"Zap","floor":6,"key":"SMITH"},{"data":"Genetic Algorithm","floor":13,"key":"SMITH"},{"data":"Genetic Algorithm","floor":15,"key":"SMITH"}],"neow_cost":"CURSE","seed_source_timestamp":96357394788363,"circlet_count":0,"master_deck":["Strike_B","Strike_B","Strike_B+1","Strike_B","Defend_B","Defend_B+1","Defend_B","Defend_B","Zap+1","Dualcast","Genetic Algorithm+1","Ball Lightning","Self Repair","Go for the Eyes","Injury","Genetic Algorithm+1"],"relics":["Cracked Core","Lee\u0027s Waffle","PreservedInsect","Golden Idol","Singing Bowl","Sundial"],"potions_floor_usage":[12,16],"damage_taken":[{"damage":11,"enemies":"Cultist","floor":1,"turns":4},{"damage":2,"enemies":"Jaw Worm","floor":3,"turns":3},{"damage":37,"enemies":"3 Sentries","floor":7,"turns":6},{"damage":18,"enemies":"Gremlin Nob","floor":10,"turns":3},{"damage":1,"enemies":"Small Slimes","floor":12,"turns":2},{"damage":13,"enemies":"Blue Slaver","floor":14,"turns":4},{"damage":36,"enemies":"The Guardian","floor":16,"turns":7}],"seed_played":"-7871704041889691311","potions_obtained":[{"floor":1,"key":"FearPotion"},{"floor":10,"key":"Explosive Potion"},{"floor":12,"key":"Poison Potion"}],"is_trial":false,"path_per_floor":["M","?","M","$","?","R","E","?","T","E","$","M","R","M","R","B"],"character_chosen":"DEFECT","items_purchased":["Self Repair","Lee\u0027s Waffle"],"campfire_rested":0,"item_purchase_floors":[4,4],"current_hp_per_floor":[57,42,40,82,71,71,41,41,41,32,32,31,31,27,27,0],"gold":276,"neow_bonus":"TWO_FIFTY_GOLD","is_prod":false,"is_daily":false,"chose_seed":false,"campfire_upgraded":3,"win_rate":0,"timestamp":1548911635,"path_taken":["M","?","M","?","?","R","E","?","T","E","$","?","R","M","R","BOSS"],"build_version":"2019-01-23","purchased_purges":1,"victory":false,"max_hp_per_floor":[75,75,75,82,82,82,82,82,82,84,84,84,84,86,86,86],"card_choices":[{"not_picked":["Gash","Turbo"],"picked":"Genetic Algorithm","floor":1},{"not_picked":["Hologram","Barrage"],"picked":"Ball Lightning","floor":3},{"not_picked":["Leap","Rebound"],"picked":"Go for the Eyes","floor":7},{"not_picked":["Beam Cell","BootSequence","White Noise"],"picked":"Singing Bowl","floor":10},{"not_picked":["Leap","Compile Driver"],"picked":"Genetic Algorithm","floor":12},{"not_picked":["Steam","Sweeping Beam","Force Field"],"picked":"Singing Bowl","floor":14}],"player_experience":542991,"relics_obtained":[{"floor":7,"key":"PreservedInsect"},{"floor":9,"key":"Singing Bowl"},{"floor":10,"key":"Sundial"}],"event_choices":[{"damage_healed":0,"gold_gain":0,"player_choice":"Entered Light","damage_taken":15,"max_hp_gain":0,"max_hp_loss":0,"event_name":"Shining Light","floor":2,"gold_loss":0,"cards_upgraded":["Defend_B","Strike_B"]},{"damage_healed":0,"gold_gain":75,"player_choice":"Gather Gold","damage_taken":11,"max_hp_gain":0,"max_hp_loss":0,"event_name":"World of Goop","floor":5,"gold_loss":0},{"damage_healed":0,"gold_gain":0,"player_choice":"Take Wound","damage_taken":0,"relics_obtained":["Golden Idol"],"max_hp_gain":0,"max_hp_loss":0,"event_name":"Golden Idol","floor":8,"gold_loss":0,"cards_obtained":["Injury"]}],"is_beta":false,"boss_relics":[],"items_purged_floors":[4],"is_endless":false,"potions_floor_spawned":[1,10,12],"killed_by":"The Guardian","ascension_level":8}