{"gold_per_floor":[19,19,94,107,117,117,142,142,166,196,268,280,298,312,312,408,408,424,424,339,122,102,133,133,2,83,83,103,121,121,138,138,243,243,254,254,112,122,122,122,122],"floor_reached":41,"playtime":9709,"items_purged":[],"score":518,"play_id":"485a29b7-07c4-4322-b853-578540b37ce6","local_time":"20190130224244","is_ascension_mode":true,"campfire_choices":[{"data":"Neutralize","floor":6,"key":"SMITH"},{"data":"Infinite Blades","floor":8,"key":"SMITH"},{"floor":15,"key":"REST"},{"floor":24,"key":"REST"},{"floor":30,"key":"REST"},{"floor":32,"key":"REST"},{"floor":40,"key":"REST"}],"neow_cost":"NO_GOLD","seed_source_timestamp":167892650307200,"circlet_count":0,"master_deck":["Survivor","Neutralize+1","Predator","Eviscerate","Infinite Blades+1","Cloak And Dagger","Underhanded Strike","Prepared","Blur","Terror","Envenom","PiercingWail","Storm of Steel","Venomology","Outmaneuver","Expertise","Backstab","PiercingWail","PiercingWail","RitualDagger","Deflect","Concentrate+1","Skewer","Accuracy+1","PiercingWail","Phantasmal Killer","Choke+1","Madness","Madness","Tactician","Violence","Caltrops+1","Mayhem+1"],"relics":["Ring of the Snake","Regal Pillow","Lantern","Pantograph","Pandora\u0027s Box","Gambling Chip","Membership Card","WingedGreaves","Frozen Egg 2","Paper Crane","Molten Egg 2","White Beast Statue"],"potions_floor_usage":[23,23,23,23,29,33,33,41],"damage_taken":[{"damage":0,"enemies":"Cultist","floor":1,"turns":3},{"damage":0,"enemies":"Jaw Worm","floor":4,"turns":4},{"damage":0,"enemies":"2 Louse","floor":5,"turns":3},{"damage":27,"enemies":"Gremlin Nob","floor":7,"turns":5},{"damage":3,"enemies":"Looter","floor":12,"turns":3},{"damage":10,"enemies":"Exordium Wildlife","floor":13,"turns":4},{"damage":7,"enemies":"Gremlin Gang","floor":14,"turns":4},{"damage":53,"enemies":"Hexaghost","floor":16,"turns":15},{"damage":12,"enemies":"Chosen","floor":18,"turns":4},{"damage":2,"enemies":"2 Thieves","floor":22,"turns":4},{"damage":44,"enemies":"Book of Stabbing","floor":23,"turns":7},{"damage":6,"enemies":"Snake Plant","floor":28,"turns":5},{"damage":41,"enemies":"Sentry and Sphere","floor":29,"turns":10},{"damage":13,"enemies":"Shelled Parasite and Fungi","floor":31,"turns":5},{"damage":68,"enemies":"Champ","floor":33,"turns":13},{"damage":6,"enemies":"Orb Walker","floor":35,"turns":2},{"damage":34,"enemies":"3 Darklings","floor":38,"turns":5},{"damage":57,"enemies":"4 Shapes","floor":41,"turns":8}],"seed_played":"3810156415742878921","potions_obtained":[{"floor":4,"key":"SpeedPotion"},{"floor":14,"key":"Strength Potion"},{"floor":16,"key":"Regen Potion"},{"floor":31,"key":"GamblersBrew"},{"floor":33,"key":"Strength Potion"},{"floor":35,"key":"Dexterity Potion"}],"is_trial":false,"path_per_floor":["M","$","?","M","M","R","E","R","T","?","T","M","M","M","R","B",null,"M","?","?","$","M","E","R","$","T","T","M","M","R","M","R","B",null,"M","?","$","M","?","R","M"],"character_chosen":"THE_SILENT","items_purchased":["Membership Card","Deflect","Frozen Egg 2","Tactician","Violence","Caltrops+1"],"campfire_rested":5,"item_purchase_floors":[21,21,25,37,37,37],"current_hp_per_floor":[70,70,59,59,59,59,32,32,32,32,32,29,19,12,48,17,70,58,52,52,52,50,15,51,51,51,51,45,4,40,27,63,2,70,64,55,55,21,21,57,0],"gold":122,"neow_bonus":"TRANSFORM_TWO_CARDS","is_prod":false,"is_daily":false,"chose_seed":false,"campfire_upgraded":2,"win_rate":0,"timestamp":1548906164,"path_taken":["M","?","?","M","M","R","E","R","T","?","?","?","?","M","R","BOSS","M","?","?","$","M","E","R","$","T","?","?","M","R","M","R","BOSS","M","?","$","M","?","R","M"],"build_version":"2019-01-23","purchased_purges":0,"victory":false,"max_hp_per_floor":[70,70,70,70,70,70,70,70,70,70,70,70,70,70,70,70,70,70,70,70,70,70,70,70,70,70,70,70,70,70,70,70,70,70,70,70,70,70,70,70,70],"card_choices":[{"not_picked":["Blade Dance","Sucker Punch"],"picked":"Infinite Blades","floor":1},{"not_picked":["Blade Dance","Deadly Poison"],"picked":"Cloak And Dagger","floor":4},{"not_picked":["Leg Sweep","Eviscerate"],"picked":"Underhanded Strike","floor":5},{"not_picked":["Riddle With Holes","Catalyst","Bane"],"picked":"SKIP","floor":7},{"not_picked":["Riddle With Holes","Deadly Poison"],"picked":"Prepared","floor":12},{"not_picked":["Outmaneuver","Setup"],"picked":"Blur","floor":13},{"not_picked":["Escape Plan","Endless Agony"],"picked":"Terror","floor":14},{"not_picked":["Malaise","Doppelganger"],"picked":"Envenom","floor":16},{"not_picked":["Bane+1","Setup","Sucker Punch+1"],"picked":"SKIP","floor":18},{"not_picked":["Dodge and Roll","Bouncing Flask"],"picked":"Concentrate+1","floor":22},{"not_picked":["Deflect","Unload"],"picked":"Skewer","floor":23},{"not_picked":["Dagger Spray+1","Predator+1","Deadly Poison"],"picked":"SKIP","floor":28},{"not_picked":["Blur","Setup"],"picked":"Accuracy+1","floor":29},{"not_picked":["Well Laid Plans+1","Escape Plan"],"picked":"PiercingWail","floor":31},{"not_picked":["Burst","Adrenaline"],"picked":"Phantasmal Killer","floor":33},{"not_picked":["Cloak And Dagger","Finisher+1"],"picked":"Choke+1","floor":35},{"not_picked":["Dagger Spray+1","Setup","Crippling Poison"],"picked":"SKIP","floor":38},{"not_picked":["Blind","Jack Of All Trades"],"picked":"Mayhem+1","floor":39}],"player_experience":2042649,"relics_obtained":[{"floor":7,"key":"Regal Pillow"},{"floor":9,"key":"Lantern"},{"floor":11,"key":"Pantograph"},{"floor":23,"key":"WingedGreaves"},{"floor":26,"key":"Paper Crane"},{"floor":27,"key":"Molten Egg 2"}],"event_choices":[{"damage_healed":0,"gold_gain":75,"player_choice":"Gather Gold","damage_taken":11,"max_hp_gain":0,"max_hp_loss":0,"event_name":"World of Goop","floor":3,"gold_loss":0},{"damage_healed":0,"gold_gain":30,"player_choice":"Searched \u00271\u0027 times","damage_taken":0,"max_hp_gain":0,"max_hp_loss":0,"event_name":"Dead Adventurer","floor":10,"gold_loss":0},{"damage_healed":0,"gold_gain":0,"player_choice":"Joined the Cult","damage_taken":6,"max_hp_gain":0,"max_hp_loss":0,"event_name":"Nest","floor":19,"gold_loss":0,"cards_obtained":["RitualDagger"]},{"damage_healed":0,"gold_gain":0,"player_choice":"Obtained Relic","damage_taken":0,"relics_obtained":["Gambling Chip"],"max_hp_gain":0,"max_hp_loss":0,"event_name":"Addict","floor":20,"gold_loss":85},{"damage_healed":0,"gold_gain":0,"player_choice":"Embrace Madness","damage_taken":9,"max_hp_gain":0,"max_hp_loss":0,"event_name":"Winding Halls","floor":36,"gold_loss":0,"cards_obtained":["Madness","Madness"]},{"damage_healed":0,"gold_gain":0,"player_choice":"Memory 1","damage_taken":0,"max_hp_gain":0,"max_hp_loss":0,"event_name":"SensoryStone","floor":39,"gold_loss":0}],"is_beta":false,"boss_relics":[{"not_picked":["Lizard Tail","Orrery"],"picked":"Pandora\u0027s Box"},{"not_picked":["Empty Cage","Fusion Hammer"],"picked":"White Beast Statue"}],"items_purged_floors":[],"is_endless":false,"potions_floor_spawned":[4,14,16,22,31,33,35,38],"killed_by":"4 Shapes","ascension_level":4}