{"gold_per_floor":[109,127,127,77,95,20,20,36,36,36,36,13,13],"floor_reached":13,"playtime":382,"items_purged":["Defend_R"],"score":110,"play_id":"d1388ce6-400c-4ce9-8bac-61a5226c9e42","local_time":"20180727210726","is_ascension_mode":true,"campfire_choices":[{"data":"Shrug It Off","floor":7,"key":"SMITH"},{"data":"Bash","floor":10,"key":"SMITH"}],"neow_cost":"NONE","seed_source_timestamp":3541379928440644,"circlet_count":0,"master_deck":["Strike_R","Strike_R","Strike_R+1","Strike_R","Defend_R+1","Defend_R+1","Bash+1","AscendersBane","Shrug It Off+1","Shrug It Off"],"relics":["Burning Blood","Blue Candle"],"potions_floor_usage":[13],"damage_taken":[{"damage":1,"enemies":"Cultist","floor":1,"turns":4},{"damage":5,"enemies":"Small Slimes","floor":2,"turns":4},{"damage":0,"enemies":"2 Louse","floor":5,"turns":4},{"damage":34,"enemies":"Exordium Wildlife","floor":8,"turns":9},{"damage":41,"enemies":"Gremlin Nob","floor":13,"turns":4}],"seed_played":"-5603329994424649346","potions_obtained":[{"floor":2,"key":"Ancient Potion"},{"floor":8,"key":"PowerPotion"}],"is_trial":false,"path_per_floor":["M","M","?","?","M","$","R","M","T","R","?","$"],"character_chosen":"IRONCLAD","items_purchased":["Shrug It Off"],"campfire_rested":0,"item_purchase_floors":[12],"current_hp_per_floor":[77,78,62,62,68,68,68,40,40,40,40,40,0],"gold":13,"neow_bonus":"REMOVE_CARD","is_prod":false,"is_daily":false,"chose_seed":false,"campfire_upgraded":2,"win_rate":0,"timestamp":1532718446,"path_taken":["M","?","?","?","?","$","R","M","T","R","?","?","E"],"build_version":"2018-07-26","purchased_purges":1,"victory":false,"max_hp_per_floor":[80,80,80,80,80,80,80,80,80,80,80,80,80],"card_choices":[{"not_picked":["Flex","Cleave"],"picked":"Shrug It Off","floor":1},{"not_picked":["Warcry","Dropkick","Infernal Blade"],"picked":"SKIP","floor":2},{"not_picked":["Iron Wave","Wild Strike","Immolate"],"picked":"SKIP","floor":5},{"not_picked":["Spot Weakness","Shockwave","Havoc"],"picked":"SKIP","floor":8}],"player_experience":397883,"relics_obtained":[{"floor":9,"key":"Blue Candle"}],"event_choices":[{"event_name":"Shining Light","player_choice":"Entered Light","floor":3,"damage_taken":0},{"event_name":"The Cleric","player_choice":"Card Removal","floor":4,"damage_taken":0},{"event_name":"Upgrade Shrine","player_choice":"Upgraded","floor":11,"damage_taken":0}],"is_beta":false,"boss_relics":[],"items_purged_floors":[6],"is_endless":false,"potions_floor_spawned":[2,8],"killed_by":"Gremlin Nob","ascension_level":10}