{"path_per_floor":["M","?","M","?","?","R","$","M","T","R","E","$","R","M","R","B",null,"M","M","?","M","?","R","M","M","T","R","M","?","$","M","R","B",null,"M","$","?","$","M"],"character_chosen":"THE_SILENT","items_purchased":["Noxious Fumes","Kunai","Footwork","Calculated Gamble","Shovel","Infinite Blades","Cloak And Dagger","Poisoned Stab","Apotheosis","Pen Nib"],"gold_per_floor":[15,90,102,102,102,102,27,52,52,52,95,13,13,37,37,160,160,181,196,232,253,253,253,273,294,294,294,312,312,12,35,35,155,155,175,93,1092,175,196,196],"floor_reached":40,"campfire_rested":3,"playtime":2708,"item_purchase_floors":[],"current_hp_per_floor":[63,52,50,50,37,37,37,37,37,37,26,26,26,17,36,40,59,58,52,22,6,6,27,24,20,20,42,44,44,44,46,46,67,78,65,65,65,65,26,0],"items_purged":["Strike_G","Defend_G","Defend_G"],"gold":196,"score":648,"play_id":"2f4ad0dc-4402-4068-b98a-1676132417e2","local_time":"20180621191902","is_prod":false,"is_daily":false,"chose_seed":false,"is_ascension_mode":true,"campfire_upgraded":4,"win_rate":0,"timestamp":1529601542,"campfire_choices":[{"data":"After Image","floor":6.0,"key":"SMITH"},{"data":"Backflip","floor":10.0,"key":"SMITH"},{"data":"Footwork","floor":13.0,"key":"SMITH"},{"floor":15.0,"key":"REST"},{"floor":23,"key":"REST"},{"floor":27,"key":"REST"},{"data":"Noxious Fumes","floor":32,"key":"SMITH"}],"path_taken":["M","?","?","?","?","R","?","M","T","R","E","$","R","M","R","BOSS","M","M","?","?","?","R","M","M","T","R","M","?","$","M","R","BOSS","M","$","?","$","?","E"],"build_version":"2018-06-14v2","seed_source_timestamp":0,"purchased_purges":3,"victory":false,"master_deck":["Defend_G+1","Strike_G+1","Survivor","Neutralize","AscendersBane","Outmaneuver","After Image+1","Deadly Poison","Poisoned Stab","Backflip+1","Footwork+1","Noxious Fumes+1","Backflip","Adrenaline","Blur","Flying Knee","Footwork","Normality","Normality","Calculated Gamble","Infinite Blades","Cloak And Dagger","Poisoned Stab","Apotheosis"],"max_hp_per_floor":[70,70,70,65,65,65,65,65,65,65,65,65,65,65,65,65,65,65,67,69,71,71,71,73,75,75,75,77,77,77,79,79,81,81,83,83,83,83,85,85],"special_seed":0,"relics":["Ring of the Snake","Golden Idol","Pantograph","Singing Bowl","Busted Crown","Red Mask","Smiling Mask","Kunai","Empty Cage","Shovel","Pen Nib"],"card_choices":[{"not_picked":["Setup","Slice"],"picked":"Deadly Poison","floor":1.0},{"not_picked":["Dagger Spray","Outmaneuver"],"picked":"Poisoned Stab","floor":3.0},{"not_picked":["Dagger Throw","Prepared"],"picked":"Backflip","floor":8.0},{"not_picked":["Escape Plan","Deadly Poison"],"picked":"Footwork","floor":11.0},{"not_picked":["Expertise","Skewer"],"picked":"Backflip","floor":14.0},{"not_picked":["Doppelganger","Night Terror"],"picked":"Adrenaline","floor":16.0},{"not_picked":[],"picked":"Blur","floor":18},{"not_picked":["PiercingWail+1"],"picked":"Singing Bowl","floor":19},{"not_picked":["Sucker Punch"],"picked":"Singing Bowl","floor":20},{"not_picked":["Underhanded Strike"],"picked":"Singing Bowl","floor":21},{"not_picked":["Underhanded Strike+1"],"picked":"Singing Bowl","floor":24},{"not_picked":["Phantasmal Killer"],"picked":"Singing Bowl","floor":25},{"not_picked":["Bane"],"picked":"Singing Bowl","floor":28},{"not_picked":["Choke+1"],"picked":"Singing Bowl","floor":31},{"not_picked":["Doppelganger"],"picked":"Singing Bowl","floor":33},{"not_picked":["Backflip"],"picked":"Singing Bowl","floor":35},{"not_picked":["Quick Slash"],"picked":"Singing Bowl","floor":39}],"player_experience":338059,"potions_floor_usage":[20,33],"damage_taken":[{"damage":0.0,"enemies":"Small Slimes","floor":1.0,"turns":6.0},{"damage":2.0,"enemies":"2 Louse","floor":3.0,"turns":3.0},{"damage":0.0,"enemies":"Cultist","floor":8.0,"turns":4.0},{"damage":11.0,"enemies":"Lagavulin","floor":11.0,"turns":7.0},{"damage":9.0,"enemies":"Lots of Slimes","floor":14.0,"turns":6.0},{"damage":21.0,"enemies":"Hexaghost","floor":16.0,"turns":9.0},{"damage":1,"enemies":"Spheric Guardian","floor":18,"turns":5},{"damage":8,"enemies":"3 Byrds","floor":19,"turns":6},{"damage":32,"floor":20,"turns":7},{"damage":18,"enemies":"Cultist and Chosen","floor":21,"turns":10},{"damage":5,"enemies":"Snecko","floor":24,"turns":9},{"damage":6,"enemies":"Snake Plant","floor":25,"turns":6},{"damage":0,"enemies":"Centurion and Healer","floor":28,"turns":11},{"damage":0,"enemies":"Cultist and Chosen","floor":31,"turns":10},{"damage":6,"enemies":"Automaton","floor":33,"turns":12},{"damage":15,"enemies":"3 Shapes","floor":35,"turns":6},{"damage":41,"enemies":"3 Darklings","floor":39,"turns":6},{"damage":50,"enemies":"2 Orb Walkers","floor":40,"turns":4}],"relics_obtained":[{"floor":9.0,"key":"Pantograph"},{"floor":11.0,"key":"Singing Bowl"},{"floor":20,"key":"Red Mask"},{"floor":26,"key":"Smiling Mask"}],"event_choices":[{"event_name":"World of Goop","player_choice":"Gather Gold","floor":2.0,"damage_taken":0.0},{"event_name":"Golden Idol","player_choice":"Lose Max HP","floor":4.0,"damage_taken":0.0},{"event_name":"Shining Light","player_choice":"Entered Light","floor":5.0,"damage_taken":0.0},{"event_name":"Masked Bandits","player_choice":"Fought over 196 gold","floor":20,"damage_taken":0},{"event_name":"Transmorgrifier","player_choice":"Transform","floor":22,"damage_taken":0},{"event_name":"Cursed Tome","player_choice":"Ignored","floor":29,"damage_taken":0},{"event_name":"MindBloom","player_choice":"Gold","floor":37,"damage_taken":0}],"boss_relics":[{"not_picked":["White Beast Statue","Black Star"],"picked":"Busted Crown"},{"not_picked":["Tiny House","Sozu"],"picked":"Empty Cage"}],"items_purged_floors":[],"is_endless":false,"potions_floor_spawned":[1,3,14,16,18,20,21,31,33],"seed_played":"-8397304764377890492","killed_by":"2 Orb Walkers","ascension_level":11,"potions_obtained":[{"floor":1.0,"key":"EntropicBrew"},{"floor":3.0,"key":"Dexterity Potion"},{"floor":14.0,"key":"PowerPotion"},{"floor":16.0,"key":"SteroidPotion"},{"floor":18,"key":"Explosive Potion"},{"floor":20,"key":"FearPotion"},{"floor":31,"key":"PowerPotion"},{"floor":33,"key":"SteroidPotion"}],"is_trial":false}