{"path_per_floor":["M","$","?","?","$","E","M","T","T","R","$","R","?","M","R","B",null,"M","?","M","?","$"],"character_chosen":"IRONCLAD","items_purchased":["Evolve","Bag of Preparation"],"gold_per_floor":[109,34,109,359,46,77,87,111,111,111,111,111,111,130,130,228,228,244,244,256,256,131,131],"floor_reached":23,"campfire_rested":0,"playtime":1259,"item_purchase_floors":[5,5],"current_hp_per_floor":[72,72,61,61,61,23,25,25,25,25,25,25,25,31,31,18,72,72,72,70,70,70,0],"items_purged":["Strike_R","Regret","Defend_R"],"gold":131,"score":213,"play_id":"b9565a87-4971-4a93-a72f-8d9051d92abc","local_time":"20180601194436","is_prod":false,"is_daily":false,"chose_seed":false,"is_ascension_mode":true,"campfire_upgraded":3,"win_rate":0,"timestamp":1527875076,"campfire_choices":[{"data":"Metallicize","floor":10,"key":"SMITH"},{"data":"Evolve","floor":12,"key":"SMITH"},{"data":"Bash","floor":15,"key":"SMITH"}],"path_taken":["M","$","?","?","$","E","M","?","T","R","$","R","?","M","R","BOSS","M","?","M","?","?","E"],"build_version":"2018-05-31","seed_source_timestamp":1374135697132751,"purchased_purges":3,"victory":false,"master_deck":["Strike_R","Strike_R","Defend_R","Defend_R+1","Defend_R+1","Bash+1","Cleave","Evolve+1","Metallicize+1","Impervious","Exhume","Cleave"],"max_hp_per_floor":[72,72,72,72,72,72,72,72,72,72,72,72,72,72,72,72,72,72,72,72,72,72,72],"relics":["Burning Blood","Gambling Chip","Bag of Preparation","Bronze Scales","War Paint","Mummified Hand","Black Star"],"card_choices":[{"not_picked":["Anger","Sword Boomerang"],"picked":"Cleave","floor":1},{"not_picked":["Heavy Blade","Bloodletting"],"picked":"Metallicize","floor":6},{"not_picked":["Entrench","Battle Trance","Heavy Blade"],"picked":"SKIP","floor":7},{"not_picked":["Havoc","Flex"],"picked":"Impervious","floor":14},{"not_picked":["Bludgeon","Reaper"],"picked":"Exhume","floor":16},{"not_picked":["Second Wind","Power Through"],"picked":"Cleave","floor":18},{"not_picked":["Rupture","Shrug It Off+1","Heavy Blade"],"picked":"SKIP","floor":20}],"player_experience":163585,"potions_floor_usage":[16],"damage_taken":[{"damage":5,"enemies":"Jaw Worm","floor":1,"turns":6},{"damage":44,"enemies":"Gremlin Nob","floor":6,"turns":5},{"damage":4,"enemies":"Small Slimes","floor":7,"turns":4},{"damage":0,"enemies":"Cultist","floor":14,"turns":3},{"damage":34,"enemies":"The Guardian","floor":16,"turns":18},{"damage":0,"enemies":"3 Byrds","floor":18,"turns":2},{"damage":8,"enemies":"Shell Parasite","floor":20,"turns":10},{"damage":87,"enemies":"Gremlin Leader","floor":23,"turns":8}],"relics_obtained":[{"floor":6,"key":"Bronze Scales"},{"floor":8,"key":"War Paint"},{"floor":9,"key":"Mummified Hand"}],"event_choices":[{"event_name":"World of Goop","player_choice":"Gather Gold","floor":3,"damage_taken":0},{"event_name":"Golden Shrine","player_choice":"Desecrate","floor":4,"damage_taken":0},{"event_name":"Living Wall","player_choice":"Forget","floor":13,"damage_taken":0},{"event_name":"The Woman in Blue","player_choice":"Bought 0 Potions","floor":19,"damage_taken":0},{"event_name":"Wheel of Change","player_choice":"Card Removal","floor":21,"damage_taken":0}],"boss_relics":[{"not_picked":["Cursed Key","Tiny House"],"picked":"Black Star"}],"items_purged_floors":[2,5,22],"potions_floor_spawned":[7],"seed_played":"-6154364571442976474","killed_by":"Gremlin Leader","ascension_level":3,"potions_obtained":[{"floor":7,"key":"Regen Potion"}],"is_trial":false}