{"gold_per_floor":[119,119,133,58,73,73,98,98,124,124,124,134,209,222,222,321,321,339,339,339,358,358,384,284,313,313,236,111,145,161,11,11,116,116,134,134,95,95,95],"floor_reached":39,"playtime":2534,"items_purged":["Strike_R","Bite","Bite"],"score":816,"play_id":"1fe7247c-eed4-4eb2-a389-0e7a522277f5","local_time":"20180626163705","is_ascension_mode":true,"campfire_choices":[{"data":"Metallicize","floor":6.0,"key":"SMITH"},{"data":"Spot Weakness","floor":8.0,"key":"SMITH"},{"data":"Spot Weakness","floor":10.0,"key":"SMITH"},{"data":"Defend_R","floor":15.0,"key":"SMITH"},{"floor":32,"key":"REST"}],"neow_cost":"","seed_source_timestamp":0,"circlet_count":0,"master_deck":["Defend_R+1","Defend_R+1","Defend_R+1","Bash","Reaper+1","Spot Weakness+1","Clothesline","Spot Weakness+1","Metallicize+1","Clash","Juggernaut","Bite","Bite","Bite","Shrug It Off+1","Double Tap","J.A.X.","Thunderclap","Rage+1","Reaper","Shockwave+1","Battle Trance","Armaments+1"],"special_seed":0,"relics":["Burning Blood","Boot","Whetstone","Shuriken","Fusion Hammer","Du-Vu Doll","Juzu Bracelet","Centennial Puzzle","Dream Catcher","Oddly Smooth Stone","Cursed Key","Incense Burner"],"potions_floor_usage":[25,25,33,39],"damage_taken":[{"damage":14.0,"enemies":"Small Slimes","floor":1.0,"turns":5.0},{"damage":7.0,"enemies":"Cultist","floor":3.0,"turns":5.0},{"damage":5.0,"enemies":"Jaw Worm","floor":5.0,"turns":5.0},{"damage":27.0,"enemies":"3 Sentries","floor":7.0,"turns":7.0},{"damage":11.0,"enemies":"Large Slime","floor":12.0,"turns":7.0},{"damage":27.0,"enemies":"Exordium Wildlife","floor":14.0,"turns":5.0},{"damage":13.0,"enemies":"The Guardian","floor":16.0,"turns":14.0},{"damage":13.0,"enemies":"Chosen","floor":18.0,"turns":5.0},{"damage":16.0,"enemies":"Shell Parasite","floor":21.0,"turns":4.0},{"damage":41.0,"enemies":"Book of Stabbing","floor":23.0,"turns":5.0},{"damage":49,"enemies":"Gremlin Leader","floor":25,"turns":7},{"damage":44,"enemies":"Slavers","floor":29,"turns":6},{"damage":10,"enemies":"Centurion and Healer","floor":30,"turns":6},{"damage":41,"enemies":"Automaton","floor":33,"turns":8},{"damage":23,"enemies":"Orb Walker","floor":35,"turns":4},{"damage":12,"floor":38,"turns":5},{"damage":66,"floor":39,"turns":3}],"seed_played":"3564671055154223756","potions_obtained":[{"floor":1.0,"key":"LiquidBronze"},{"floor":12.0,"key":"SpeedPotion"},{"floor":16.0,"key":"Regen Potion"},{"floor":33,"key":"PowerPotion"},{"floor":35,"key":"Weak Potion"}],"is_trial":false,"path_per_floor":["M","?","M","$","M","R","E","R","T","R","?","M","?","M","R","B",null,"M","?","?","M","?","E","$","E","T","?","$","E","M","$","R","B",null,"M","?","$","?"],"character_chosen":"IRONCLAD","items_purchased":["Oddly Smooth Stone","Battle Trance"],"campfire_rested":1,"item_purchase_floors":[31,37],"current_hp_per_floor":[68,68,67,67,72,72,72,72,72,72,47,60,49,48,48,62,70,63,50,50,50,50,25,25,50,50,50,50,47,50,50,50,50,50,45,45,45,50,0],"gold":95,"neow_bonus":"","is_prod":false,"is_daily":false,"chose_seed":false,"campfire_upgraded":4,"win_rate":0,"timestamp":1530023825,"path_taken":["M","?","M","$","M","R","E","R","T","R","?","M","?","M","R","BOSS","M","?","?","M","?","E","?","E","T","?","$","E","M","$","R","BOSS","M","?","$","?","?"],"build_version":"2018-06-21v2","purchased_purges":3,"victory":false,"max_hp_per_floor":[72,72,72,72,72,72,72,72,72,72,72,72,72,72,72,72,72,72,50,50,50,50,50,50,50,50,50,50,50,50,50,50,50,50,50,50,50,50,50],"card_choices":[{"not_picked":["Bludgeon","Berserk"],"picked":"Reaper","floor":0.0},{"not_picked":["Corruption","Fire Breathing"],"picked":"Spot Weakness","floor":1.0},{"not_picked":["Wild Strike","Shrug It Off"],"picked":"Spot Weakness","floor":3.0},{"not_picked":["Cleave","Headbutt"],"picked":"Metallicize","floor":5.0},{"not_picked":["Perfected Strike","Warcry"],"picked":"Clash","floor":7.0},{"not_picked":["Clothesline","Dropkick","Twin Strike"],"picked":"SKIP","floor":12.0},{"not_picked":["Bloodletting","Clothesline","Infernal Blade"],"picked":"SKIP","floor":14.0},{"not_picked":["Fiend Fire","Brutality"],"picked":"Juggernaut","floor":16.0},{"not_picked":["Sword Boomerang","Searing Blow","Flex"],"picked":"SKIP","floor":18.0},{"not_picked":["Blood for Blood","Rupture","Bloodletting"],"picked":"SKIP","floor":21.0},{"not_picked":["Shockwave","Clothesline+1"],"picked":"Shrug It Off+1","floor":23},{"not_picked":["Pommel Strike","Blood for Blood"],"picked":"Double Tap","floor":25},{"not_picked":["Armaments","Corruption"],"picked":"Thunderclap","floor":29},{"not_picked":["Entrench","Shrug It Off","Headbutt"],"picked":"SKIP","floor":30},{"not_picked":["Sever Soul+1","Shrug It Off"],"picked":"Rage+1","floor":32},{"not_picked":["Juggernaut","Double Tap"],"picked":"Reaper","floor":33},{"not_picked":["Warcry","Twin Strike"],"picked":"Shockwave+1","floor":35},{"not_picked":["True Grit","Perfected Strike"],"picked":"Armaments+1","floor":38}],"player_experience":350562,"relics_obtained":[{"floor":7.0,"key":"Boot"},{"floor":9.0,"key":"Whetstone"},{"floor":23,"key":"Du-Vu Doll"},{"floor":25,"key":"Juzu Bracelet"},{"floor":26,"key":"Centennial Puzzle"},{"floor":29,"key":"Dream Catcher"},{"floor":38,"key":"Incense Burner"}],"event_choices":[{"event_name":"Transmorgrifier","player_choice":"Transform","floor":2.0,"damage_taken":0.0},{"event_name":"Scrap Ooze","player_choice":"success","floor":11.0,"damage_taken":25.0},{"event_name":"World of Goop","player_choice":"Gather Gold","floor":13.0,"damage_taken":0.0},{"event_name":"Vampires","player_choice":"Became a vampire","floor":19.0,"damage_taken":0.0},{"event_name":"Ghosts","player_choice":"Ignored","floor":20.0,"damage_taken":0.0},{"event_name":"Back to Basics","player_choice":"Simplicity","floor":22.0,"damage_taken":0.0},{"event_name":"Drug Dealer","player_choice":"Got JAXXED","floor":27,"damage_taken":0},{"event_name":"Tomb of Lord Red Mask","player_choice":"Ignored","floor":36,"damage_taken":0},{"event_name":"MindBloom","player_choice":"Fight","floor":38,"damage_taken":0},{"event_name":"Mysterious Sphere","player_choice":"Fight","floor":39,"damage_taken":0}],"boss_relics":[{"not_picked":["Snecko Eye","Runic Dome"],"picked":"Fusion Hammer"},{"not_picked":["Philosopher\u0027s Stone","Empty Cage"],"picked":"Cursed Key"}],"items_purged_floors":[],"is_endless":false,"potions_floor_spawned":[1,12,16,23,33,35],"ascension_level":8}