{"gold_per_floor":[118,193,193,209,65,65,100,100,100,114,114,114,2,29,29,105,105,117,117,134,151,24,56,56,56,80,179,195,195,195,206,206,280,280,291,291,307,307,307,307],"floor_reached":40,"playtime":2575,"items_purged":["Pain","Strike_B"],"score":832,"play_id":"44cb6bb1-ccdd-4658-86de-ae7faaa9b5e9","local_time":"20190414105025","is_ascension_mode":true,"campfire_choices":[{"data":"Fusion","floor":6,"key":"SMITH"},{"floor":12,"key":"REST"},{"data":"White Noise","floor":15,"key":"SMITH"},{"floor":25,"key":"REST"},{"floor":29,"key":"REST"},{"floor":32,"key":"REST"}],"neow_cost":"NONE","seed_source_timestamp":111584170626000,"circlet_count":0,"master_deck":["AscendersBane","Strike_B","Defend_B+1","Defend_B","Zap","Dualcast","Conserve Battery","Conserve Battery+1","Fusion+1","Glacier","Sweeping Beam","White Noise+1","Self Repair","Electrodynamics","Multi-Cast","Storm","Cold Snap","Lockon","Conserve Battery+1","Tempest","Creative AI","Conserve Battery+1","Mind Blast","Undo"],"relics":["Cracked Core","WarpedTongs","Smiling Mask","War Paint","Calipers","Turnip","Empty Cage","Shovel","Strawberry","Blood Vial","Bag of Preparation","Nuclear Battery","Pear"],"potions_floor_usage":[7,21,23,33,40],"damage_taken":[{"damage":3,"enemies":"2 Louse","floor":1,"turns":2},{"damage":5,"enemies":"Small Slimes","floor":4,"turns":4},{"damage":10,"enemies":"3 Sentries","floor":7,"turns":8},{"damage":0,"enemies":"Cultist","floor":10,"turns":4},{"damage":1,"enemies":"Lagavulin","floor":14,"turns":10},{"damage":0,"enemies":"Slime Boss","floor":16,"turns":7},{"damage":5,"enemies":"3 Byrds","floor":18,"turns":2},{"damage":18,"enemies":"Chosen","floor":20,"turns":6},{"damage":10,"enemies":"3 Cultists","floor":21,"turns":4},{"damage":44,"enemies":"Book of Stabbing","floor":23,"turns":6},{"damage":55,"enemies":"Chosen and Byrds","floor":28,"turns":8},{"damage":0,"enemies":"Snake Plant","floor":31,"turns":4},{"damage":66,"enemies":"Champ","floor":33,"turns":31},{"damage":3,"enemies":"3 Darklings","floor":35,"turns":2},{"damage":6,"enemies":"Orb Walker","floor":37,"turns":4},{"damage":95,"enemies":"Giant Head","floor":40,"turns":8}],"seed_played":"8949390910239615058","potions_obtained":[{"floor":1,"key":"Block Potion"},{"floor":10,"key":"SpeedPotion"},{"floor":18,"key":"AttackPotion"},{"floor":28,"key":"Ancient Potion"},{"floor":33,"key":"Regen Potion"}],"is_trial":false,"path_per_floor":["M","?","?","M","$","R","E","?","T","M","T","R","$","E","R","B",null,"M","?","M","M","$","E","T","R","T","?","M","R","?","M","R","B",null,"M","?","M","?","T","E"],"character_chosen":"DEFECT","items_purchased":["Fusion","White Noise","Self Repair","LiquidBronze"],"campfire_rested":4,"item_purchase_floors":[5,13,13,22],"current_hp_per_floor":[68,57,57,52,52,52,42,35,35,35,35,58,58,64,64,71,76,71,71,60,60,60,36,43,68,68,68,22,47,47,56,81,24,70,69,69,65,65,75,0],"gold":307,"neow_bonus":"TEN_PERCENT_HP_BONUS","is_prod":false,"is_daily":false,"chose_seed":false,"campfire_upgraded":2,"win_rate":0,"timestamp":1555253425,"path_taken":["M","?","?","?","$","R","E","?","T","M","?","R","$","E","R","BOSS","M","?","?","M","$","E","?","R","T","?","M","R","?","M","R","BOSS","M","?","M","?","?","E"],"build_version":"2019-01-23","purchased_purges":2,"victory":false,"max_hp_per_floor":[78,78,78,78,78,78,78,78,78,78,78,78,78,78,78,78,78,78,78,78,78,78,78,85,85,85,85,85,85,85,85,85,85,85,85,85,85,85,95,95],"card_choices":[{"not_picked":["Rip and Tear","Turbo"],"picked":"Conserve Battery","floor":1},{"not_picked":["Reprogram","Amplify"],"picked":"Conserve Battery","floor":4},{"not_picked":["Seek","Cold Snap"],"picked":"Glacier","floor":7},{"not_picked":["Stack","Rebound"],"picked":"Sweeping Beam","floor":10},{"not_picked":["Consume","Barrage"],"picked":"Electrodynamics","floor":14},{"not_picked":["Fission","Hyperbeam"],"picked":"Multi-Cast","floor":16},{"not_picked":["Reinforced Body","Stack"],"picked":"Storm","floor":18},{"not_picked":["Streamline","All For One"],"picked":"Cold Snap","floor":20},{"not_picked":["Glacier","Ball Lightning"],"picked":"Lockon","floor":21},{"not_picked":["Cold Snap","Doom and Gloom"],"picked":"Conserve Battery+1","floor":23},{"not_picked":["Cold Snap","Consume"],"picked":"Tempest","floor":28},{"not_picked":["Doom and Gloom","Barrage","Hologram"],"picked":"SKIP","floor":31},{"not_picked":["Reboot","Rainbow"],"picked":"Creative AI","floor":33},{"not_picked":["Compile Driver+1","Scrape"],"picked":"Conserve Battery+1","floor":35},{"not_picked":["Dramatic Entrance","Enlightenment"],"picked":"Mind Blast","floor":36},{"not_picked":["Redo","Consume"],"picked":"Undo","floor":37}],"player_experience":2750447,"relics_obtained":[{"floor":7,"key":"Smiling Mask"},{"floor":9,"key":"War Paint"},{"floor":11,"key":"Calipers"},{"floor":14,"key":"Turnip"},{"floor":23,"key":"Shovel"},{"floor":24,"key":"Strawberry"},{"floor":26,"key":"Blood Vial"},{"floor":39,"key":"Pear"}],"event_choices":[{"damage_healed":0,"gold_gain":75,"player_choice":"Gather Gold","damage_taken":11,"max_hp_gain":0,"max_hp_loss":0,"event_name":"World of Goop","floor":2,"gold_loss":0},{"damage_healed":0,"gold_gain":0,"player_choice":"Rummage","damage_taken":0,"relics_obtained":["WarpedTongs"],"max_hp_gain":0,"max_hp_loss":0,"event_name":"Accursed Blacksmith","floor":3,"gold_loss":0,"cards_obtained":["Pain"]},{"cards_removed":["Strike_B"],"damage_healed":0,"gold_gain":0,"player_choice":"Card Removal","damage_taken":7,"max_hp_gain":0,"max_hp_loss":0,"event_name":"Golden Wing","floor":8,"gold_loss":0},{"damage_healed":0,"gold_gain":0,"player_choice":"Bought 0 Potions","damage_taken":0,"max_hp_gain":0,"max_hp_loss":0,"event_name":"The Woman in Blue","floor":19,"gold_loss":0},{"damage_healed":0,"gold_gain":99,"player_choice":"Stole From Cult","damage_taken":0,"max_hp_gain":0,"max_hp_loss":0,"event_name":"Nest","floor":27,"gold_loss":0},{"damage_healed":0,"gold_gain":0,"player_choice":"Opened","damage_taken":0,"relics_obtained":["Bag of Preparation"],"max_hp_gain":0,"max_hp_loss":0,"event_name":"The Mausoleum","floor":30,"gold_loss":0},{"damage_healed":0,"gold_gain":0,"player_choice":"Memory 1","damage_taken":0,"max_hp_gain":0,"max_hp_loss":0,"event_name":"SensoryStone","floor":36,"gold_loss":0},{"cards_removed":["Defend_B"],"damage_healed":0,"gold_gain":0,"player_choice":"Removed Skill","damage_taken":0,"max_hp_gain":0,"max_hp_loss":0,"event_name":"Falling","floor":38,"gold_loss":0}],"is_beta":false,"boss_relics":[{"not_picked":["Coffee Dripper","Velvet Choker"],"picked":"Empty Cage"},{"not_picked":["Busted Crown","Philosopher\u0027s Stone"],"picked":"Nuclear Battery"}],"items_purged_floors":[5,22],"is_endless":false,"potions_floor_spawned":[1,10,18,28,33,37],"killed_by":"Giant Head","ascension_level":14}