{"gold_per_floor":[113,125,53,69,69,103,131,173,212,251,30,30,71,92,92,212,212,230,11,11,36,57,57,93,106,106,146,68,68],"floor_reached":29,"playtime":2160,"items_purged":["Strike_G"],"score":341,"play_id":"30e99ba8-d57e-4687-b0f3-74792d77c9f6","local_time":"20181228012102","is_ascension_mode":true,"campfire_choices":[{"floor":15,"key":"REST"},{"data":"Wraith Form v2","floor":23,"key":"SMITH"}],"neow_cost":"NONE","seed_source_timestamp":141797245154506,"circlet_count":0,"master_deck":["Survivor","Neutralize+1","Endless Agony+1","Slice","Backstab","Slice+1","Well Laid Plans","Terror","Blade Dance","Blade Dance","Dramatic Entrance","Well Laid Plans","Wraith Form v2+1","After Image","Underhanded Strike","Bullet Time","Eviscerate","Burst","Skewer","Catalyst","Venomology","Outmaneuver","Cloak And Dagger","Panache","Blade Dance","Finisher","Backflip+1","Cloak And Dagger","Escape Plan+1","Endless Agony"],"relics":["WristBlade","MawBank","Bag of Preparation","Whetstone","Bag of Marbles","Golden Idol","Bottled Flame","Pandora\u0027s Box","Frozen Egg 2","Orichalcum","Anchor","Red Mask"],"potions_floor_usage":[10,16,16,24,29],"damage_taken":[{"damage":4,"enemies":"Small Slimes","floor":1,"turns":5},{"damage":0,"enemies":"Jaw Worm","floor":2,"turns":2},{"damage":0,"enemies":"2 Louse","floor":4,"turns":2},{"damage":13,"enemies":"Gremlin Nob","floor":6,"turns":4},{"damage":3,"enemies":"Blue Slaver","floor":7,"turns":2},{"damage":9,"enemies":"3 Sentries","floor":8,"turns":9},{"damage":10,"enemies":"Lagavulin","floor":10,"turns":3},{"damage":10,"enemies":"3 Sentries","floor":13,"turns":4},{"damage":0,"enemies":"Looter","floor":14,"turns":1},{"damage":22,"enemies":"Slime Boss","floor":16,"turns":6},{"damage":6,"enemies":"Spheric Guardian","floor":18,"turns":3},{"damage":3,"enemies":"3 Byrds","floor":21,"turns":3},{"damage":2,"enemies":"Centurion and Healer","floor":22,"turns":3},{"damage":7,"enemies":"Book of Stabbing","floor":24,"turns":4},{"damage":6,"enemies":"Chosen and Byrds","floor":25,"turns":4},{"damage":0,"enemies":"Masked Bandits","floor":27,"turns":1},{"damage":35,"enemies":"Gremlin Leader","floor":29,"turns":2}],"seed_played":"670433743839276623","potions_obtained":[{"floor":6,"key":"SpeedPotion"},{"floor":8,"key":"Poison Potion"},{"floor":13,"key":"Dexterity Potion"},{"floor":16,"key":"EssenceOfSteel"},{"floor":25,"key":"LiquidBronze"},{"floor":27,"key":"Dexterity Potion"}],"is_trial":false,"path_per_floor":["M","M","$","M","?","E","M","E","T","E","$","?","E","M","R","B",null,"M","$","?","M","M","R","E","M","T","?","$","E"],"character_chosen":"THE_SILENT","items_purchased":["Backstab","Blade Dance","Dramatic Entrance","PowerPotion","Panache","Blade Dance","Endless Agony"],"campfire_rested":1,"item_purchase_floors":[3,11,11,11,19,19,28],"current_hp_per_floor":[66,66,66,66,52,39,36,27,27,17,17,17,7,7,26,4,50,44,44,44,41,39,39,32,26,26,26,26,0],"gold":68,"neow_bonus":"BOSS_RELIC","is_prod":false,"is_daily":false,"chose_seed":false,"campfire_upgraded":1,"win_rate":0,"timestamp":1545981662,"path_taken":["M","M","$","M","?","E","M","E","T","E","$","?","E","M","R","BOSS","M","$","?","M","M","R","E","M","T","?","$","E"],"build_version":"2018-12-20","purchased_purges":1,"victory":false,"max_hp_per_floor":[70,70,70,70,70,70,70,70,70,70,70,65,65,65,65,65,65,65,65,65,65,65,65,65,65,65,65,65,65],"card_choices":[{"not_picked":["Acrobatics","Sucker Punch"],"picked":"Endless Agony","floor":1},{"not_picked":["Sucker Punch","Doppelganger"],"picked":"Slice","floor":2},{"not_picked":["Sucker Punch","Dash"],"picked":"Slice","floor":4},{"not_picked":["Setup","Skewer"],"picked":"Well Laid Plans","floor":6},{"not_picked":["Choke","Dagger Throw"],"picked":"Terror","floor":7},{"not_picked":["Outmaneuver","Choke"],"picked":"Blade Dance","floor":8},{"not_picked":["Dagger Spray","Dagger Throw","Quick Slash"],"picked":"SKIP","floor":10},{"not_picked":["Setup","Caltrops","Prepared"],"picked":"SKIP","floor":13},{"not_picked":["Choke","Poisoned Stab"],"picked":"Well Laid Plans","floor":14},{"not_picked":["Unload","Bullet Time"],"picked":"Wraith Form v2","floor":16},{"not_picked":["Acrobatics+1","Backflip"],"picked":"Cloak And Dagger","floor":18},{"not_picked":["PiercingWail+1","Expertise"],"picked":"Finisher","floor":21},{"not_picked":["Concentrate","All Out Attack"],"picked":"Backflip+1","floor":22},{"not_picked":["Terror","Dagger Throw"],"picked":"Cloak And Dagger","floor":24},{"not_picked":["Sucker Punch+1","PiercingWail","Tools of the Trade+1"],"picked":"SKIP","floor":25},{"not_picked":["Quick Slash","Backflip+1"],"picked":"Escape Plan+1","floor":27}],"player_experience":353108,"relics_obtained":[{"floor":6,"key":"MawBank"},{"floor":8,"key":"Bag of Preparation"},{"floor":9,"key":"Whetstone"},{"floor":10,"key":"Bag of Marbles"},{"floor":13,"key":"Bottled Flame"},{"floor":24,"key":"Orichalcum"},{"floor":26,"key":"Anchor"},{"floor":27,"key":"Red Mask"}],"event_choices":[{"damage_healed":0,"gold_gain":0,"player_choice":"Entered Light","damage_taken":14,"max_hp_gain":0,"max_hp_loss":0,"event_name":"Shining Light","floor":5,"gold_loss":0,"cards_upgraded":["Neutralize","Strike_G"]},{"damage_healed":0,"gold_gain":0,"player_choice":"Lose Max HP","damage_taken":0,"relics_obtained":["Golden Idol"],"max_hp_gain":0,"max_hp_loss":5,"event_name":"Golden Idol","floor":12,"gold_loss":0},{"damage_healed":0,"gold_gain":0,"player_choice":"Opened","damage_taken":0,"relics_obtained":["Frozen Egg 2"],"max_hp_gain":0,"max_hp_loss":0,"event_name":"The Mausoleum","floor":20,"gold_loss":0},{"damage_healed":0,"gold_gain":0,"player_choice":"Fought Bandits","damage_taken":0,"max_hp_gain":0,"max_hp_loss":0,"event_name":"Masked Bandits","floor":27,"gold_loss":0}],"is_beta":false,"boss_relics":[{"not_picked":["Runic Dome","Snecko Eye"],"picked":"Pandora\u0027s Box"}],"items_purged_floors":[11],"is_endless":false,"potions_floor_spawned":[6,8,13,16,25,27],"killed_by":"Gremlin Leader","ascension_level":5}