{"gold_per_floor":[368,378,394,394,14,49,124,136,159,169,15,15,15,15,27,141,153,175,187,298,111,121,121,140,4,74,109,109,128,147,180,180,281,281,299,316,361,361,381,409,421,440,489,522,522,532,532,4,4,4],"floor_reached":51,"playtime":6039,"items_purged":["Strike_B","Defend_B"],"score":797,"play_id":"2c429ea4-c234-4d2d-9d47-ce26f82b7ec4","local_time":"20181031182141","is_ascension_mode":false,"campfire_choices":[{"data":"Zap","floor":12,"key":"SMITH"},{"floor":15,"key":"REST"},{"data":"Good Instincts","floor":23,"key":"SMITH"},{"data":"Fission","floor":28,"key":"SMITH"},{"data":"Leap","floor":32,"key":"SMITH"},{"data":"Buffer","floor":47,"key":"SMITH"},{"data":"Electrodynamics","floor":49,"key":"SMITH"}],"neow_cost":"PERCENT_DAMAGE","seed_source_timestamp":593610962053075,"circlet_count":0,"master_deck":["Defend_B","Defend_B","Zap+1","Dualcast","Sweeping Beam","Cold Snap","Coolheaded","Thunder Strike","Capacitor","Chill","Good Instincts+1","Melter+1","All For One","Electrodynamics+1","Capacitor","Blizzard","Compile Driver","Cold Snap+1","Tempest","Fission+1","Compile Driver","Reinforced Body+1","Barrage","Leap+1","Ball Lightning","Biased Cognition","Defragment+1","Conserve Battery+1","Buffer+1","Ball Lightning+1","Coolheaded+1","Conserve Battery+1","Compile Driver","Stack+1","Cold Snap+1","Hologram+1","Reboot+1","Panacea+1"],"relics":["Cracked Core","Membership Card","Meat on the Bone","Ancient Tea Set","Blood Vial","Omamori","MawBank","Sozu","Torii","Whetstone","Darkstone Periapt","PreservedInsect","Centennial Puzzle","Coffee Dripper","FossilizedHelix","Toxic Egg 2","Juzu Bracelet","Question Card","Anchor","Ginger","Medical Kit"],"potions_floor_usage":[8,16],"damage_taken":[{"damage":0,"enemies":"Small Slimes","floor":1,"turns":4},{"damage":0,"enemies":"2 Louse","floor":2,"turns":2},{"damage":6,"enemies":"Jaw Worm","floor":3,"turns":3},{"damage":18,"enemies":"Lagavulin","floor":6,"turns":8},{"damage":6,"enemies":"Red Slaver","floor":8,"turns":4},{"damage":23,"enemies":"Gremlin Gang","floor":10,"turns":6},{"damage":20,"enemies":"Slime Boss","floor":16,"turns":9},{"damage":9,"enemies":"Shell Parasite","floor":18,"turns":6},{"damage":0,"enemies":"3 Byrds","floor":22,"turns":4},{"damage":13,"enemies":"3 Cultists","floor":24,"turns":4},{"damage":35,"enemies":"Book of Stabbing","floor":27,"turns":7},{"damage":17,"enemies":"Shelled Parasite and Fungi","floor":29,"turns":4},{"damage":2,"enemies":"Cultist and Chosen","floor":30,"turns":4},{"damage":19,"enemies":"Gremlin Leader","floor":31,"turns":5},{"damage":22,"enemies":"Collector","floor":33,"turns":9},{"damage":6,"enemies":"Orb Walker","floor":35,"turns":3},{"damage":0,"enemies":"3 Darklings","floor":36,"turns":4},{"damage":0,"enemies":"2 Orb Walkers","floor":37,"turns":4},{"damage":0,"enemies":"Maw","floor":39,"turns":7},{"damage":0,"enemies":"Giant Head","floor":40,"turns":9},{"damage":0,"enemies":"Sphere and 2 Shapes","floor":41,"turns":4},{"damage":0,"enemies":"Transient","floor":42,"turns":5},{"damage":0,"enemies":"Reptomancer","floor":44,"turns":6},{"damage":0,"enemies":"3 Darklings","floor":46,"turns":4},{"damage":48,"enemies":"Awakened One","floor":50,"turns":12}],"seed_played":"-3682132978640416298","potions_obtained":[{"floor":6,"key":"GamblersBrew"},{"floor":8,"key":"FocusPotion"}],"is_trial":false,"path_per_floor":["M","M","M","?","$","E","?","M","T","M","$","R","?","?","R","B",null,"M","?","?","$","M","R","M","$","T","E","R","M","M","E","R","B",null,"M","M","?","?","M","E","M","M","T","E","?","M","R","$","R","B",null],"character_chosen":"DEFECT","items_purchased":["Membership Card","Coolheaded","Thunder Strike","Meat on the Bone","Omamori","Good Instincts","Blizzard","Compile Driver","Torii","Fission","Whetstone","Compile Driver","Hologram+1","Reboot+1","Panacea+1","Anchor","Ginger","Medical Kit"],"campfire_rested":1,"item_purchase_floors":[5,5,5,5,11,11,21,21,21,25,25,25,48,48,48,48,48,48],"current_hp_per_floor":[54,54,48,41,41,35,24,30,30,21,21,21,21,14,36,30,75,66,66,66,66,68,68,57,57,57,36,36,33,45,40,40,32,75,69,71,73,71,71,71,71,71,71,71,71,71,71,71,71,35],"gold":4,"neow_bonus":"TWO_FIFTY_GOLD","is_prod":false,"is_daily":false,"chose_seed":false,"campfire_upgraded":6,"win_rate":0.0,"timestamp":1541035301,"path_taken":["M","M","M","?","$","E","?","M","T","M","$","R","?","?","R","BOSS","M","?","?","?","M","R","?","$","T","E","R","M","M","E","R","BOSS","M","?","?","?","?","E","M","M","T","E","?","M","R","$","R","BOSS"],"build_version":"2018-10-30","purchased_purges":2,"victory":true,"max_hp_per_floor":[75,75,75,75,75,75,75,75,75,75,75,75,75,75,75,75,75,75,75,75,75,75,75,75,75,75,75,75,75,75,75,75,75,75,75,75,75,71,71,71,71,71,71,71,71,71,71,71,71,71],"card_choices":[{"not_picked":["Compile Driver","Hologram"],"picked":"Sweeping Beam","floor":1},{"not_picked":["Redo","Chill"],"picked":"Cold Snap","floor":2},{"not_picked":["Aggregate","Force Field","Steam"],"picked":"SKIP","floor":3},{"not_picked":["Rebound","Auto Shields"],"picked":"Capacitor","floor":6},{"not_picked":["Melter","Scrape","Redo"],"picked":"SKIP","floor":8},{"not_picked":["Cold Snap","Glacier"],"picked":"Chill","floor":10},{"not_picked":["Thunder Strike","Seek"],"picked":"All For One","floor":16},{"not_picked":["Storm","Steam","Compile Driver"],"picked":"SKIP","floor":18},{"not_picked":["BootSequence+1","Undo+1"],"picked":"Cold Snap","floor":22},{"not_picked":["Sweeping Beam","Leap"],"picked":"Tempest","floor":24},{"not_picked":["Conserve Battery","All For One"],"picked":"Reinforced Body+1","floor":27},{"not_picked":["Redo","FTL"],"picked":"Barrage","floor":29},{"not_picked":["Gash+1","Steam"],"picked":"Leap","floor":30},{"not_picked":["Storm","Redo"],"picked":"Ball Lightning","floor":31},{"not_picked":["Echo Form","Buffer"],"picked":"Biased Cognition","floor":33},{"not_picked":["Chill+1","Go for the Eyes+1"],"picked":"Defragment+1","floor":35},{"not_picked":["Redo+1","Sweeping Beam+1"],"picked":"Conserve Battery+1","floor":36},{"not_picked":["Redo+1","Aggregate+1"],"picked":"Buffer","floor":37},{"not_picked":["Streamline","Leap+1"],"picked":"Ball Lightning+1","floor":39},{"not_picked":["Reinforced Body+1","Defragment"],"picked":"Coolheaded","floor":40},{"not_picked":["Cold Snap+1","Streamline+1"],"picked":"Conserve Battery+1","floor":41},{"not_picked":["Darkness+1","Go for the Eyes+1"],"picked":"Compile Driver","floor":42},{"not_picked":["Gash","Barrage"],"picked":"Stack+1","floor":44},{"not_picked":["Self Repair+1","Conserve Battery+1","Stack+1"],"picked":"Cold Snap+1","floor":46}],"player_experience":40472,"relics_obtained":[{"floor":6,"key":"Ancient Tea Set"},{"floor":9,"key":"Blood Vial"},{"floor":26,"key":"Darkstone Periapt"},{"floor":27,"key":"PreservedInsect"},{"floor":31,"key":"Centennial Puzzle"},{"floor":37,"key":"FossilizedHelix"},{"floor":40,"key":"Toxic Egg 2"},{"floor":43,"key":"Juzu Bracelet"},{"floor":44,"key":"Question Card"}],"event_choices":[{"cards_removed":["Strike_B"],"damage_healed":0,"gold_gain":0,"player_choice":"Card Removal","damage_taken":7,"max_hp_gain":0,"max_hp_loss":0,"event_name":"Golden Wing","floor":4,"gold_loss":0},{"damage_healed":0,"gold_gain":75,"player_choice":"Gather Gold","damage_taken":11,"max_hp_gain":0,"max_hp_loss":0,"event_name":"World of Goop","floor":7,"gold_loss":0},{"damage_healed":0,"gold_gain":0,"cards_transformed":["Strike_B"],"player_choice":"Change","damage_taken":0,"max_hp_gain":0,"max_hp_loss":0,"event_name":"Living Wall","floor":13,"gold_loss":0,"cards_obtained":["Melter"]},{"damage_healed":0,"gold_gain":0,"player_choice":"Success","damage_taken":7,"relics_obtained":["MawBank"],"max_hp_gain":0,"max_hp_loss":0,"event_name":"Scrap Ooze","floor":14,"gold_loss":0},{"damage_healed":0,"gold_gain":0,"cards_transformed":["Strike_B","Defend_B"],"player_choice":"Became Test Subject","damage_taken":0,"max_hp_gain":0,"max_hp_loss":0,"event_name":"Drug Dealer","floor":19,"gold_loss":0,"cards_obtained":["Electrodynamics","Capacitor"]},{"damage_healed":0,"gold_gain":99,"player_choice":"Stole From Cult","damage_taken":0,"max_hp_gain":0,"max_hp_loss":0,"event_name":"Nest","floor":20,"gold_loss":0},{"damage_healed":0,"gold_gain":0,"player_choice":"Fight","damage_taken":0,"max_hp_gain":0,"max_hp_loss":0,"event_name":"Mysterious Sphere","floor":37,"gold_loss":0},{"damage_healed":0,"gold_gain":0,"player_choice":"Max HP","damage_taken":0,"max_hp_gain":0,"max_hp_loss":4,"event_name":"Winding Halls","floor":38,"gold_loss":0},{"damage_healed":0,"gold_gain":0,"player_choice":"Got Potions","damage_taken":0,"max_hp_gain":0,"max_hp_loss":0,"event_name":"Lab","floor":45,"gold_loss":0}],"is_beta":true,"boss_relics":[{"not_picked":["Snecko Eye","Ectoplasm"],"picked":"Sozu"},{"not_picked":["White Beast Statue","Fusion Hammer"],"picked":"Coffee Dripper"}],"items_purged_floors":[11,48],"is_endless":false,"potions_floor_spawned":[6,8,22,27,30,33,39,41,42,46],"ascension_level":0}