{"gold_per_floor":[114,133,133,133,133,133,168,185,233,251,251,326,360,374,374,472,472,483,196,213,19,19],"floor_reached":22,"playtime":2057,"items_purged":[],"score":310,"play_id":"e3592b79-28fb-482e-9aba-489a4e546d23","local_time":"20190506211604","is_ascension_mode":true,"campfire_choices":[{"data":"Dualcast","floor":6,"key":"SMITH"},{"floor":11,"key":"REST"},{"floor":15,"key":"REST"}],"neow_cost":"NONE","seed_source_timestamp":1208857208201725,"circlet_count":0,"master_deck":["AscendersBane","Strike_B","Strike_B+1","Strike_B","Defend_B","Defend_B","Defend_B","Defend_B","Zap+1","Dualcast+1","Leap","Compile Driver","Electrodynamics","Conserve Battery","Melter","Conserve Battery","Cold Snap","Redo","Creative AI","Go for the Eyes","Undo+1","All For One"],"special_seed":0,"relics":["Cracked Core","Omamori","Potion Belt","Prayer Wheel","Black Star","Shovel","Runic Capacitor"],"potions_floor_usage":[14,16,20,22],"damage_taken":[{"damage":6.0,"enemies":"Cultist","floor":1.0,"turns":4.0},{"damage":0.0,"enemies":"Small Slimes","floor":2.0,"turns":4.0},{"damage":32,"enemies":"Gremlin Nob","floor":7,"turns":4},{"damage":2,"enemies":"2 Louse","floor":8,"turns":3},{"damage":1,"enemies":"Looter","floor":10,"turns":3},{"damage":16,"enemies":"Lagavulin","floor":13,"turns":6},{"damage":0,"enemies":"Exordium Wildlife","floor":14,"turns":3},{"damage":20,"enemies":"Hexaghost","floor":16,"turns":10},{"damage":45,"enemies":"2 Thieves","floor":18,"turns":4},{"damage":14,"enemies":"Shell Parasite","floor":20,"turns":5},{"damage":21,"enemies":"Cultist and Chosen","floor":22,"turns":4}],"seed_played":"-239315454092799690","potions_obtained":[{"floor":2.0,"key":"Strength Potion"},{"floor":8,"key":"FocusPotion"},{"floor":13,"key":"SkillPotion"},{"floor":14,"key":"AttackPotion"},{"floor":16,"key":"SteroidPotion"},{"floor":18,"key":"FocusPotion"}],"is_trial":false,"path_per_floor":["M","M","?","?","?","R","E","M","T","M","R","?","E","M","R","B",null,"M","$","M","$","M"],"character_chosen":"DEFECT","items_purchased":["Shovel","Runic Capacitor"],"campfire_rested":2,"item_purchase_floors":[19,21],"current_hp_per_floor":[62,62,47,52,52,52,20,18,18,17,41,30,14,14,38,18,65,20,20,6,6,0],"gold":19,"neow_bonus":"TRANSFORM_CARD","is_prod":false,"is_daily":false,"chose_seed":false,"campfire_upgraded":1,"win_rate":0,"timestamp":1557202564,"path_taken":["M","M","?","?","?","R","E","M","T","M","R","?","E","M","R","BOSS","M","$","M","$","M"],"build_version":"2019-01-23","purchased_purges":0,"victory":false,"max_hp_per_floor":[75,75,75,80,80,80,80,80,80,80,80,80,80,80,80,80,80,80,80,80,80,80],"card_choices":[{"not_picked":["Streamline","Turbo"],"picked":"Leap","floor":1.0},{"not_picked":["Streamline","Darkness"],"picked":"Compile Driver","floor":2.0},{"not_picked":["Beam Cell","Leap"],"picked":"Conserve Battery","floor":7},{"not_picked":["Rip and Tear","Gash"],"picked":"Melter","floor":8},{"not_picked":["Stack","Compile Driver"],"picked":"Conserve Battery","floor":10},{"not_picked":["Fission","Sweeping Beam"],"picked":"Cold Snap","floor":13},{"not_picked":["Beam Cell","Hologram"],"picked":"Redo","floor":14},{"not_picked":["Beam Cell","Turbo","Streamline"],"picked":"SKIP","floor":14},{"not_picked":["Core Surge","Electrodynamics"],"picked":"Creative AI","floor":16},{"not_picked":["Hologram+1","Cold Snap"],"picked":"Go for the Eyes","floor":18},{"not_picked":["Aggregate","White Noise","Sweeping Beam"],"picked":"SKIP","floor":18},{"not_picked":["Stack","Barrage"],"picked":"Undo+1","floor":20},{"not_picked":["Genetic Algorithm","Streamline"],"picked":"All For One","floor":20}],"player_experience":627706,"relics_obtained":[{"floor":7,"key":"Omamori"},{"floor":9,"key":"Potion Belt"},{"floor":13,"key":"Prayer Wheel"}],"event_choices":[{"damage_healed":0.0,"max_hp_gain":0.0,"max_hp_loss":0.0,"gold_gain":0.0,"event_name":"Shining Light","player_choice":"Entered Light","floor":3.0,"gold_loss":0.0,"damage_taken":15.0,"cards_upgraded":["Zap","Strike_B"]},{"damage_healed":0.0,"max_hp_gain":5.0,"max_hp_loss":0.0,"gold_gain":0.0,"event_name":"Big Fish","player_choice":"Donut","floor":4.0,"gold_loss":0.0,"damage_taken":0.0},{"damage_healed":0,"gold_gain":0,"cards_transformed":["Loop"],"player_choice":"Change","damage_taken":0,"max_hp_gain":0,"max_hp_loss":0,"event_name":"Living Wall","floor":5,"gold_loss":0,"cards_obtained":["Electrodynamics"]},{"damage_healed":0,"gold_gain":75,"player_choice":"Gather Gold","damage_taken":11,"max_hp_gain":0,"max_hp_loss":0,"event_name":"World of Goop","floor":12,"gold_loss":0}],"is_beta":false,"boss_relics":[{"not_picked":["Snecko Eye","Empty Cage"],"picked":"Black Star"}],"items_purged_floors":[],"is_endless":false,"potions_floor_spawned":[2,8,13,14,16,18],"killed_by":"Cultist and Chosen","ascension_level":12}