{"gold_per_floor":[216,291,216,228,246,264,264,51,106,64,81,160,160,170,170,170],"floor_reached":16,"playtime":504,"items_purged":[],"score":166,"play_id":"99b93eb9-81d5-42d8-b02f-236a470cf1b7","local_time":"20190503041848","is_ascension_mode":true,"campfire_choices":[{"floor":7,"key":"REST"},{"data":"Double Energy","floor":13,"key":"SMITH"},{"data":"Static Discharge","floor":15,"key":"SMITH"}],"neow_cost":"NONE","seed_source_timestamp":1406855668219200,"circlet_count":0,"master_deck":["AscendersBane","Strike_B","Strike_B","Strike_B","Defend_B","Defend_B","Defend_B","Defend_B","Zap","Dualcast","Capacitor","Cold Snap","Static Discharge+1","Sunder","Capacitor","Self Repair","Double Energy+1"],"relics":["Cracked Core","DataDisk","Tiny Chest"],"potions_floor_usage":[],"damage_taken":[{"damage":2,"enemies":"2 Louse","floor":1,"turns":2},{"damage":4,"enemies":"Small Slimes","floor":4,"turns":4},{"damage":9,"enemies":"Jaw Worm","floor":5,"turns":4},{"damage":26,"enemies":"Large Slime","floor":6,"turns":6},{"damage":8,"enemies":"Blue Slaver","floor":11,"turns":4},{"damage":9,"enemies":"Looter","floor":14,"turns":3},{"damage":24,"enemies":"Slime Boss","floor":16,"turns":7}],"seed_played":"6576788439700382256","potions_obtained":[{"floor":5,"key":"FearPotion"},{"floor":6,"key":"SpeedPotion"},{"floor":11,"key":"Energy Potion"}],"is_trial":false,"path_per_floor":["M","?","?","M","M","M","R","$","T","$","M","?","R","M","R","B"],"character_chosen":"DEFECT","items_purchased":["DataDisk","Capacitor","Self Repair"],"campfire_rested":1,"item_purchase_floors":[8,8,10],"current_hp_per_floor":[62,51,51,47,38,12,33,33,33,33,32,32,32,23,23,0],"gold":170,"neow_bonus":"HUNDRED_GOLD","is_prod":false,"is_daily":false,"chose_seed":false,"campfire_upgraded":2,"win_rate":0,"timestamp":1556871528,"path_taken":["M","?","?","M","M","M","R","?","T","$","M","?","R","M","R","BOSS"],"build_version":"2019-01-23","purchased_purges":0,"victory":false,"max_hp_per_floor":[71,71,71,71,71,71,71,71,71,71,71,71,71,71,71,71],"card_choices":[{"not_picked":["Streamline","FTL"],"picked":"Capacitor","floor":1},{"not_picked":["Compile Driver","Leap"],"picked":"Cold Snap","floor":4},{"not_picked":["Redo","Go for the Eyes"],"picked":"Static Discharge","floor":5},{"not_picked":["Steam","Coolheaded"],"picked":"Sunder","floor":6},{"not_picked":["Aggregate","Fusion"],"picked":"Double Energy","floor":11},{"not_picked":["Scrape","Compile Driver","Hologram"],"picked":"SKIP","floor":14}],"player_experience":2880418,"relics_obtained":[{"floor":9,"key":"Tiny Chest"}],"event_choices":[{"damage_healed":0,"gold_gain":75,"player_choice":"Gather Gold","damage_taken":11,"max_hp_gain":0,"max_hp_loss":0,"event_name":"World of Goop","floor":2,"gold_loss":0},{"cards_removed":["Strike_B"],"damage_healed":0,"gold_gain":0,"player_choice":"Card Removal","damage_taken":0,"max_hp_gain":0,"max_hp_loss":0,"event_name":"The Cleric","floor":3,"gold_loss":75},{"damage_healed":0,"gold_gain":79,"player_choice":"Gained Gold","damage_taken":0,"max_hp_gain":0,"max_hp_loss":0,"event_name":"Golden Wing","floor":12,"gold_loss":0}],"is_beta":false,"boss_relics":[],"items_purged_floors":[],"is_endless":false,"potions_floor_spawned":[5,6,11],"killed_by":"Slime Boss","ascension_level":16}