{"gold_per_floor":[116,92,92,107,107,107,118,118,143,318,337,349,349,38,38,136,136,156,9,22,22],"floor_reached":21,"playtime":2070,"items_purged":[],"score":237,"play_id":"60b6b954-69d0-444e-b02c-747752649168","local_time":"20190126223034","is_ascension_mode":true,"campfire_choices":[{"data":"Thunder Strike","floor":6,"key":"SMITH"},{"data":"Capacitor","floor":8,"key":"SMITH"},{"floor":13,"key":"REST"},{"floor":15,"key":"REST"}],"neow_cost":"NONE","seed_source_timestamp":268335541522939,"circlet_count":0,"master_deck":["Zap","Dualcast","Thunder Strike+1","Storm","Leap","Regret","Capacitor+1","Cold Snap","Doubt","Melter","Coolheaded","Storm+1","Machine Learning+1","Multi-Cast","Rip and Tear","Thunder Strike","Fission","Double Energy","Blizzard","Buffer+1","Undo","Coolheaded+1","Chill","Storm+1","Compile Driver+1"],"relics":["Cracked Core","Girya","Lantern","Frozen Egg 2","Pandora\u0027s Box"],"potions_floor_usage":[11,21,21,21],"damage_taken":[{"damage":7,"enemies":"Small Slimes","floor":1,"turns":3},{"damage":6,"enemies":"2 Louse","floor":4,"turns":3},{"damage":18,"enemies":"Jaw Worm","floor":7,"turns":5},{"damage":0,"enemies":"Blue Slaver","floor":11,"turns":3},{"damage":22,"enemies":"Exordium Wildlife","floor":12,"turns":5},{"damage":36,"enemies":"The Guardian","floor":16,"turns":12},{"damage":31,"enemies":"Shell Parasite","floor":18,"turns":5},{"damage":14,"enemies":"Chosen","floor":20,"turns":3},{"damage":22,"enemies":"Centurion and Healer","floor":21,"turns":2}],"seed_played":"2205764392016540274","potions_obtained":[{"floor":1,"key":"Fire Potion"},{"floor":4,"key":"Fire Potion"},{"floor":12,"key":"Dexterity Potion"},{"floor":20,"key":"SkillPotion"}],"is_trial":false,"path_per_floor":["M","$","?","M","?","R","M","R","T","?","M","M","R","$","R","B",null,"M","$","M","M"],"character_chosen":"DEFECT","items_purchased":["Leap","Frozen Egg 2","Storm+1","Chill","Storm+1"],"campfire_rested":2,"item_purchase_floors":[2,14,14,19,19],"current_hp_per_floor":[61,61,61,55,55,55,37,37,37,37,37,15,37,37,59,23,62,31,31,17,0],"gold":22,"neow_bonus":"ONE_RANDOM_RARE_CARD","is_prod":false,"is_daily":false,"chose_seed":false,"campfire_upgraded":2,"win_rate":0,"timestamp":1548559834,"path_taken":["M","$","?","M","?","R","M","R","T","?","M","M","R","?","R","BOSS","M","$","M","M"],"build_version":"2019-01-23","purchased_purges":0,"victory":false,"max_hp_per_floor":[75,75,75,75,75,75,75,75,75,75,75,75,75,75,75,75,75,75,75,75,75],"card_choices":[{"not_picked":["Double Energy","Ball Lightning"],"picked":"Storm","floor":1},{"not_picked":["Stack","Turbo"],"picked":"Capacitor","floor":4},{"not_picked":["Compile Driver","Steam"],"picked":"Cold Snap","floor":7},{"not_picked":["Steam","Hello World"],"picked":"Melter","floor":11},{"not_picked":["Fission","Go for the Eyes"],"picked":"Coolheaded","floor":12},{"not_picked":["Multi-Cast","Core Surge"],"picked":"Machine Learning+1","floor":16},{"not_picked":["Redo","Turbo"],"picked":"Coolheaded+1","floor":18},{"not_picked":["Blizzard","Steam Power+1"],"picked":"Compile Driver+1","floor":20}],"player_experience":2023779,"relics_obtained":[{"floor":9,"key":"Lantern"}],"event_choices":[{"damage_healed":0,"gold_gain":0,"player_choice":"Box","damage_taken":0,"relics_obtained":["Girya"],"max_hp_gain":0,"max_hp_loss":0,"event_name":"Big Fish","floor":3,"gold_loss":0,"cards_obtained":["Regret"]},{"damage_healed":0,"gold_gain":0,"player_choice":"Ignored","damage_taken":0,"max_hp_gain":0,"max_hp_loss":0,"event_name":"Golden Idol","floor":5,"gold_loss":0},{"damage_healed":0,"gold_gain":175,"player_choice":"AGREE","damage_taken":0,"max_hp_gain":0,"max_hp_loss":0,"event_name":"Liars Game","floor":10,"gold_loss":0,"cards_obtained":["Doubt"]}],"is_beta":false,"boss_relics":[{"not_picked":["Philosopher\u0027s Stone","Coffee Dripper"],"picked":"Pandora\u0027s Box"}],"items_purged_floors":[],"is_endless":false,"potions_floor_spawned":[1,4,12,20],"killed_by":"Centurion and Healer","ascension_level":8}