{"gold_per_floor":[16,16,16,16,36,36,46,46,100,100,100,100,64,94,94,189,189,189,189,129,54,54,54,54,54,54,54,0,0,0,0,0,0,0,0,0,0,0,0,0,0,0,0,0,0,0,0,0,0,0],"floor_reached":50,"playtime":2695,"items_purged":["Strike_R"],"score":814,"play_id":"9768f6ae-d83c-4855-811a-586ad1135c13","local_time":"20190513001859","is_ascension_mode":true,"campfire_choices":[{"data":"Seeing Red","floor":6,"key":"SMITH"},{"data":"Combust","floor":8,"key":"SMITH"},{"data":"Bash","floor":11,"key":"SMITH"},{"data":"Rampage","floor":15,"key":"SMITH"},{"floor":23,"key":"REST"},{"floor":25,"key":"REST"},{"data":"Battle Trance","floor":27,"key":"SMITH"},{"data":"Defend_R","floor":30,"key":"SMITH"},{"data":"Berserk","floor":32,"key":"SMITH"},{"data":"Demon Form","floor":40,"key":"SMITH"},{"floor":42,"key":"REST"},{"data":"Reaper","floor":47,"key":"SMITH"},{"data":"Reaper","floor":49,"key":"SMITH"}],"neow_cost":"NO_GOLD","seed_source_timestamp":3752014377249229,"circlet_count":0,"master_deck":["AscendersBane","Strike_R+1","Strike_R","Strike_R+1","Defend_R+1","Defend_R+1","Defend_R+1","Defend_R+1","Bash+1","Battle Trance+1","Combust+1","Seeing Red+1","Rampage+1","Carnage+1","Clothesline+1","Reaper+1","Demon Form+1","Reaper+1"],"relics":["Burning Blood","Pocketwatch","War Paint","Ectoplasm","Nilry\u0027s Codex","Nloth\u0027s Gift","Whetstone","Happy Flower","Snecko Eye","Oddly Smooth Stone","CultistMask","FossilizedHelix"],"potions_floor_usage":[14,16,18,18,24,33,38,45,50,50],"damage_taken":[{"damage":1,"enemies":"Cultist","floor":1,"turns":4},{"damage":11,"enemies":"Jaw Worm","floor":5,"turns":3},{"damage":6,"enemies":"2 Louse","floor":7,"turns":2},{"damage":25,"enemies":"Lagavulin","floor":14,"turns":5},{"damage":21,"enemies":"Hexaghost","floor":16,"turns":8},{"damage":19,"enemies":"3 Byrds","floor":18,"turns":4},{"damage":26,"enemies":"2 Thieves","floor":20,"turns":4},{"damage":28,"enemies":"Sentry and Sphere","floor":24,"turns":5},{"damage":21,"enemies":"Gremlin Leader","floor":31,"turns":4},{"damage":57,"enemies":"Automaton","floor":33,"turns":8},{"damage":28,"enemies":"3 Darklings","floor":35,"turns":4},{"damage":16,"enemies":"Orb Walker","floor":37,"turns":3},{"damage":21,"enemies":"Transient","floor":38,"turns":5},{"damage":12,"enemies":"Spire Growth","floor":39,"turns":4},{"damage":15,"enemies":"Sphere and 2 Shapes","floor":45,"turns":4},{"damage":21,"enemies":"3 Darklings","floor":46,"turns":3},{"damage":21,"enemies":"Giant Head","floor":48,"turns":6},{"damage":114,"enemies":"Donu and Deca","floor":50,"turns":6}],"seed_played":"-8634489128512399927","potions_obtained":[{"floor":7,"key":"Energy Potion"},{"floor":14,"key":"Weak Potion"},{"floor":16,"key":"EntropicBrew"},{"floor":24,"key":"SteroidPotion"},{"floor":31,"key":"Regen Potion"},{"floor":35,"key":"PowerPotion"},{"floor":45,"key":"BloodPotion"},{"floor":46,"key":"Ancient Potion"}],"is_trial":false,"path_per_floor":["M","?","$","?","M","R","M","R","T","?","R","?","$","E","R","B",null,"M","?","M","$","?","R","M","R","T","R","?","?","R","E","R","B",null,"M","?","M","M","M","R","$","R","T","?","M","M","R","E","R","B"],"character_chosen":"IRONCLAD","items_purchased":["Rampage"],"campfire_rested":3,"item_purchase_floors":[13],"current_hp_per_floor":[77,82,82,82,77,77,77,77,77,77,77,60,60,41,41,26,70,57,41,21,21,21,46,24,49,49,49,49,77,77,62,62,26,70,62,62,58,47,45,45,45,70,70,70,61,76,76,70,70,0],"gold":0,"neow_bonus":"ONE_RARE_RELIC","is_prod":false,"is_daily":false,"chose_seed":false,"campfire_upgraded":10,"win_rate":0,"timestamp":1557699539,"path_taken":["M","?","$","?","M","R","M","R","T","?","R","?","$","E","R","BOSS","M","?","M","$","?","R","?","R","T","R","?","?","R","E","R","BOSS","M","?","M","M","M","R","$","R","T","?","?","?","R","E","R","BOSS"],"build_version":"2019-01-23","purchased_purges":1,"victory":false,"max_hp_per_floor":[80,85,85,85,85,85,85,85,85,85,85,85,85,85,85,85,85,85,85,85,85,85,85,85,85,85,85,85,85,85,85,85,85,85,85,85,85,85,85,85,85,85,85,85,85,85,85,85,85,85],"card_choices":[{"not_picked":["Clash","Entrench"],"picked":"Battle Trance","floor":1},{"not_picked":["Burning Pact","Second Wind"],"picked":"Seeing Red","floor":5},{"not_picked":["Perfected Strike","Havoc","Sever Soul"],"picked":"SKIP","floor":7},{"not_picked":["Wild Strike","True Grit","Combust"],"picked":"SKIP","floor":14},{"not_picked":["Exhume","Juggernaut"],"picked":"Berserk","floor":16},{"not_picked":["Sword Boomerang","Cleave"],"picked":"Carnage","floor":18},{"not_picked":["Combust","Hemokinesis","Thunderclap"],"picked":"SKIP","floor":20},{"not_picked":["Thunderclap","Anger","Cleave"],"picked":"SKIP","floor":24},{"not_picked":["Iron Wave","Dark Embrace"],"picked":"Clothesline+1","floor":31},{"not_picked":["Barricade","Fiend Fire"],"picked":"Reaper","floor":33},{"not_picked":["Corruption+1","Clothesline+1","Dual Wield"],"picked":"SKIP","floor":35},{"not_picked":["Havoc","Burning Pact","Clash"],"picked":"SKIP","floor":37},{"not_picked":["Heavy Blade","Clash","Disarm"],"picked":"SKIP","floor":38},{"not_picked":["Warcry","Flame Barrier"],"picked":"Demon Form","floor":39},{"not_picked":["Hemokinesis+1","Second Wind","Iron Wave"],"picked":"SKIP","floor":45},{"not_picked":["Entrench","True Grit","Uppercut"],"picked":"SKIP","floor":46},{"not_picked":["Shrug It Off","True Grit+1"],"picked":"Reaper","floor":48}],"player_experience":530866,"relics_obtained":[{"floor":9,"key":"Orichalcum"},{"floor":14,"key":"War Paint"},{"floor":19,"key":"Nilry\u0027s Codex"},{"floor":26,"key":"Whetstone"},{"floor":31,"key":"Happy Flower"},{"floor":43,"key":"Oddly Smooth Stone"},{"floor":48,"key":"FossilizedHelix"}],"event_choices":[{"damage_healed":0,"gold_gain":0,"player_choice":"Donut","damage_taken":0,"max_hp_gain":5,"max_hp_loss":0,"event_name":"Big Fish","floor":2,"gold_loss":0},{"damage_healed":0,"gold_gain":0,"cards_transformed":["Strike_R"],"player_choice":"Change","damage_taken":0,"max_hp_gain":0,"max_hp_loss":0,"event_name":"Living Wall","floor":4,"gold_loss":0,"cards_obtained":["Combust"]},{"damage_healed":0,"gold_gain":0,"player_choice":"Ignored","damage_taken":0,"max_hp_gain":0,"max_hp_loss":0,"event_name":"Liars Game","floor":10,"gold_loss":0},{"damage_healed":0,"gold_gain":0,"player_choice":"Entered Light","damage_taken":17,"max_hp_gain":0,"max_hp_loss":0,"event_name":"Shining Light","floor":12,"gold_loss":0,"cards_upgraded":["Defend_R","Strike_R"]},{"damage_healed":0,"gold_gain":0,"player_choice":"Obtained Book","damage_taken":16,"max_hp_gain":0,"max_hp_loss":0,"event_name":"Cursed Tome","floor":19,"gold_loss":0},{"damage_healed":0,"gold_gain":0,"player_choice":"Traded Relic","damage_taken":0,"relics_obtained":["Nloth\u0027s Gift"],"max_hp_gain":0,"max_hp_loss":0,"event_name":"N\u0027loth","floor":22,"relics_lost":["Orichalcum"],"gold_loss":0},{"damage_healed":0,"gold_gain":0,"player_choice":"Paid Fearfully","damage_taken":0,"max_hp_gain":0,"max_hp_loss":0,"event_name":"Masked Bandits","floor":28,"gold_loss":54},{"damage_healed":28,"gold_gain":0,"player_choice":"Heal","damage_taken":0,"max_hp_gain":0,"max_hp_loss":0,"event_name":"The Library","floor":29,"gold_loss":0},{"cards_removed":["Berserk"],"damage_healed":0,"gold_gain":0,"player_choice":"Removed Power","damage_taken":0,"max_hp_gain":0,"max_hp_loss":0,"event_name":"Falling","floor":36,"gold_loss":0},{"damage_healed":0,"gold_gain":0,"player_choice":"Trade","damage_taken":0,"relics_obtained":["CultistMask"],"max_hp_gain":0,"max_hp_loss":0,"event_name":"FaceTrader","floor":44,"gold_loss":0}],"is_beta":false,"boss_relics":[{"not_picked":["Calling Bell","Cursed Key"],"picked":"Ectoplasm"},{"not_picked":["Astrolabe","Tiny House"],"picked":"Snecko Eye"}],"items_purged_floors":[21],"is_endless":false,"potions_floor_spawned":[7,14,16,24,31,35,45,46,48],"killed_by":"Donu and Deca","ascension_level":12}