{"gold_per_floor":[119,134,309,309,309,321,358,385,424,436,448,460,12,22,22,22],"floor_reached":16,"playtime":2672,"items_purged":[],"score":142,"play_id":"f80e3038-06bc-48b3-9013-90c221b52aa7","local_time":"20190304000947","is_ascension_mode":true,"campfire_choices":[{"data":"Neutralize","floor":6.0,"key":"SMITH"},{"floor":10.0,"key":"REST"},{"data":"Calculated Gamble","floor":15.0,"key":"SMITH"}],"neow_cost":"NONE","seed_source_timestamp":0,"circlet_count":0,"master_deck":["Defend_G","Defend_G","Defend_G","Defend_G","Defend_G","Strike_G+1","Strike_G+1","Strike_G","Strike_G","Strike_G","Survivor","Neutralize+1","Well Laid Plans","Prepared","Doubt","Regret","Calculated Gamble+1","Tactician","Unload","Sucker Punch"],"special_seed":0,"relics":["Ring of the Snake","MawBank","Bottled Lightning","Potion Belt","Tingsha"],"potions_floor_usage":[16,16],"damage_taken":[{"damage":0.0,"enemies":"Small Slimes","floor":1.0,"turns":3.0},{"damage":1.0,"enemies":"2 Louse","floor":2.0,"turns":3.0},{"damage":33.0,"enemies":"3 Sentries","floor":7.0,"turns":12.0},{"damage":4.0,"enemies":"Jaw Worm","floor":8.0,"turns":4.0},{"damage":5.0,"enemies":"Looter","floor":14.0,"turns":3.0},{"damage":40,"enemies":"Slime Boss","floor":16,"turns":7}],"seed_played":"-2683217798329647448","potions_obtained":[{"floor":1.0,"key":"SkillPotion"},{"floor":7.0,"key":"Block Potion"},{"floor":8.0,"key":"GamblersBrew"}],"is_trial":false,"path_per_floor":["M","M","?","?","?","R","E","M","T","R","$","?","$","M","R","B"],"character_chosen":"THE_SILENT","items_purchased":["Tingsha","Unload"],"campfire_rested":1,"item_purchase_floors":[13,13],"current_hp_per_floor":[70,69,69,54,54,54,21,17,17,40,40,40,40,35,35,0],"gold":22,"neow_bonus":"TEN_PERCENT_HP_BONUS","is_prod":false,"is_daily":false,"chose_seed":false,"campfire_upgraded":2,"win_rate":0,"timestamp":1551676187,"path_taken":["M","M","?","?","?","R","E","?","T","R","$","?","$","M","R","BOSS"],"build_version":"2019-01-23","purchased_purges":0,"victory":false,"max_hp_per_floor":[77,77,77,77,77,77,77,77,77,77,77,77,77,77,77,77],"card_choices":[{"not_picked":["Choke","Dagger Spray"],"picked":"Well Laid Plans","floor":1.0},{"not_picked":["Skewer","Outmaneuver"],"picked":"Prepared","floor":2.0},{"not_picked":["Flying Knee","Outmaneuver"],"picked":"Calculated Gamble","floor":7.0},{"not_picked":["Acrobatics","Bane"],"picked":"Tactician","floor":8.0},{"not_picked":["Slice","Choke"],"picked":"Sucker Punch","floor":14.0}],"player_experience":2333460,"relics_obtained":[{"floor":7.0,"key":"Bottled Lightning"},{"floor":9.0,"key":"Potion Belt"}],"event_choices":[{"damage_healed":0.0,"max_hp_gain":0.0,"max_hp_loss":0.0,"gold_gain":175.0,"event_name":"Liars Game","player_choice":"AGREE","floor":3.0,"gold_loss":0.0,"damage_taken":0.0,"cards_obtained":["Doubt"]},{"damage_healed":0.0,"max_hp_gain":0.0,"max_hp_loss":0.0,"gold_gain":0.0,"event_name":"Shining Light","player_choice":"Entered Light","floor":4.0,"gold_loss":0.0,"damage_taken":15.0,"cards_upgraded":["Strike_G","Strike_G"]},{"damage_healed":0.0,"max_hp_gain":0.0,"max_hp_loss":0.0,"gold_gain":0.0,"event_name":"Big Fish","player_choice":"Box","floor":5.0,"gold_loss":0.0,"damage_taken":0.0,"relics_obtained":["MawBank"],"cards_obtained":["Regret"]},{"damage_healed":0.0,"max_hp_gain":0.0,"max_hp_loss":0.0,"gold_gain":0.0,"event_name":"Golden Idol","player_choice":"Ignored","floor":12.0,"gold_loss":0.0,"damage_taken":0.0}],"is_beta":false,"boss_relics":[],"items_purged_floors":[],"is_endless":false,"potions_floor_spawned":[1,7,8],"killed_by":"Slime Boss","ascension_level":9}