{"gold_per_floor":[115,115,131,406,107,107,142,142,168,23,46,67,105,120,120,243,243,268,283,283,308,40,40,64,64,133,133,232,232,232,246,246,349,349,359,370,9,20,120,90,90,103,103,103,118,135,135,22,22,22],"floor_reached":51,"playtime":3735,"items_purged":["Regret","Injury","Strike_G","Strike_G"],"score":1011,"play_id":"aebd46ce-581f-42ab-9518-b2b70e6e6cd7","local_time":"20190514131741","is_ascension_mode":true,"campfire_choices":[{"data":"Neutralize","floor":6,"key":"SMITH"},{"data":"Backflip","floor":8,"key":"SMITH"},{"floor":15,"key":"REST"},{"floor":23,"key":"REST"},{"floor":27,"key":"REST"},{"data":"Envenom","floor":29,"key":"SMITH"},{"floor":32,"key":"REST"},{"floor":44,"key":"REST"},{"data":"Burst","floor":49,"key":"SMITH"}],"neow_cost":"NONE","seed_source_timestamp":1620407758596773,"circlet_count":0,"master_deck":["AscendersBane","Defend_G","Defend_G","Defend_G","Defend_G","Survivor","Neutralize+1","Deadly Poison","Deadly Poison","Footwork","Backflip+1","Deadly Poison","Noxious Fumes","Crippling Poison","Deflect","Slice","A Thousand Cuts","Prepared","Riddle With Holes","Dodge and Roll","Deflect","Envenom+1","Deflect","Burst+1","Footwork+1","Prepared","Deadly Poison","Deflect","Prepared+1","Swift Strike","Malaise","Well Laid Plans","Blur","Dodge and Roll+1","Crippling Poison+1","Slice","Deadly Poison"],"relics":["Ring of the Snake","Bloody Idol","Dream Catcher","Blood Vial","Happy Flower","Bag of Preparation","WristBlade","Snake Skull","The Courier","Orrery","Unceasing Top","Mummified Hand"],"potions_floor_usage":[7,12,16,24,31,33,33,36,38,38,42,50,50],"damage_taken":[{"damage":0,"enemies":"2 Louse","floor":1,"turns":4},{"damage":1,"enemies":"Small Slimes","floor":3,"turns":4},{"damage":19,"enemies":"Gremlin Nob","floor":7,"turns":5},{"damage":0,"enemies":"Cultist","floor":11,"turns":3},{"damage":3,"enemies":"Looter","floor":12,"turns":4},{"damage":14,"enemies":"Lagavulin","floor":13,"turns":6},{"damage":0,"enemies":"Large Slime","floor":14,"turns":6},{"damage":18,"enemies":"The Guardian","floor":16,"turns":8},{"damage":20,"enemies":"Spheric Guardian","floor":18,"turns":5},{"damage":13,"enemies":"Shell Parasite","floor":19,"turns":6},{"damage":9,"enemies":"Shelled Parasite and Fungi","floor":21,"turns":7},{"damage":35,"enemies":"Snake Plant","floor":24,"turns":6},{"damage":12,"enemies":"3 Cultists","floor":31,"turns":5},{"damage":41,"enemies":"Champ","floor":33,"turns":12},{"damage":17,"enemies":"3 Shapes","floor":35,"turns":5},{"damage":6,"enemies":"Orb Walker","floor":36,"turns":5},{"damage":21,"enemies":"4 Shapes","floor":38,"turns":5},{"damage":19,"enemies":"Mind Bloom Boss Battle","floor":39,"turns":9},{"damage":28,"enemies":"Sphere and 2 Shapes","floor":42,"turns":9},{"damage":0,"enemies":"Spire Growth","floor":45,"turns":5},{"damage":0,"enemies":"4 Shapes","floor":46,"turns":5},{"damage":45,"enemies":"Awakened One","floor":50,"turns":20}],"seed_played":"6368681751679191910","potions_obtained":[{"floor":1,"key":"EssenceOfSteel"},{"floor":3,"key":"AttackPotion"},{"floor":7,"key":"Block Potion"},{"floor":14,"key":"Poison Potion"},{"floor":19,"key":"Weak Potion"},{"floor":21,"key":"SteroidPotion"},{"floor":24,"key":"Dexterity Potion"},{"floor":31,"key":"EssenceOfSteel"},{"floor":35,"key":"SneckoOil"},{"floor":36,"key":"Energy Potion"},{"floor":42,"key":"GhostInAJar"},{"floor":45,"key":"SteroidPotion"}],"is_trial":false,"path_per_floor":["M","?","M","?","$","R","E","R","T","$","M","M","E","M","R","B",null,"M","M","?","M","$","R","M","?","T","R","?","R","?","M","R","B",null,"M","M","$","M","?","$","?","M","T","R","M","M","?","$","R","B",null],"character_chosen":"THE_SILENT","items_purchased":["Footwork","Dream Catcher","Deadly Poison","Snake Skull","Swift Strike","Regen Potion","Malaise","Well Laid Plans","Slice","Deadly Poison","Weak Potion"],"campfire_rested":5,"item_purchase_floors":[5,5,10,22,37,37,37,40,48,48,48],"current_hp_per_floor":[70,70,69,69,69,69,50,50,50,50,52,51,39,41,64,48,70,52,41,41,34,34,57,24,24,24,47,47,47,47,42,65,31,66,56,57,57,58,46,46,46,25,25,48,55,62,62,62,62,19],"gold":22,"neow_bonus":"TEN_PERCENT_HP_BONUS","is_prod":false,"is_daily":false,"chose_seed":false,"campfire_upgraded":4,"win_rate":0,"timestamp":1557848861,"path_taken":["M","?","M","?","$","R","E","R","T","$","M","?","E","M","R","BOSS","M","M","?","M","$","R","M","?","T","R","?","R","?","M","R","BOSS","M","M","$","M","?","?","?","M","T","R","M","M","?","$","R","BOSS"],"build_version":"2019-01-23","purchased_purges":4,"victory":true,"max_hp_per_floor":[77,77,77,77,77,77,77,77,77,77,77,77,77,77,77,77,77,77,77,77,77,77,77,77,77,77,77,77,77,77,77,77,77,77,77,77,77,77,77,77,77,77,77,77,77,77,77,77,77,77],"card_choices":[{"not_picked":["Concentrate","Underhanded Strike"],"picked":"Deadly Poison","floor":1},{"not_picked":["Backflip","Poisoned Stab"],"picked":"Deadly Poison","floor":3},{"not_picked":["Choke","Acrobatics"],"picked":"Backflip","floor":7},{"not_picked":["Unload","Sucker Punch"],"picked":"Noxious Fumes","floor":11},{"not_picked":["Cloak And Dagger","Caltrops","Sucker Punch"],"picked":"SKIP","floor":12},{"not_picked":["Escape Plan","Backflip"],"picked":"Crippling Poison","floor":13},{"not_picked":["Calculated Gamble","Quick Slash"],"picked":"Deflect","floor":14},{"not_picked":["Backflip","Die Die Die"],"picked":"Slice","floor":15},{"not_picked":["Phantasmal Killer","Glass Knife"],"picked":"A Thousand Cuts","floor":16},{"not_picked":["Expertise","Dagger Throw","Acrobatics"],"picked":"SKIP","floor":18},{"not_picked":["Backflip","Distraction"],"picked":"Prepared","floor":19},{"not_picked":["Bane","Predator"],"picked":"Deflect","floor":21},{"not_picked":["Endless Agony+1","Prepared"],"picked":"Envenom","floor":23},{"not_picked":["Skewer","Quick Slash"],"picked":"Deflect","floor":24},{"not_picked":["Leg Sweep+1","Blade Dance","Grand Finale"],"picked":"SKIP","floor":31},{"not_picked":["Malaise","Storm of Steel"],"picked":"Burst","floor":33},{"not_picked":["Dash","Noxious Fumes"],"picked":"Footwork+1","floor":34},{"not_picked":["Concentrate","PiercingWail"],"picked":"Prepared","floor":34},{"not_picked":["Bane","PiercingWail"],"picked":"Deadly Poison","floor":34},{"not_picked":["Prepared","Underhanded Strike"],"picked":"Deflect","floor":34},{"not_picked":["Tactician","Infinite Blades","PiercingWail+1"],"picked":"SKIP","floor":35},{"not_picked":["Cloak And Dagger","Footwork"],"picked":"Prepared+1","floor":36},{"not_picked":["Dash","Underhanded Strike","Doppelganger"],"picked":"SKIP","floor":38},{"not_picked":["Sucker Punch","Underhanded Strike"],"picked":"Blur","floor":42},{"not_picked":["Dash+1","Tools of the Trade"],"picked":"Dodge and Roll+1","floor":44},{"not_picked":["Masterful Stab","Deadly Poison+1"],"picked":"Crippling Poison+1","floor":45},{"not_picked":["Blade Dance","Deflect","Slice+1"],"picked":"SKIP","floor":46}],"player_experience":1208991,"relics_obtained":[{"floor":7,"key":"Blood Vial"},{"floor":9,"key":"Happy Flower"},{"floor":13,"key":"Bag of Preparation"},{"floor":26,"key":"The Courier"},{"floor":39,"key":"Unceasing Top"},{"floor":43,"key":"Mummified Hand"}],"event_choices":[{"damage_healed":0,"gold_gain":0,"player_choice":"Take Wound","damage_taken":0,"relics_obtained":["Golden Idol"],"max_hp_gain":0,"max_hp_loss":0,"event_name":"Golden Idol","floor":2,"gold_loss":0,"cards_obtained":["Injury"]},{"damage_healed":0,"gold_gain":275,"player_choice":"Desecrate","damage_taken":0,"max_hp_gain":0,"max_hp_loss":0,"event_name":"Golden Shrine","floor":4,"gold_loss":0,"cards_obtained":["Regret"]},{"damage_healed":0,"gold_gain":0,"cards_transformed":["Strike_G","Strike_G"],"player_choice":"Became Test Subject","damage_taken":0,"max_hp_gain":0,"max_hp_loss":0,"event_name":"Drug Dealer","floor":20,"gold_loss":0,"cards_obtained":["Riddle With Holes","Dodge and Roll"]},{"cards_removed":["Defend_G"],"damage_healed":0,"gold_gain":0,"player_choice":"Elegance","damage_taken":0,"max_hp_gain":0,"max_hp_loss":0,"event_name":"Back to Basics","floor":25,"gold_loss":0},{"damage_healed":0,"gold_gain":99,"player_choice":"Stole From Cult","damage_taken":0,"max_hp_gain":0,"max_hp_loss":0,"event_name":"Nest","floor":28,"gold_loss":0},{"damage_healed":0,"gold_gain":0,"player_choice":"Gave Idol","damage_taken":0,"relics_obtained":["Bloody Idol"],"max_hp_gain":0,"max_hp_loss":0,"event_name":"Forgotten Altar","floor":30,"relics_lost":["Golden Idol"],"gold_loss":0},{"damage_healed":0,"gold_gain":0,"player_choice":"Fight","damage_taken":0,"max_hp_gain":0,"max_hp_loss":0,"event_name":"MindBloom","floor":39,"gold_loss":0},{"cards_removed":["Strike_G"],"damage_healed":0,"gold_gain":0,"player_choice":"Removed Attack","damage_taken":0,"max_hp_gain":0,"max_hp_loss":0,"event_name":"Falling","floor":41,"gold_loss":0},{"damage_healed":0,"gold_gain":0,"player_choice":"Ignored","damage_taken":0,"max_hp_gain":0,"max_hp_loss":0,"event_name":"Mysterious Sphere","floor":47,"gold_loss":0}],"is_beta":false,"boss_relics":[{"not_picked":["Philosopher\u0027s Stone","Pandora\u0027s Box"],"picked":"WristBlade"},{"not_picked":["White Beast Statue","Runic Dome"],"picked":"Orrery"}],"items_purged_floors":[5,10,22,37],"is_endless":false,"potions_floor_spawned":[1,3,7,14,19,21,24,31,35,36,42,45],"ascension_level":10}