{"gold_per_floor":[219,232,232,242,47,47,47,122,146,146,158,219,247,261,261,358,408,443,483,483,77,77,77],"floor_reached":23,"playtime":4791,"items_purged":["Regret"],"score":264,"play_id":"cd139772-00b7-4673-9339-45c81ec998a1","local_time":"20190214165701","is_ascension_mode":true,"campfire_choices":[{"data":"HandOfGreed","floor":6,"key":"SMITH"},{"data":"Neutralize","floor":10,"key":"SMITH"},{"floor":15,"key":"REST"}],"neow_cost":"NONE","seed_source_timestamp":0,"circlet_count":0,"master_deck":["Defend_G","Defend_G","Defend_G","Defend_G","Defend_G+1","Strike_G","Strike_G","Strike_G","Strike_G","Strike_G","Survivor","Neutralize+1","Dash","Acrobatics","Backflip","HandOfGreed+1","Dodge and Roll","Backstab","Deflect","Adrenaline","Poisoned Stab","Prepared+1","Prepared+1","Magnetism","Writhe"],"special_seed":0,"relics":["Ring of the Snake","Matryoshka","Darkstone Periapt","Pen Nib","The Specimen","Tiny House","PreservedInsect","Strawberry"],"potions_floor_usage":[13,16,16,19,23],"damage_taken":[{"damage":2.0,"enemies":"Jaw Worm","floor":1.0,"turns":5.0},{"damage":0.0,"enemies":"2 Louse","floor":2.0,"turns":2.0},{"damage":0,"enemies":"Small Slimes","floor":4,"turns":3},{"damage":12,"enemies":"Exordium Thugs","floor":11,"turns":4},{"damage":5,"enemies":"3 Louse","floor":12,"turns":4},{"damage":15,"enemies":"Lagavulin","floor":13,"turns":6},{"damage":0,"enemies":"Blue Slaver","floor":14,"turns":3},{"damage":41,"enemies":"Hexaghost","floor":16,"turns":13},{"damage":26,"enemies":"Spheric Guardian","floor":18,"turns":6},{"damage":0,"enemies":"3 Byrds","floor":19,"turns":2},{"damage":53,"enemies":"Slavers","floor":23,"turns":5}],"seed_played":"5733566242723481615","potions_obtained":[{"floor":4,"key":"SpeedPotion"},{"floor":11,"key":"SkillPotion"},{"floor":13,"key":"FearPotion"},{"floor":17,"key":"LiquidBronze"},{"floor":18,"key":"GamblersBrew"},{"floor":19,"key":"Block Potion"}],"is_trial":false,"path_per_floor":["M","M","$","M","$","R","?","?","T","R","M","M","E","M","R","B",null,"M","M","?","$","?","E"],"character_chosen":"THE_SILENT","items_purchased":["HandOfGreed","PreservedInsect","Magnetism"],"campfire_rested":1,"item_purchase_floors":[5,21,21],"current_hp_per_floor":[68,68,68,68,68,68,68,57,57,57,45,40,25,25,46,5,59,33,33,33,33,46,0],"gold":77,"neow_bonus":"HUNDRED_GOLD","is_prod":false,"is_daily":false,"chose_seed":false,"campfire_upgraded":2,"win_rate":0,"timestamp":1550181421,"path_taken":["M","M","$","M","$","R","?","?","T","R","M","M","E","M","R","BOSS","M","M","?","$","?","E"],"build_version":"2019-01-23","purchased_purges":1,"victory":false,"max_hp_per_floor":[70,70,70,70,70,70,70,70,70,70,70,70,70,70,70,70,75,75,75,75,75,88,88],"card_choices":[{"not_picked":["Dagger Throw","Cloak And Dagger"],"picked":"Dash","floor":1.0},{"not_picked":["Crippling Poison","Dagger Throw"],"picked":"Acrobatics","floor":2.0},{"not_picked":["Predator","Prepared"],"picked":"Backflip","floor":4},{"not_picked":["Dagger Throw","Deadly Poison"],"picked":"Dodge and Roll","floor":11},{"not_picked":["Choke","Wraith Form v2"],"picked":"Backstab","floor":12},{"not_picked":["Slice","Dagger Throw","Blade Dance"],"picked":"SKIP","floor":13},{"not_picked":["Blade Dance","Outmaneuver"],"picked":"Deflect","floor":14},{"not_picked":["Grand Finale","A Thousand Cuts"],"picked":"Adrenaline","floor":16},{"not_picked":["Dagger Spray","Blade Dance"],"picked":"Poisoned Stab","floor":17},{"not_picked":["Backflip+1","Storm of Steel"],"picked":"Prepared+1","floor":18},{"not_picked":["Outmaneuver","Slice"],"picked":"Prepared+1","floor":19}],"player_experience":2133329,"relics_obtained":[{"floor":9,"key":"Darkstone Periapt"},{"floor":9,"key":"Pen Nib"},{"floor":13,"key":"The Specimen"}],"event_choices":[{"damage_healed":0,"gold_gain":0,"player_choice":"Box","damage_taken":0,"relics_obtained":["Matryoshka"],"max_hp_gain":0,"max_hp_loss":0,"event_name":"Big Fish","floor":7,"gold_loss":0,"cards_obtained":["Regret"]},{"damage_healed":0,"gold_gain":75,"player_choice":"Gather Gold","damage_taken":11,"max_hp_gain":0,"max_hp_loss":0,"event_name":"World of Goop","floor":8,"gold_loss":0},{"damage_healed":0,"gold_gain":0,"player_choice":"Ignored","damage_taken":0,"max_hp_gain":0,"max_hp_loss":0,"event_name":"Ghosts","floor":20,"gold_loss":0},{"damage_healed":0,"gold_gain":0,"player_choice":"Opened","damage_taken":0,"relics_obtained":["Strawberry"],"max_hp_gain":0,"max_hp_loss":0,"event_name":"The Mausoleum","floor":22,"gold_loss":0,"cards_obtained":["Writhe"]}],"is_beta":false,"boss_relics":[{"not_picked":["Empty Cage","Sozu"],"picked":"Tiny House"}],"items_purged_floors":[21],"is_endless":false,"potions_floor_spawned":[4,11,13,18,19],"killed_by":"Slavers","ascension_level":5}