{"gold_per_floor":[111,36,54,54,54,86,86,116,141,141,160,160,188,202,202,273,273,288,149,149,161,161,161,193,193],"floor_reached":25,"playtime":1102,"items_purged":["Defend_R","Strike_R"],"score":459,"play_id":"98d97ba5-6d5b-411f-a6a6-912c2215715e","local_time":"20190520122302","is_ascension_mode":true,"campfire_choices":[{"data":"Searing Blow","floor":10,"key":"SMITH"},{"data":"Searing Blow+1","floor":12,"key":"SMITH"},{"data":"Metallicize","floor":15,"key":"SMITH"},{"data":"Dual Wield","floor":23,"key":"SMITH"}],"neow_cost":"NONE","seed_source_timestamp":4401869321997602,"circlet_count":0,"master_deck":["AscendersBane","Strike_R","Strike_R","Strike_R","Defend_R","Bash","Flame Barrier","Metallicize+1","Clash","Searing Blow+2","Clash","Shrug It Off","Second Wind","Dual Wield+1","Infernal Blade"],"relics":["Burning Blood","NeowsBlessing","Happy Flower","Darkstone Periapt","Vajra","Nunchaku","Empty Cage","Mercury Hourglass"],"potions_floor_usage":[13,16,16,25],"damage_taken":[{"damage":0,"enemies":"Cultist","floor":1,"turns":1},{"damage":0,"enemies":"2 Louse","floor":3,"turns":1},{"damage":0,"enemies":"Lagavulin","floor":6,"turns":1},{"damage":38,"enemies":"Gremlin Nob","floor":8,"turns":5},{"damage":0,"enemies":"Small Slimes","floor":11,"turns":3},{"damage":7,"enemies":"3 Sentries","floor":13,"turns":5},{"damage":2,"enemies":"Gremlin Gang","floor":14,"turns":5},{"damage":19,"enemies":"Hexaghost","floor":16,"turns":11},{"damage":11,"enemies":"Shell Parasite","floor":18,"turns":4},{"damage":14,"enemies":"Spheric Guardian","floor":21,"turns":4},{"damage":55,"enemies":"Gremlin Leader","floor":24,"turns":8},{"damage":14,"enemies":"Centurion and Healer","floor":25,"turns":1}],"seed_played":"-2626039318197565755","potions_obtained":[{"floor":1,"key":"Block Potion"},{"floor":7,"key":"BloodPotion"},{"floor":8,"key":"AttackPotion"},{"floor":14,"key":"GamblersBrew"},{"floor":24,"key":"Strength Potion"}],"is_trial":false,"path_per_floor":["M","$","M","?","$","E","?","E","T","R","M","R","E","M","R","B",null,"M","$","?","M","?","R","E","M"],"character_chosen":"IRONCLAD","items_purchased":["Dual Wield"],"campfire_rested":0,"item_purchase_floors":[19],"current_hp_per_floor":[74,74,75,80,80,80,80,48,48,48,54,54,53,57,57,44,71,66,66,66,58,58,58,9,0],"gold":193,"neow_bonus":"THREE_ENEMY_KILL","is_prod":false,"is_daily":false,"chose_seed":false,"campfire_upgraded":4,"win_rate":0,"timestamp":1558347782,"path_taken":["M","$","?","?","$","E","?","E","T","R","M","R","E","?","R","BOSS","M","$","?","?","?","R","E","M"],"build_version":"2019-01-23","purchased_purges":2,"victory":false,"max_hp_per_floor":[75,75,75,80,80,80,80,80,80,80,80,80,80,80,80,80,80,80,80,80,80,80,80,80,80],"card_choices":[{"not_picked":["Evolve","Battle Trance"],"picked":"Flame Barrier","floor":1},{"not_picked":["Corruption","Pommel Strike"],"picked":"Metallicize","floor":3},{"not_picked":["Carnage","Rupture"],"picked":"Clash","floor":6},{"not_picked":["Perfected Strike","Clothesline"],"picked":"Searing Blow","floor":8},{"not_picked":["Corruption","Hemokinesis"],"picked":"Clash","floor":11},{"not_picked":["Dropkick","Armaments"],"picked":"Shrug It Off","floor":13},{"not_picked":["Havoc","Clash"],"picked":"Second Wind","floor":14},{"not_picked":["Thunderclap","True Grit","Clothesline"],"picked":"SKIP","floor":18},{"not_picked":["Shockwave","Power Through","True Grit"],"picked":"SKIP","floor":21},{"not_picked":["Headbutt+1","Fiend Fire","Reckless Charge"],"picked":"SKIP","floor":24}],"player_experience":568904,"relics_obtained":[{"floor":6,"key":"Happy Flower"},{"floor":8,"key":"Darkstone Periapt"},{"floor":9,"key":"Vajra"},{"floor":13,"key":"Nunchaku"},{"floor":24,"key":"Mercury Hourglass"}],"event_choices":[{"damage_healed":0,"gold_gain":0,"player_choice":"Donut","damage_taken":0,"max_hp_gain":5,"max_hp_loss":0,"event_name":"Big Fish","floor":4,"gold_loss":0},{"damage_healed":0,"gold_gain":0,"player_choice":"Got Potions","damage_taken":0,"max_hp_gain":0,"max_hp_loss":0,"event_name":"Lab","floor":7,"gold_loss":0},{"damage_healed":0,"gold_gain":0,"cards_transformed":["Strike_R"],"player_choice":"Transformed","damage_taken":0,"max_hp_gain":0,"max_hp_loss":0,"event_name":"Transmorgrifier","floor":20,"gold_loss":0,"cards_obtained":["Infernal Blade"]},{"damage_healed":0,"gold_gain":0,"player_choice":"Ignored","damage_taken":0,"max_hp_gain":0,"max_hp_loss":0,"event_name":"Ghosts","floor":22,"gold_loss":0}],"is_beta":false,"boss_relics":[{"not_picked":["Runic Cube","Philosopher\u0027s Stone"],"picked":"Empty Cage"}],"items_purged_floors":[2,19],"is_endless":false,"potions_floor_spawned":[1,8,11,14,24],"killed_by":"Centurion and Healer","ascension_level":15}