{"gold_per_floor":[18,18,33,208,222,222,222,253,302,302,175,175,190,216,216,321,321,335,250,250,264,75,75,75,75,75,75,88,103,156,171,171,268,268,284,115,135,181,197,197,207,224,306,306,306,306,306,323,323,323],"floor_reached":50,"playtime":3928,"items_purged":["Doubt"],"score":473,"play_id":"3d4134bc-6442-4efb-a420-e094eb778ad2","local_time":"20181212004315","is_ascension_mode":true,"campfire_choices":[{"floor":6,"key":"RECALL"},{"data":"Hologram","floor":7,"key":"SMITH"},{"floor":10,"key":"REST"},{"floor":15,"key":"REST"},{"data":"Zap","floor":23,"key":"SMITH"},{"data":"Redo","floor":24,"key":"SMITH"},{"data":"Conserve Battery","floor":27,"key":"SMITH"},{"floor":32,"key":"REST"},{"data":"Darkness","floor":40,"key":"SMITH"},{"floor":45,"key":"REST"},{"data":"Magnetism","floor":47,"key":"SMITH"},{"data":"Chaos","floor":49,"key":"SMITH"}],"neow_cost":"NO_GOLD","seed_source_timestamp":468543595341057,"circlet_count":0,"master_deck":["Strike_B","Strike_B","Strike_B+1","Strike_B","Defend_B+1","Defend_B","Defend_B+1","Defend_B+1","Zap+1","Dualcast+1","Sweeping Beam","Go for the Eyes+1","Hologram+1","Redo+1","Conserve Battery+1","Steam","Sunder","Core Surge","Ball Lightning+1","Panache","FTL","Leap+1","Darkness+1","Reboot","Go for the Eyes+1","Magnetism+1","Tempest","Scrape+1","Aggregate","Self Repair+1","Parasite","White Noise+1","Chaos+1"],"relics":["Cracked Core","WingedGreaves","Oddly Smooth Stone","War Paint","Kunai","Whetstone","Lizard Tail","Strawberry","Sundial","Bronze Scales","Inserter","Calipers","Question Card"],"potions_floor_usage":[8,14,28,33,35,37,39,50],"damage_taken":[{"damage":2,"enemies":"2 Louse","floor":1,"turns":2},{"damage":3,"enemies":"Jaw Worm","floor":3,"turns":2},{"damage":6,"enemies":"Small Slimes","floor":5,"turns":3},{"damage":35,"enemies":"Lagavulin","floor":8,"turns":7},{"damage":2,"enemies":"Exordium Wildlife","floor":13,"turns":3},{"damage":27,"enemies":"3 Sentries","floor":14,"turns":13},{"damage":27,"enemies":"Slime Boss","floor":16,"turns":13},{"damage":17,"enemies":"2 Thieves","floor":18,"turns":3},{"damage":13,"enemies":"3 Byrds","floor":21,"turns":5},{"damage":14,"enemies":"Centurion and Healer","floor":28,"turns":5},{"damage":6,"enemies":"Snake Plant","floor":29,"turns":5},{"damage":2,"enemies":"Shelled Parasite and Fungi","floor":31,"turns":5},{"damage":27,"enemies":"Champ","floor":33,"turns":14},{"damage":12,"enemies":"3 Darklings","floor":35,"turns":4},{"damage":7,"enemies":"3 Shapes","floor":37,"turns":6},{"damage":64,"enemies":"2 Orb Walkers","floor":38,"turns":6},{"damage":20,"enemies":"3 Darklings","floor":39,"turns":5},{"damage":1,"enemies":"4 Shapes","floor":41,"turns":6},{"damage":30,"enemies":"Writhing Mass","floor":42,"turns":6},{"damage":21,"enemies":"Jaw Worm Horde","floor":48,"turns":5},{"damage":66,"enemies":"Awakened One","floor":50,"turns":5}],"seed_played":"1512845672126547231","potions_obtained":[{"floor":5,"key":"PowerPotion"},{"floor":8,"key":"Regen Potion"},{"floor":14,"key":"FearPotion"},{"floor":29,"key":"EssenceOfSteel"},{"floor":33,"key":"EssenceOfSteel"},{"floor":35,"key":"Regen Potion"},{"floor":38,"key":"EssenceOfSteel"},{"floor":48,"key":"SpeedPotion"}],"is_trial":false,"path_per_floor":["M","?","M","?","M","R","R","E","T","R","$","?","M","E","R","B",null,"M","?","?","M","$","R","R","$","T","R","M","M","T","M","R","B",null,"M","$","M","?","M","R","M","M","T","?","R","?","R","M","R","B"],"character_chosen":"DEFECT","items_purchased":["Conserve Battery","Panache","Magnetism"],"campfire_rested":4,"item_purchase_floors":[11,22,36],"current_hp_per_floor":[73,58,55,55,49,49,49,14,14,36,36,36,34,22,44,17,75,58,65,65,52,52,52,52,52,52,52,38,32,32,30,54,27,82,70,70,78,14,35,35,34,14,14,14,38,72,72,61,61,0],"gold":323,"neow_bonus":"ONE_RARE_RELIC","is_prod":false,"is_daily":false,"chose_seed":false,"campfire_upgraded":7,"win_rate":0,"timestamp":1544593395,"path_taken":["M","?","M","?","M","R","R","E","T","R","?","?","M","E","R","BOSS","M","?","?","M","$","R","R","?","T","R","M","M","?","M","R","BOSS","M","$","M","?","M","R","M","M","T","?","R","?","R","M","R","BOSS"],"build_version":"2018-12-06","purchased_purges":1,"victory":false,"max_hp_per_floor":[75,75,75,75,75,75,75,75,75,75,75,75,75,75,75,75,75,75,82,82,82,82,82,82,82,82,82,82,82,82,82,82,82,82,82,82,82,82,82,82,82,82,82,82,82,72,72,72,72,72],"card_choices":[{"not_picked":["Gash","Hologram"],"picked":"Sweeping Beam","floor":1},{"not_picked":["Streamline","Compile Driver"],"picked":"Go for the Eyes","floor":3},{"not_picked":["Force Field","Heatsinks"],"picked":"Hologram","floor":5},{"not_picked":["Double Energy","Coolheaded"],"picked":"Redo","floor":8},{"not_picked":["Heatsinks","Barrage"],"picked":"Steam","floor":13},{"not_picked":["Go for the Eyes","Hologram"],"picked":"Sunder","floor":14},{"not_picked":["Hyperbeam","Meteor Strike"],"picked":"Core Surge","floor":16},{"not_picked":["Steam","Blizzard"],"picked":"Ball Lightning+1","floor":18},{"not_picked":["Barrage","Hello World","Sunder"],"picked":"SKIP","floor":21},{"not_picked":["Static Discharge","Capacitor"],"picked":"FTL","floor":28},{"not_picked":["Recycle","Stack"],"picked":"Leap+1","floor":29},{"not_picked":["Sweeping Beam","Sunder"],"picked":"Darkness","floor":31},{"not_picked":["Hyperbeam","Multi-Cast"],"picked":"Reboot","floor":33},{"not_picked":["Barrage+1","Force Field"],"picked":"Go for the Eyes+1","floor":35},{"not_picked":["Stack","Beam Cell"],"picked":"Tempest","floor":37},{"not_picked":["Gash+1","Rebound"],"picked":"Scrape+1","floor":38},{"not_picked":["Rebound+1","Hyperbeam"],"picked":"Aggregate","floor":39},{"not_picked":["Redo+1","Recycle+1"],"picked":"Self Repair+1","floor":41},{"not_picked":["Barrage+1","Streamline"],"picked":"White Noise+1","floor":42},{"not_picked":["Hologram+1","Tempest","Beam Cell"],"picked":"Chaos","floor":48}],"player_experience":110603,"relics_obtained":[{"floor":8,"key":"Oddly Smooth Stone"},{"floor":9,"key":"War Paint"},{"floor":14,"key":"Whetstone"},{"floor":30,"key":"Bronze Scales"},{"floor":38,"key":"Calipers"},{"floor":43,"key":"Question Card"}],"event_choices":[{"damage_healed":0,"gold_gain":0,"player_choice":"Entered Light","damage_taken":15,"max_hp_gain":0,"max_hp_loss":0,"event_name":"Shining Light","floor":2,"gold_loss":0,"cards_upgraded":["Defend_B","Defend_B"]},{"damage_healed":0,"gold_gain":175,"player_choice":"AGREE","damage_taken":0,"max_hp_gain":0,"max_hp_loss":0,"event_name":"Liars Game","floor":4,"gold_loss":0,"cards_obtained":["Doubt"]},{"damage_healed":0,"gold_gain":0,"player_choice":"Searched \u00271\u0027 times","damage_taken":0,"relics_obtained":["Kunai"],"max_hp_gain":0,"max_hp_loss":0,"event_name":"Dead Adventurer","floor":12,"gold_loss":0},{"damage_healed":0,"gold_gain":0,"player_choice":"Obtained Relic","damage_taken":0,"relics_obtained":["Strawberry"],"max_hp_gain":0,"max_hp_loss":0,"event_name":"Addict","floor":19,"gold_loss":85},{"damage_healed":0,"gold_gain":0,"player_choice":"Opened","damage_taken":0,"relics_obtained":["Sundial"],"max_hp_gain":0,"max_hp_loss":0,"event_name":"The Mausoleum","floor":20,"gold_loss":0},{"damage_healed":0,"gold_gain":0,"player_choice":"Fight","damage_taken":0,"max_hp_gain":0,"max_hp_loss":0,"event_name":"Mysterious Sphere","floor":38,"gold_loss":0},{"damage_healed":0,"gold_gain":0,"player_choice":"Ignored","damage_taken":0,"max_hp_gain":0,"max_hp_loss":0,"event_name":"Tomb of Lord Red Mask","floor":44,"gold_loss":0},{"damage_healed":72,"gold_gain":0,"player_choice":"Heal","damage_taken":0,"max_hp_gain":0,"max_hp_loss":10,"event_name":"The Moai Head","floor":46,"gold_loss":0}],"is_beta":false,"boss_relics":[{"not_picked":["Velvet Choker","Fusion Hammer"],"picked":"Lizard Tail"},{"not_picked":["Empty Cage","Runic Dome"],"picked":"Inserter"}],"items_purged_floors":[11],"is_endless":false,"potions_floor_spawned":[5,8,14,29,33,35,38,48],"killed_by":"Awakened One","ascension_level":1}