{"gold_per_floor":[117,137,153,153,170,196,196,215,215,231,244,260,277,24,24,125,125,140,158,83,33,43,43,71,103,127,127],"floor_reached":27,"playtime":3072,"items_purged":["Strike_G","Strike_G"],"score":323,"play_id":"d39bae9c-7484-4f35-af6b-bfeaaaba82cb","local_time":"20190103180205","is_ascension_mode":true,"campfire_choices":[{"floor":7,"key":"REST"},{"data":"Neutralize","floor":15,"key":"SMITH"},{"floor":23,"key":"REST"}],"neow_cost":"NONE","seed_source_timestamp":0,"circlet_count":0,"master_deck":["Defend_G","Defend_G","Defend_G","Defend_G","Defend_G","Strike_G","Survivor","Neutralize+1","Poisoned Stab","Crippling Poison","Slice","Deflect","Slice","Dagger Spray","Infinite Blades","Glass Knife","Sucker Punch+1","Glass Knife","Caltrops"],"special_seed":0,"relics":["Ring of the Snake","Gremlin Horn","Smiling Mask","Mango","Sling","Fusion Hammer","Red Mask","Bronze Scales","Regal Pillow"],"potions_floor_usage":[16,16,22,24,25],"damage_taken":[{"damage":10.0,"enemies":"Cultist","floor":1.0,"turns":6.0},{"damage":3.0,"enemies":"Jaw Worm","floor":2.0,"turns":4.0},{"damage":1,"enemies":"Small Slimes","floor":3,"turns":4},{"damage":0,"enemies":"3 Louse","floor":5,"turns":4},{"damage":32,"enemies":"Lagavulin","floor":6,"turns":9},{"damage":4,"enemies":"Looter","floor":8,"turns":4},{"damage":2,"enemies":"Exordium Wildlife","floor":10,"turns":3},{"damage":2,"enemies":"Large Slime","floor":11,"turns":6},{"damage":0,"enemies":"Looter","floor":12,"turns":3},{"damage":8,"enemies":"Exordium Wildlife","floor":13,"turns":4},{"damage":22,"enemies":"Hexaghost","floor":16,"turns":8},{"damage":4,"enemies":"Chosen","floor":18,"turns":6},{"damage":23,"enemies":"2 Thieves","floor":19,"turns":5},{"damage":6,"enemies":"3 Cultists","floor":22,"turns":5},{"damage":35,"enemies":"Masked Bandits","floor":24,"turns":5},{"damage":16,"enemies":"Book of Stabbing","floor":25,"turns":5},{"damage":9,"enemies":"Cultist and Chosen","floor":27,"turns":4}],"seed_played":"2640895472851186941","potions_obtained":[{"floor":1.0,"key":"Strength Potion"},{"floor":6,"key":"PowerPotion"},{"floor":8,"key":"Energy Potion"},{"floor":10,"key":"AttackPotion"},{"floor":11,"key":"PowerPotion"},{"floor":18,"key":"AttackPotion"},{"floor":24,"key":"FearPotion"}],"is_trial":false,"path_per_floor":["M","M","M","M","T","M","E","R","M","T","M","M","M","M","$","R","B",null,"M","M","?","$","M","R","?","E","T","M"],"character_chosen":"THE_SILENT","items_purchased":["Sling"],"campfire_rested":2,"item_purchase_floors":[14],"current_hp_per_floor":[53,50,49,49,49,17,38,34,48,46,44,44,36,36,36,14,67,63,40,40,40,34,59,24,8,8,0],"gold":127,"neow_bonus":"REMOVE_CARD","is_prod":false,"is_daily":false,"chose_seed":false,"campfire_upgraded":1,"win_rate":0,"timestamp":1546560125,"path_taken":["M","M","M","?","M","E","R","M","T","M","M","?","M","$","R","BOSS","M","M","?","$","M","R","?","E","T","M"],"build_version":"2018-12-20","purchased_purges":2,"victory":false,"max_hp_per_floor":[70,70,70,70,70,70,70,70,84,84,84,84,84,84,84,84,84,84,84,84,84,84,84,84,84,84,84],"card_choices":[{"not_picked":["Deadly Poison","Backflip"],"picked":"Poisoned Stab","floor":1.0},{"not_picked":["Backflip","Prepared"],"picked":"Crippling Poison","floor":2},{"not_picked":["Prepared","Calculated Gamble","PiercingWail"],"picked":"SKIP","floor":3},{"not_picked":["Flechettes","Eviscerate"],"picked":"Slice","floor":5},{"not_picked":["Burst","Slice"],"picked":"Deflect","floor":6},{"not_picked":["Calculated Gamble","Quick Slash"],"picked":"Slice","floor":8},{"not_picked":["Flying Knee","Caltrops"],"picked":"Dagger Spray","floor":10},{"not_picked":["Distraction","Flying Knee","Eviscerate"],"picked":"SKIP","floor":11},{"not_picked":["Outmaneuver","Flying Knee","Calculated Gamble"],"picked":"SKIP","floor":12},{"not_picked":["Acrobatics","Calculated Gamble"],"picked":"Infinite Blades","floor":13},{"not_picked":["Night Terror","Venomology"],"picked":"Glass Knife","floor":16},{"not_picked":["Dagger Spray","Setup"],"picked":"Sucker Punch+1","floor":18},{"not_picked":["Sucker Punch","Endless Agony+1"],"picked":"Glass Knife","floor":19},{"not_picked":["Deadly Poison","Poisoned Stab","Concentrate+1"],"picked":"SKIP","floor":22},{"not_picked":["Flying Knee","Slice"],"picked":"Caltrops","floor":25}],"player_experience":442627,"relics_obtained":[{"floor":4,"key":"Gremlin Horn"},{"floor":6,"key":"Smiling Mask"},{"floor":9,"key":"Mango"},{"floor":24,"key":"Red Mask"},{"floor":25,"key":"Bronze Scales"},{"floor":26,"key":"Regal Pillow"}],"event_choices":[{"cards_removed":["Strike_G"],"damage_healed":0,"gold_gain":0,"player_choice":"Gave Gold","damage_taken":0,"max_hp_gain":0,"max_hp_loss":0,"event_name":"Beggar","floor":20,"gold_loss":75},{"damage_healed":0,"gold_gain":0,"player_choice":"Fought Bandits","damage_taken":0,"max_hp_gain":0,"max_hp_loss":0,"event_name":"Masked Bandits","floor":24,"gold_loss":0}],"is_beta":false,"boss_relics":[{"not_picked":["Empty Cage","Philosopher\u0027s Stone"],"picked":"Fusion Hammer"}],"items_purged_floors":[14,21],"is_endless":false,"potions_floor_spawned":[1,6,8,10,11,18,24],"killed_by":"Cultist and Chosen","ascension_level":7}