{"gold_per_floor":[119,119,130,149,115,115,135,135,135,135,169,41,51,65,65,170,170,188,202,212,212],"floor_reached":21,"playtime":1672,"items_purged":["Pain"],"score":229,"play_id":"f36b2860-7739-418f-a327-a2bd8c71d9ef","local_time":"20190220004227","is_ascension_mode":true,"campfire_choices":[{"data":"Neutralize","floor":6,"key":"SMITH"},{"data":"All Out Attack","floor":8,"key":"SMITH"},{"floor":15,"key":"REST"}],"neow_cost":"CURSE","seed_source_timestamp":108658484244400,"circlet_count":0,"master_deck":["Defend_G","Defend_G","Defend_G","Defend_G","Defend_G","Strike_G","Strike_G","Strike_G","Strike_G","Survivor","Neutralize+1","All Out Attack+1","Endless Agony","Infinite Blades","Terror","Well Laid Plans","Poisoned Stab","Poisoned Stab","Cloak And Dagger","Cloak And Dagger","Caltrops","Tools of the Trade","Caltrops+1"],"relics":["Ring of the Serpent","Gambling Chip","Darkstone Periapt","Singing Bowl","Shovel"],"potions_floor_usage":[20,20,21],"damage_taken":[{"damage":2,"enemies":"Jaw Worm","floor":1,"turns":5},{"damage":0,"enemies":"Cultist","floor":3,"turns":3},{"damage":6,"enemies":"Small Slimes","floor":4,"turns":4},{"damage":12,"enemies":"Exordium Thugs","floor":7,"turns":4},{"damage":25,"enemies":"Lagavulin","floor":11,"turns":6},{"damage":0,"enemies":"3 Louse","floor":13,"turns":1},{"damage":14,"enemies":"Large Slime","floor":14,"turns":5},{"damage":8,"enemies":"Hexaghost","floor":16,"turns":9},{"damage":8,"enemies":"Chosen","floor":18,"turns":5},{"damage":7,"enemies":"3 Byrds","floor":19,"turns":2},{"damage":23,"enemies":"Snecko","floor":20,"turns":7},{"damage":61,"enemies":"Cultist and Chosen","floor":21,"turns":4}],"seed_played":"4868204920162121180","potions_obtained":[{"floor":3,"key":"FearPotion"},{"floor":4,"key":"FairyPotion"},{"floor":13,"key":"Regen Potion"},{"floor":14,"key":"Weak Potion"}],"is_trial":false,"path_per_floor":["M","?","M","M","$","R","M","R","T","T","E","$","M","M","R","B",null,"M","M","M","M"],"character_chosen":"THE_SILENT","items_purchased":["Well Laid Plans","Cloak And Dagger"],"campfire_rested":1,"item_purchase_floors":[5,12],"current_hp_per_floor":[68,68,68,62,62,62,50,50,50,50,25,25,25,11,32,24,59,51,46,37,0],"gold":212,"neow_bonus":"ONE_RARE_RELIC","is_prod":false,"is_daily":false,"chose_seed":false,"campfire_upgraded":2,"win_rate":0,"timestamp":1550641347,"path_taken":["M","?","?","?","?","R","?","R","T","?","E","$","M","M","R","BOSS","M","M","M","M"],"build_version":"2019-01-23","purchased_purges":1,"victory":false,"max_hp_per_floor":[70,70,70,70,70,70,70,70,70,70,70,70,70,70,70,70,70,70,72,74,74],"card_choices":[{"not_picked":["Noxious Fumes","Deflect"],"picked":"All Out Attack","floor":1},{"not_picked":["Backflip","Sucker Punch"],"picked":"Infinite Blades","floor":3},{"not_picked":["Acrobatics","Dagger Throw"],"picked":"Terror","floor":4},{"not_picked":["Outmaneuver","Backflip"],"picked":"Poisoned Stab","floor":7},{"not_picked":["Malaise","Predator"],"picked":"Poisoned Stab","floor":11},{"not_picked":["Choke","Poisoned Stab"],"picked":"Cloak And Dagger","floor":13},{"not_picked":["Concentrate","Leg Sweep"],"picked":"Caltrops","floor":14},{"not_picked":["Venomology","Burst"],"picked":"Tools of the Trade","floor":16},{"not_picked":["Calculated Gamble","Poisoned Stab"],"picked":"Caltrops+1","floor":18},{"not_picked":["Deflect","Quick Slash","Crippling Poison"],"picked":"Singing Bowl","floor":19},{"not_picked":["Leg Sweep","Blade Dance","Sucker Punch"],"picked":"Singing Bowl","floor":20}],"player_experience":2178061,"relics_obtained":[{"floor":9,"key":"Darkstone Periapt"},{"floor":10,"key":"Singing Bowl"},{"floor":11,"key":"Shovel"}],"event_choices":[{"damage_healed":0,"gold_gain":0,"cards_transformed":["Strike_G"],"player_choice":"Transformed","damage_taken":0,"max_hp_gain":0,"max_hp_loss":0,"event_name":"Transmorgrifier","floor":2,"gold_loss":0,"cards_obtained":["Endless Agony"]}],"is_beta":false,"boss_relics":[{"not_picked":["Pandora\u0027s Box","Velvet Choker"],"picked":"Ring of the Serpent"}],"items_purged_floors":[12],"is_endless":false,"potions_floor_spawned":[3,4,13,14,18],"killed_by":"Cultist and Chosen","ascension_level":5}