{"gold_per_floor":[115,129,140,65,85,117,117,35,58,83,33,33,33,57,57,57],"floor_reached":16,"playtime":810,"items_purged":["Strike_G"],"score":149,"play_id":"2aefcb25-1023-4267-9768-db91ed41fa74","local_time":"20190103183214","is_ascension_mode":true,"campfire_choices":[{"data":"Wraith Form v2","floor":7,"key":"SMITH"},{"data":"Wraith Form v2","floor":15,"key":"SMITH"}],"neow_cost":"NONE","seed_source_timestamp":538673841600316,"circlet_count":0,"master_deck":["Defend_G","Defend_G","Defend_G","Defend_G","Defend_G","Strike_G","Strike_G","Strike_G","Survivor","Neutralize","Predator","Poisoned Stab","Dagger Spray","Wraith Form v2+1","Wraith Form v2+1","Flying Knee"],"relics":["Ring of the Snake","NeowsBlessing","PreservedInsect","Bronze Scales","Blood Vial","Dead Branch","Golden Idol"],"potions_floor_usage":[6,16],"damage_taken":[{"damage":0,"enemies":"Small Slimes","floor":1,"turns":1},{"damage":0,"enemies":"2 Louse","floor":2,"turns":1},{"damage":0,"enemies":"Jaw Worm","floor":3,"turns":1},{"damage":14,"enemies":"Gremlin Gang","floor":5,"turns":4},{"damage":28,"enemies":"Gremlin Nob","floor":6,"turns":4},{"damage":3,"enemies":"3 Sentries","floor":10,"turns":4},{"damage":3,"enemies":"Blue Slaver","floor":14,"turns":4},{"damage":20,"enemies":"Slime Boss","floor":16,"turns":3}],"seed_played":"3945307055276911018","potions_obtained":[{"floor":2,"key":"Poison Potion"},{"floor":14,"key":"Strength Potion"}],"is_trial":false,"path_per_floor":["M","M","M","$","M","E","R","$","T","E","?","?","?","M","R","B"],"character_chosen":"THE_SILENT","items_purchased":["Wraith Form v2"],"campfire_rested":0,"item_purchase_floors":[8],"current_hp_per_floor":[63,63,63,63,49,21,21,21,21,18,18,15,15,14,14,0],"gold":57,"neow_bonus":"THREE_ENEMY_KILL","is_prod":false,"is_daily":false,"chose_seed":false,"campfire_upgraded":2,"win_rate":0,"timestamp":1546561934,"path_taken":["M","M","M","$","M","E","R","$","T","E","?","?","?","M","R","BOSS"],"build_version":"2018-12-20","purchased_purges":1,"victory":false,"max_hp_per_floor":[70,70,70,70,70,70,70,70,70,70,70,70,65,65,65,65],"card_choices":[{"not_picked":["Dagger Throw","Underhanded Strike"],"picked":"Predator","floor":1},{"not_picked":["Dagger Throw","Prepared"],"picked":"Poisoned Stab","floor":2},{"not_picked":["Prepared","Distraction"],"picked":"Dagger Spray","floor":3},{"not_picked":["All Out Attack","Acrobatics","Underhanded Strike"],"picked":"SKIP","floor":5},{"not_picked":["Deadly Poison","Acrobatics"],"picked":"Wraith Form v2","floor":6},{"not_picked":["Masterful Stab","Blur"],"picked":"Flying Knee","floor":10},{"not_picked":["Bane","Poisoned Stab","PiercingWail"],"picked":"SKIP","floor":14}],"player_experience":446629,"relics_obtained":[{"floor":6,"key":"PreservedInsect"},{"floor":9,"key":"Bronze Scales"},{"floor":10,"key":"Blood Vial"}],"event_choices":[{"cards_removed":["Strike_G"],"damage_healed":0,"gold_gain":0,"player_choice":"Card Removal","damage_taken":0,"max_hp_gain":0,"max_hp_loss":0,"event_name":"The Cleric","floor":11,"gold_loss":50},{"damage_healed":0,"gold_gain":0,"player_choice":"Success","damage_taken":3,"relics_obtained":["Dead Branch"],"max_hp_gain":0,"max_hp_loss":0,"event_name":"Scrap Ooze","floor":12,"gold_loss":0},{"damage_healed":0,"gold_gain":0,"player_choice":"Lose Max HP","damage_taken":0,"relics_obtained":["Golden Idol"],"max_hp_gain":0,"max_hp_loss":5,"event_name":"Golden Idol","floor":13,"gold_loss":0}],"is_beta":false,"boss_relics":[],"items_purged_floors":[4],"is_endless":false,"potions_floor_spawned":[2,14],"killed_by":"Slime Boss","ascension_level":7}