{"gold_per_floor":[112,125,75,95,107,107,117,41,67,67,67,67,94,94,94,193,193,206,224,224,224,243,243],"floor_reached":23,"playtime":970,"items_purged":[],"score":220,"play_id":"c25301e2-682e-4cb1-a8f4-bc34c0113cdd","local_time":"20190106174424","is_ascension_mode":true,"campfire_choices":[{"data":"Zap","floor":6,"key":"SMITH"},{"data":"Redo","floor":10,"key":"SMITH"},{"data":"Hologram","floor":12,"key":"SMITH"},{"floor":15,"key":"REST"}],"neow_cost":"TEN_PERCENT_HP_LOSS","seed_source_timestamp":276399919007281,"circlet_count":0,"master_deck":["Strike_B","Defend_B","Defend_B","Zap+1","Dualcast","Coolheaded","Redo+1","Hologram+1","Static Discharge","Ball Lightning","Defragment","Fission","Seek","Undo","Beam Cell","Doom and Gloom","Rip and Tear","Coolheaded"],"relics":["Cracked Core","Unceasing Top","Strawberry","Centennial Puzzle","Empty Cage"],"potions_floor_usage":[5,18,22,23],"damage_taken":[{"damage":1,"enemies":"Cultist","floor":1,"turns":3},{"damage":0,"enemies":"Small Slimes","floor":2,"turns":3},{"damage":5,"enemies":"2 Louse","floor":4,"turns":3},{"damage":12,"enemies":"Large Slime","floor":5,"turns":5},{"damage":4,"enemies":"2 Fungi Beasts","floor":7,"turns":5},{"damage":27,"enemies":"3 Sentries","floor":13,"turns":4},{"damage":22,"enemies":"The Guardian","floor":16,"turns":8},{"damage":24,"enemies":"2 Thieves","floor":18,"turns":3},{"damage":5,"enemies":"Spheric Guardian","floor":19,"turns":5},{"damage":24,"enemies":"Snake Plant","floor":22,"turns":2},{"damage":29,"enemies":"Slavers","floor":23,"turns":1}],"seed_played":"-5455077089345383257","potions_obtained":[{"floor":2,"key":"Weak Potion"},{"floor":5,"key":"FearPotion"},{"floor":13,"key":"Explosive Potion"},{"floor":18,"key":"Strength Potion"},{"floor":19,"key":"LiquidBronze"}],"is_trial":false,"path_per_floor":["M","M","?","M","M","R","M","$","T","R","?","R","E","?","R","B",null,"M","M","?","?","M","E"],"character_chosen":"DEFECT","items_purchased":["Defragment"],"campfire_rested":1,"item_purchase_floors":[8],"current_hp_per_floor":[67,67,67,62,50,50,46,46,46,46,41,41,14,14,36,14,75,51,46,46,46,22,0],"gold":243,"neow_bonus":"ONE_RARE_RELIC","is_prod":false,"is_daily":false,"chose_seed":false,"campfire_upgraded":3,"win_rate":0,"timestamp":1546814664,"path_taken":["M","?","?","M","M","R","M","$","T","R","?","R","E","?","R","BOSS","M","M","?","?","M","E"],"build_version":"2019-01-03v4","purchased_purges":0,"victory":false,"max_hp_per_floor":[68,68,68,68,68,68,68,68,68,68,75,75,75,75,75,75,75,75,75,75,75,75,75],"card_choices":[{"not_picked":["Undo","Barrage"],"picked":"Coolheaded","floor":1},{"not_picked":["Leap","Rip and Tear"],"picked":"Redo","floor":2},{"not_picked":["Turbo","Go for the Eyes"],"picked":"Hologram","floor":4},{"not_picked":["Double Energy","Force Field"],"picked":"Static Discharge","floor":5},{"not_picked":["Redo","Leap"],"picked":"Ball Lightning","floor":7},{"not_picked":["Cold Snap","Chaos"],"picked":"Fission","floor":13},{"not_picked":["Hyperbeam","Core Surge"],"picked":"Seek","floor":16},{"not_picked":["Storm","Heatsinks"],"picked":"Undo","floor":18},{"not_picked":["Hologram","Melter+1"],"picked":"Beam Cell","floor":19},{"not_picked":["Barrage","Skim+1"],"picked":"Coolheaded","floor":22}],"player_experience":252706,"relics_obtained":[{"floor":13,"key":"Centennial Puzzle"}],"event_choices":[{"cards_removed":["Strike_B"],"damage_healed":0,"gold_gain":0,"player_choice":"Card Removal","damage_taken":0,"max_hp_gain":0,"max_hp_loss":0,"event_name":"The Cleric","floor":3,"gold_loss":50},{"damage_healed":0,"gold_gain":0,"player_choice":"Success","damage_taken":12,"relics_obtained":["Strawberry"],"max_hp_gain":0,"max_hp_loss":0,"event_name":"Scrap Ooze","floor":11,"gold_loss":0},{"damage_healed":0,"gold_gain":0,"player_choice":"Ignored","damage_taken":0,"max_hp_gain":0,"max_hp_loss":0,"event_name":"Liars Game","floor":14,"gold_loss":0},{"damage_healed":0,"gold_gain":0,"cards_transformed":["Strike_B","Defend_B"],"player_choice":"Became Test Subject","damage_taken":0,"max_hp_gain":0,"max_hp_loss":0,"event_name":"Drug Dealer","floor":20,"gold_loss":0,"cards_obtained":["Doom and Gloom","Rip and Tear"]},{"damage_healed":0,"gold_gain":0,"player_choice":"Ignored","damage_taken":0,"max_hp_gain":0,"max_hp_loss":0,"event_name":"Ghosts","floor":21,"gold_loss":0}],"is_beta":false,"boss_relics":[{"not_picked":["Runic Dome","Tiny House"],"picked":"Empty Cage"}],"items_purged_floors":[],"is_endless":false,"potions_floor_spawned":[2,5,13,18,19],"killed_by":"Slavers","ascension_level":3}