{"path_per_floor":["M","$","M","$","?","R","E","M","T","E","?","M","M","E","R","B",null,"M","?","M","?","M","E","R","E","T","?","M","M","?","M","R"],"character_chosen":"IRONCLAD","items_purchased":["War Paint","True Grit","Cleave"],"gold_per_floor":[411,187,199,3,3,3,37,53,53,80,80,99,115,145,145,250,250,267,267,278,278,297,324,324,350,350,350,363,377,377,393,393,393],"floor_reached":33,"campfire_rested":2,"playtime":1578,"item_purchase_floors":[2,4,4],"current_hp_per_floor":[72,72,72,72,72,72,60,66,66,64,69,77,81,77,77,56,83,63,63,44,72,58,31,60,42,42,42,29,9,9,15,45,0],"items_purged":["Strike_R","Defend_R"],"gold":393,"score":378,"play_id":"e1486648-f5cb-4821-bc22-11618f352f81","local_time":"20180607003734","is_prod":false,"is_daily":false,"chose_seed":false,"is_ascension_mode":true,"campfire_upgraded":2,"win_rate":0,"timestamp":1528324654,"campfire_choices":[{"data":"Pommel Strike","floor":6,"key":"SMITH"},{"data":"Flame Barrier","floor":15,"key":"SMITH"},{"floor":24,"key":"REST"},{"floor":32,"key":"REST"}],"path_taken":["M","$","M","$","?","R","E","M","T","E","?","M","?","E","R","BOSS","M","?","M","?","M","E","R","E","T","?","M","M","?","M","R","BOSS"],"build_version":"2018-05-31","seed_source_timestamp":1823381039414215,"purchased_purges":2,"victory":false,"master_deck":["Strike_R","Strike_R","Defend_R+1","Defend_R","Defend_R","Bash","Flame Barrier+1","Pommel Strike+1","True Grit","Cleave","Demon Form+1","Flame Barrier+1","Twin Strike","Juggernaut","Seeing Red+1","Iron Wave+1","Cleave+1","Evolve+1"],"max_hp_per_floor":[72,72,72,72,72,72,72,72,72,72,77,79,81,83,83,83,83,85,85,85,85,85,97,97,99,99,99,99,101,101,101,101,101],"relics":["Burning Blood","Old Coin","War Paint","Mercury Hourglass","Singing Bowl","Pen Nib","Vajra","Runic Dome","Pear","Ice Cream","Molten Egg 2"],"card_choices":[{"not_picked":["Sever Soul","Searing Blow"],"picked":"Flame Barrier","floor":1},{"not_picked":["Carnage","Burning Pact"],"picked":"Pommel Strike","floor":3},{"not_picked":["Intimidate","Clothesline"],"picked":"Demon Form","floor":7},{"not_picked":["Seeing Red","Anger"],"picked":"Flame Barrier","floor":8},{"not_picked":["Rage","Clothesline"],"picked":"Twin Strike","floor":10},{"not_picked":["Heavy Blade","Sword Boomerang","Thunderclap"],"picked":"Singing Bowl","floor":12},{"not_picked":["Iron Wave","Wild Strike","Dual Wield"],"picked":"Singing Bowl","floor":13},{"not_picked":["Searing Blow","Inflame","Iron Wave"],"picked":"Singing Bowl","floor":14},{"not_picked":["Exhume","Brutality"],"picked":"Juggernaut","floor":16},{"not_picked":["Pommel Strike","Power Through","Armaments+1"],"picked":"Singing Bowl","floor":18},{"not_picked":["Thunderclap","Shockwave"],"picked":"Seeing Red+1","floor":20},{"not_picked":["Clothesline","Inflame"],"picked":"Iron Wave+1","floor":22},{"not_picked":["Spot Weakness","Inflame","Thunderclap"],"picked":"Singing Bowl","floor":23},{"not_picked":["Thunderclap","Uppercut","Intimidate"],"picked":"Singing Bowl","floor":25},{"not_picked":["Blood for Blood+1","Havoc"],"picked":"Cleave+1","floor":28},{"not_picked":["Cleave+1","Warcry+1","Shrug It Off"],"picked":"Singing Bowl","floor":29},{"not_picked":["Bludgeon+1","Havoc+1"],"picked":"Evolve+1","floor":31}],"player_experience":221693,"potions_floor_usage":[7,14,23,25,31,33],"damage_taken":[{"damage":2,"enemies":"Jaw Worm","floor":1,"turns":3},{"damage":1,"enemies":"Small Slimes","floor":3,"turns":3},{"damage":20,"enemies":"Gremlin Nob","floor":7,"turns":5},{"damage":0,"enemies":"2 Louse","floor":8,"turns":2},{"damage":8,"enemies":"Lagavulin","floor":10,"turns":8},{"damage":0,"enemies":"Looter","floor":12,"turns":3},{"damage":1,"enemies":"Blue Slaver","floor":13,"turns":3},{"damage":12,"enemies":"Gremlin Nob","floor":14,"turns":4},{"damage":27,"enemies":"Hexaghost","floor":16,"turns":7},{"damage":28,"enemies":"Spheric Guardian","floor":18,"turns":5},{"damage":25,"enemies":"Chosen","floor":20,"turns":6},{"damage":20,"enemies":"Sentry and Sphere","floor":22,"turns":4},{"damage":45,"enemies":"Gremlin Leader","floor":23,"turns":6},{"damage":35,"enemies":"Book of Stabbing","floor":25,"turns":6},{"damage":19,"enemies":"Cultist and Chosen","floor":28,"turns":5},{"damage":28,"enemies":"Snake Plant","floor":29,"turns":3},{"damage":0,"enemies":"3 Cultists","floor":31,"turns":3},{"damage":57,"enemies":"Automaton","floor":33,"turns":8}],"relics_obtained":[{"floor":7,"key":"Mercury Hourglass"},{"floor":9,"key":"Singing Bowl"},{"floor":10,"key":"Pen Nib"},{"floor":14,"key":"Vajra"},{"floor":23,"key":"Pear"},{"floor":25,"key":"Ice Cream"},{"floor":26,"key":"Molten Egg 2"}],"event_choices":[{"event_name":"Living Wall","player_choice":"Forget","floor":5,"damage_taken":0},{"event_name":"Big Fish","player_choice":"Donut","floor":11,"damage_taken":0},{"event_name":"Upgrade Shrine","player_choice":"Upgraded","floor":19,"damage_taken":0},{"event_name":"The Library","player_choice":"Heal","floor":21,"damage_taken":0},{"event_name":"Ghosts","player_choice":"Ignored","floor":27,"damage_taken":0},{"event_name":"Purifier","player_choice":"One Purge","floor":30,"damage_taken":0}],"boss_relics":[{"not_picked":["White Beast Statue","Velvet Choker"],"picked":"Runic Dome"}],"items_purged_floors":[2,4],"potions_floor_spawned":[1,10,14,18,28,29],"seed_played":"-8576079016029090774","killed_by":"Automaton","ascension_level":3,"potions_obtained":[{"floor":1,"key":"AttackPotion"},{"floor":10,"key":"Weak Potion"},{"floor":14,"key":"BloodPotion"},{"floor":18,"key":"SteroidPotion"},{"floor":28,"key":"SteroidPotion"},{"floor":29,"key":"Dexterity Potion"}],"is_trial":false}