{"gold_per_floor":[118,43,54,29,43,43,78,78,103,118,118,118,15,41,41,117,117,130,181,96,59,17,17,27,27,102,26,44,5,30,45,45,45],"floor_reached":33,"playtime":1698,"items_purged":[],"score":488,"play_id":"79dbd4a3-f786-428e-be95-8a9e65a0b46e","local_time":"20190505024404","is_ascension_mode":true,"campfire_choices":[{"data":"Lockon","floor":6.0,"key":"SMITH"},{"data":"Reinforced Body","floor":8.0,"key":"SMITH"},{"floor":11.0,"key":"REST"},{"data":"Hologram","floor":15.0,"key":"SMITH"},{"floor":23,"key":"REST"},{"data":"Machine Learning","floor":25,"key":"SMITH"},{"floor":32,"key":"REST"}],"neow_cost":"NONE","seed_source_timestamp":0,"circlet_count":0,"master_deck":["AscendersBane","Strike_B","Strike_B","Strike_B","Defend_B","Defend_B","Zap","Dualcast","Reprogram","Lockon+1","Leap","Reinforced Body+1","Hologram+1","Aggregate","Electrodynamics","Zap","Bandage Up","Conserve Battery","Machine Learning+1","Coolheaded","Defragment","Melter","Self Repair","Multi-Cast","Double Energy","Tempest","Static Discharge"],"special_seed":0,"relics":["Cracked Core","PreservedInsect","Bag of Marbles","Centennial Puzzle","Nunchaku","Empty Cage","Pen Nib","Oddly Smooth Stone","Molten Egg 2","Gremlin Horn"],"potions_floor_usage":[16,33,33],"damage_taken":[{"damage":9.0,"enemies":"Jaw Worm","floor":1.0,"turns":3.0},{"damage":0.0,"enemies":"Cultist","floor":3.0,"turns":3.0},{"damage":6.0,"enemies":"Small Slimes","floor":5.0,"turns":3.0},{"damage":29.0,"enemies":"Gremlin Nob","floor":7.0,"turns":4.0},{"damage":12.0,"enemies":"Exordium Wildlife","floor":10.0,"turns":4.0},{"damage":1.0,"enemies":"3 Sentries","floor":14.0,"turns":4.0},{"damage":11,"enemies":"Hexaghost","floor":16,"turns":13},{"damage":31,"enemies":"Spheric Guardian","floor":18,"turns":9},{"damage":2,"enemies":"Chosen","floor":24,"turns":6},{"damage":22,"enemies":"3 Cultists","floor":28,"turns":5},{"damage":34,"enemies":"Slavers","floor":30,"turns":2},{"damage":4,"enemies":"Cultist and Chosen","floor":31,"turns":6},{"damage":49,"enemies":"Collector","floor":33,"turns":9}],"seed_played":"-2910444105216093133","potions_obtained":[{"floor":3.0,"key":"Ancient Potion"},{"floor":7.0,"key":"Ancient Potion"},{"floor":30,"key":"SpeedPotion"}],"is_trial":false,"path_per_floor":["M","?","M","$","M","R","E","R","T","M","R","?","$","E","R","B",null,"M","T","?","$","$","R","M","R","T","$","M","$","E","M","R","B"],"character_chosen":"DEFECT","items_purchased":["Leap","Bandage Up","Defragment","Melter","Self Repair","Double Energy"],"campfire_rested":3,"item_purchase_floors":[4,13,21,22,27,29],"current_hp_per_floor":[55,55,55,55,49,49,20,20,20,8,29,29,29,32,32,25,60,33,33,33,33,33,54,56,56,56,56,45,45,15,22,43,0],"gold":45,"neow_bonus":"RANDOM_COMMON_RELIC","is_prod":false,"is_daily":false,"chose_seed":false,"campfire_upgraded":4,"win_rate":0,"timestamp":1557038644,"path_taken":["M","?","M","$","M","R","E","R","T","M","R","?","$","E","R","BOSS","M","?","?","?","$","R","M","R","T","$","M","?","E","?","R","BOSS"],"build_version":"2019-01-23","purchased_purges":0,"victory":false,"max_hp_per_floor":[71,71,71,71,71,71,71,71,71,71,71,71,71,71,71,71,71,71,71,71,71,71,71,71,71,71,71,71,71,71,71,71,71],"card_choices":[{"not_picked":["Coolheaded","Go for the Eyes"],"picked":"Reprogram","floor":1.0},{"not_picked":["Loop","Scrape"],"picked":"Lockon","floor":3.0},{"not_picked":["Barrage","Sweeping Beam"],"picked":"Reinforced Body","floor":5.0},{"not_picked":["Stack","Steam"],"picked":"Hologram","floor":7.0},{"not_picked":["Coolheaded","Ball Lightning"],"picked":"Aggregate","floor":10.0},{"not_picked":["Fission","Barrage"],"picked":"Conserve Battery","floor":14.0},{"not_picked":["Multi-Cast","Hyperbeam"],"picked":"Machine Learning","floor":16},{"not_picked":["Hologram","Steam"],"picked":"Coolheaded","floor":18},{"not_picked":["Recycle","Rebound","Steam"],"picked":"SKIP","floor":24},{"not_picked":["Hologram","Rip and Tear+1"],"picked":"Multi-Cast","floor":28},{"not_picked":["Genetic Algorithm","Redo"],"picked":"Tempest","floor":30},{"not_picked":["Self Repair+1","Go for the Eyes+1"],"picked":"Static Discharge","floor":31}],"player_experience":2890393,"relics_obtained":[{"floor":7.0,"key":"Bag of Marbles"},{"floor":9.0,"key":"Centennial Puzzle"},{"floor":14.0,"key":"Nunchaku"},{"floor":19,"key":"Pen Nib"},{"floor":26,"key":"Molten Egg 2"},{"floor":30,"key":"Gremlin Horn"}],"event_choices":[{"cards_removed":["Strike_B"],"damage_healed":0.0,"max_hp_gain":0.0,"max_hp_loss":0.0,"gold_gain":0.0,"event_name":"The Cleric","player_choice":"Card Removal","floor":2.0,"gold_loss":75.0,"damage_taken":0.0},{"damage_healed":0.0,"max_hp_gain":0.0,"max_hp_loss":0.0,"gold_gain":0.0,"event_name":"Match and Keep!","player_choice":"2 cards matched","floor":12.0,"gold_loss":0.0,"damage_taken":0.0,"cards_obtained":["Electrodynamics","Zap"]},{"damage_healed":0,"gold_gain":0,"player_choice":"Obtained Relic","damage_taken":0,"relics_obtained":["Oddly Smooth Stone"],"max_hp_gain":0,"max_hp_loss":0,"event_name":"Addict","floor":20,"gold_loss":85}],"is_beta":false,"boss_relics":[{"not_picked":["Lizard Tail","Coffee Dripper"],"picked":"Empty Cage"}],"items_purged_floors":[],"is_endless":false,"potions_floor_spawned":[3,7,30,31],"killed_by":"Collector","ascension_level":16}