{"gold_per_floor":[111,125,125,137,63,93,105,150,210,397,143,143,159,171,171,171],"floor_reached":16,"playtime":764,"items_purged":["Doubt"],"score":110,"play_id":"0bac86dc-87c6-4c34-81dc-669451854ebb","local_time":"20180727202808","is_ascension_mode":false,"campfire_choices":[{"floor":7,"key":"REST"},{"floor":12,"key":"REST"},{"floor":15,"key":"DIG"}],"neow_cost":"NONE","seed_source_timestamp":53627422884512,"circlet_count":0,"master_deck":["Defend_G","Defend_G","Defend_G","Defend_G","Defend_G","Strike_G","Strike_G","Strike_G","Strike_G","Strike_G","Survivor","Neutralize","Die Die Die","Deflect","Dagger Spray","Footwork","Terror","Well Laid Plans","Deflect","Choke"],"relics":["Ring of the Snake","Singing Bowl","MawBank","Shovel","Bronze Scales","Membership Card","Toxic Egg 2"],"potions_floor_usage":[14,16],"damage_taken":[{"damage":0,"enemies":"Small Slimes","floor":1,"turns":2},{"damage":0,"enemies":"2 Louse","floor":2,"turns":3},{"damage":0,"enemies":"Jaw Worm","floor":4,"turns":4},{"damage":25,"enemies":"3 Sentries","floor":6,"turns":10},{"damage":28,"enemies":"Gremlin Nob","floor":8,"turns":5},{"damage":3,"enemies":"Blue Slaver","floor":13,"turns":3},{"damage":1,"enemies":"Exordium Wildlife","floor":14,"turns":3},{"damage":65,"enemies":"Slime Boss","floor":16,"turns":7}],"seed_played":"2406157085969992425","potions_obtained":[{"floor":2,"key":"Poison Potion"},{"floor":8,"key":"AttackPotion"}],"is_trial":false,"path_per_floor":["M","M","?","M","$","E","R","E","T","?","$","R","M","M","R"],"character_chosen":"THE_SILENT","items_purchased":["Footwork","Membership Card"],"campfire_rested":2,"item_purchase_floors":[5,11],"current_hp_per_floor":[70,70,67,69,69,44,65,37,37,37,37,58,55,54,54,0],"gold":171,"neow_bonus":"ONE_RANDOM_RARE_CARD","is_prod":false,"is_daily":false,"chose_seed":false,"campfire_upgraded":0,"win_rate":0,"timestamp":1532737688,"path_taken":["M","M","?","M","$","E","R","E","T","?","?","R","M","?","R","BOSS"],"build_version":"2018-07-26","purchased_purges":1,"victory":false,"max_hp_per_floor":[70,70,70,72,72,72,72,72,72,72,72,72,72,72,72,72],"card_choices":[{"not_picked":["Outmaneuver","Bane"],"picked":"Deflect","floor":1},{"not_picked":["PiercingWail","Flying Knee"],"picked":"Dagger Spray","floor":2},{"not_picked":["Concentrate","Sucker Punch","Expertise"],"picked":"Singing Bowl","floor":4},{"not_picked":["Dagger Spray","Setup"],"picked":"Terror","floor":6},{"not_picked":["Bane","Calculated Gamble"],"picked":"Well Laid Plans","floor":8},{"not_picked":["PiercingWail","Concentrate"],"picked":"Deflect","floor":13},{"not_picked":["All Out Attack","Reflex"],"picked":"Choke","floor":14}],"player_experience":527894,"relics_obtained":[{"floor":6,"key":"MawBank"},{"floor":8,"key":"Shovel"},{"floor":9,"key":"Bronze Scales"},{"floor":15,"key":"Toxic Egg 2"}],"event_choices":[{"event_name":"Scrap Ooze","player_choice":"success","floor":3,"damage_taken":3},{"event_name":"Liars Game","player_choice":"agreed","floor":10,"damage_taken":0}],"is_beta":false,"boss_relics":[],"items_purged_floors":[11],"is_endless":false,"potions_floor_spawned":[2,8],"killed_by":"Slime Boss","ascension_level":0}