{"path_per_floor":["M","?","M","$","?","R","E","?","T","?","R","E","$","M","R","B"],"character_chosen":"THE_SILENT","items_purchased":["PiercingWail"],"gold_per_floor":[115,115,130,8,8,8,36,36,36,36,36,67,67,83,83,185,185],"floor_reached":17,"campfire_rested":1,"playtime":5924,"item_purchase_floors":[4],"current_hp_per_floor":[63,63,62,62,62,62,47,40,47,47,47,14,14,12,33,4,4],"items_purged":["Strike_G"],"gold":185,"score":161,"play_id":"5fbdfa61-4493-4f7d-aef8-c1a1ac034754","local_time":"20180531144831","is_prod":false,"is_daily":false,"chose_seed":false,"is_ascension_mode":false,"campfire_upgraded":2,"win_rate":0,"timestamp":1527770911,"campfire_choices":[{"data":"Crippling Poison","floor":6,"key":"SMITH"},{"data":"PiercingWail","floor":11,"key":"SMITH"},{"floor":15,"key":"REST"}],"path_taken":["M","?","M","$","?","R","E","?","T","?","R","E","$","M","R","BOSS"],"build_version":"2018-05-24","seed_source_timestamp":1265313682194634,"purchased_purges":1,"victory":false,"master_deck":["Defend_G","Defend_G","Defend_G","Defend_G","Defend_G","Strike_G","Strike_G","Strike_G","Survivor","Neutralize","Quick Slash","Crippling Poison+1","PiercingWail+1","Regret","Leg Sweep","Deadly Poison","Footwork","A Thousand Cuts"],"max_hp_per_floor":[63,63,63,63,63,63,63,63,70,70,70,70,70,70,70,70,70],"relics":["Ring of the Snake","Dead Branch","Ginger","Happy Flower","Strawberry","Blood Vial","Runic Pyramid"],"card_choices":[{"not_picked":["Finisher","Dodge and Roll"],"picked":"Quick Slash","floor":1},{"not_picked":["Underhanded Strike","Outmaneuver"],"picked":"Crippling Poison","floor":3},{"not_picked":["Sucker Punch","Caltrops"],"picked":"Leg Sweep","floor":7},{"not_picked":["Dodge and Roll","Poisoned Stab"],"picked":"Deadly Poison","floor":12},{"not_picked":["Outmaneuver","Sucker Punch"],"picked":"Footwork","floor":14},{"not_picked":["Burst","Night Terror"],"picked":"A Thousand Cuts","floor":16}],"player_experience":126261,"potions_floor_usage":[12],"damage_taken":[{"damage":0,"enemies":"Small Slimes","floor":1,"turns":4},{"damage":1,"enemies":"Cultist","floor":3,"turns":4},{"damage":15,"enemies":"3 Sentries","floor":7,"turns":7},{"damage":33,"enemies":"Gremlin Nob","floor":12,"turns":6},{"damage":4,"enemies":"Jaw Worm","floor":14,"turns":4},{"damage":31,"enemies":"The Guardian","floor":16,"turns":12}],"relics_obtained":[{"floor":7,"key":"Happy Flower"},{"floor":9,"key":"Strawberry"},{"floor":12,"key":"Blood Vial"}],"event_choices":[{"event_name":"The Lab","player_choice":"Got Potions","floor":2,"damage_taken":0},{"event_name":"Big Fish","player_choice":"Box","floor":5,"damage_taken":0},{"event_name":"Golden Wing","player_choice":"Card Removal","floor":8,"damage_taken":0},{"event_name":"Liars Game","player_choice":"disagreed","floor":10,"damage_taken":0}],"boss_relics":[{"not_picked":["Velvet Choker","Cursed Key"],"picked":"Runic Pyramid"}],"items_purged_floors":[4],"potions_floor_spawned":[1,3],"seed_played":"7728370556058329388","ascension_level":0,"potions_obtained":[{"floor":1,"key":"GhostInAJar"},{"floor":2,"key":"EssenceOfSteel"},{"floor":2,"key":"LiquidBronze"},{"floor":2,"key":"FairyPotion"}],"is_trial":false}