{"gold_per_floor":[363,87,103,120,85,85,118,132,132,132,132,132,151,169,169,270,320,338,355,355,355,370,370,370,370,423,441,457,191,203,302,302,302],"floor_reached":33,"playtime":2295,"items_purged":[],"score":399,"play_id":"f3c17eb2-f18c-4c4c-9523-09c132e4a527","local_time":"20190304214729","is_ascension_mode":true,"campfire_choices":[{"data":"Cloak And Dagger","floor":6.0,"key":"SMITH"},{"data":"Dagger Spray","floor":10.0,"key":"SMITH"},{"floor":12.0,"key":"REST"},{"data":"Tactician","floor":15.0,"key":"SMITH"},{"floor":23,"key":"REST"},{"floor":25,"key":"REST"},{"data":"A Thousand Cuts","floor":32,"key":"SMITH"}],"neow_cost":"PERCENT_DAMAGE","seed_source_timestamp":0,"circlet_count":0,"master_deck":["AscendersBane","Defend_G","Defend_G","Defend_G","Defend_G","Defend_G","Survivor","Neutralize","Dagger Spray+1","Footwork","Backstab+1","Cloak And Dagger+1","Expertise+1","Prepared","Tactician+1","Storm of Steel","Caltrops","Backflip+1","Bite","Bite","Bite","Bite","Bite","Purity+1","Riddle With Holes","Blade Dance","A Thousand Cuts+1","Caltrops","Cloak And Dagger"],"special_seed":0,"relics":["Ring of the Snake","Ninja Scroll","Omamori","Kunai","Mercury Hourglass","Tiny House","MutagenicStrength","War Paint","HandDrill"],"potions_floor_usage":[],"damage_taken":[{"damage":5.0,"enemies":"Jaw Worm","floor":1.0,"turns":5.0},{"damage":1.0,"enemies":"Small Slimes","floor":3.0,"turns":4.0},{"damage":0.0,"enemies":"Cultist","floor":4.0,"turns":2.0},{"damage":13.0,"enemies":"3 Sentries","floor":7.0,"turns":8.0},{"damage":0.0,"enemies":"3 Louse","floor":8.0,"turns":2.0},{"damage":0.0,"enemies":"Exordium Thugs","floor":13.0,"turns":3.0},{"damage":3.0,"enemies":"Blue Slaver","floor":14.0,"turns":2.0},{"damage":23.0,"enemies":"Hexaghost","floor":16.0,"turns":16.0},{"damage":4.0,"enemies":"3 Byrds","floor":18.0,"turns":4.0},{"damage":4.0,"enemies":"Shell Parasite","floor":19.0,"turns":5.0},{"damage":37,"enemies":"Snake Plant","floor":22,"turns":5},{"damage":9,"enemies":"Snecko","floor":27,"turns":5},{"damage":14,"enemies":"Centurion and Healer","floor":28,"turns":6},{"damage":2,"enemies":"Snake Plant","floor":30,"turns":4},{"damage":45,"enemies":"Champ","floor":33,"turns":5}],"seed_played":"-7097530561077725144","potions_obtained":[{"floor":7.0,"key":"Regen Potion"},{"floor":8.0,"key":"Dexterity Potion"},{"floor":13.0,"key":"SkillPotion"},{"floor":19.0,"key":"PowerPotion"},{"floor":28,"key":"Strength Potion"}],"is_trial":false,"path_per_floor":["M","$","M","M","?","R","E","M","T","R","?","R","M","M","R","B",null,"M","M","?","?","M","R","?","R","T","M","M","$","M","?","R","B"],"character_chosen":"THE_SILENT","items_purchased":["Ninja Scroll","Footwork","HandDrill","Caltrops"],"campfire_rested":3,"item_purchase_floors":[2,2,29,29],"current_hp_per_floor":[40,40,39,39,56,56,43,43,43,43,36,57,57,54,54,31,65,61,57,52,40,9,24,24,39,39,42,36,36,36,36,36,0],"gold":302,"neow_bonus":"TWO_FIFTY_GOLD","is_prod":false,"is_daily":false,"chose_seed":false,"campfire_upgraded":4,"win_rate":0,"timestamp":1551754049,"path_taken":["M","$","M","M","?","R","E","M","T","R","?","R","M","M","R","BOSS","M","M","?","?","?","R","?","R","T","M","M","?","M","?","R","BOSS"],"build_version":"2019-01-23","purchased_purges":0,"victory":false,"max_hp_per_floor":[70,70,70,70,70,70,70,70,70,70,70,70,70,70,70,70,75,75,75,52,52,52,52,52,52,52,52,52,52,52,52,52,52],"card_choices":[{"not_picked":["Acrobatics","Escape Plan"],"picked":"Dagger Spray","floor":1.0},{"not_picked":["Blur","Outmaneuver"],"picked":"Backstab","floor":3.0},{"not_picked":["Flechettes","Backflip"],"picked":"Cloak And Dagger","floor":4.0},{"not_picked":["Dash","Skewer"],"picked":"Expertise","floor":7.0},{"not_picked":["Deflect","Quick Slash"],"picked":"Prepared","floor":8.0},{"not_picked":["Prepared","Outmaneuver","Deadly Poison"],"picked":"SKIP","floor":13.0},{"not_picked":["Prepared","Slice"],"picked":"Tactician","floor":14.0},{"not_picked":["Corpse Explosion","Malaise"],"picked":"Storm of Steel","floor":16.0},{"not_picked":["Outmaneuver+1","Finisher"],"picked":"Caltrops","floor":18.0},{"not_picked":["Bane+1","Quick Slash"],"picked":"Backflip+1","floor":19.0},{"not_picked":["Deadly Poison","Sucker Punch"],"picked":"Riddle With Holes","floor":22},{"not_picked":["Noxious Fumes","Acrobatics"],"picked":"Blade Dance","floor":27},{"not_picked":["Dagger Spray","Prepared+1"],"picked":"A Thousand Cuts","floor":28},{"not_picked":["Bane","Storm of Steel"],"picked":"Cloak And Dagger","floor":30}],"player_experience":2353876,"relics_obtained":[{"floor":7.0,"key":"Omamori"},{"floor":9.0,"key":"Kunai"},{"floor":26,"key":"War Paint"}],"event_choices":[{"damage_healed":17.0,"max_hp_gain":0.0,"max_hp_loss":0.0,"gold_gain":0.0,"event_name":"The Cleric","player_choice":"Healed","floor":5.0,"gold_loss":35.0,"damage_taken":0.0},{"damage_healed":0.0,"max_hp_gain":0.0,"max_hp_loss":0.0,"gold_gain":0.0,"event_name":"Scrap Ooze","player_choice":"Success","floor":11.0,"gold_loss":0.0,"damage_taken":7.0,"relics_obtained":["Mercury Hourglass"]},{"damage_healed":0.0,"max_hp_gain":0.0,"max_hp_loss":23.0,"gold_gain":0.0,"event_name":"Vampires","player_choice":"Became a vampire","floor":20.0,"gold_loss":0.0,"damage_taken":0.0,"cards_obtained":["Bite","Bite","Bite","Bite","Bite"]},{"damage_healed":0.0,"max_hp_gain":0.0,"max_hp_loss":0.0,"gold_gain":0.0,"event_name":"Knowing Skull","player_choice":"CARD ","floor":21.0,"potions_obtained":[],"gold_loss":0.0,"damage_taken":12.0,"cards_obtained":["Purity"]},{"damage_healed":0,"gold_gain":0,"player_choice":"Inject Mutagens","damage_taken":0,"relics_obtained":["MutagenicStrength"],"max_hp_gain":0,"max_hp_loss":0,"event_name":"Drug Dealer","floor":24,"gold_loss":0},{"damage_healed":0,"gold_gain":99,"player_choice":"Stole From Cult","damage_taken":0,"max_hp_gain":0,"max_hp_loss":0,"event_name":"Nest","floor":31,"gold_loss":0}],"is_beta":false,"boss_relics":[{"not_picked":["Sozu","Fusion Hammer"],"picked":"Tiny House"}],"items_purged_floors":[],"is_endless":false,"potions_floor_spawned":[7,8,13,18,19,27,28],"killed_by":"Champ","ascension_level":10}