{"gold_per_floor":[116,129,143,157,167,195,195,208,208,238,31,63,76,86,86,183,183,196,212,212,231,231],"floor_reached":22,"playtime":2333,"items_purged":[],"score":212,"play_id":"da49a0d1-150e-4aa4-9f20-c9549791acd2","local_time":"20180701091307","is_ascension_mode":false,"campfire_choices":[{"floor":7,"key":"REST"},{"floor":15,"key":"REST"}],"neow_cost":"","seed_source_timestamp":69701304266131,"circlet_count":0,"master_deck":["Strike_R","Strike_R","Strike_R","Strike_R","Strike_R","Defend_R","Defend_R","Defend_R","Defend_R","Bash","Armaments","Inflame","Carnage","Infernal Blade","Twin Strike","Shrug It Off","Magnetism","True Grit","Flex","Barricade","Reaper+1","Anger+1","Body Slam+1","Necronomicurse","Sever Soul+1"],"relics":["Burning Blood","Self Forming Clay","Bottled Lightning","Oddly Smooth Stone","Molten Egg 2","Philosopher\u0027s Stone","Necronomicon"],"potions_floor_usage":[6,6,10,16,21,21,22],"damage_taken":[{"damage":0,"enemies":"Small Slimes","floor":1,"turns":5},{"damage":1,"enemies":"Cultist","floor":2,"turns":5},{"damage":5,"enemies":"2 Louse","floor":3,"turns":3},{"damage":16,"enemies":"Lots of Slimes","floor":4,"turns":5},{"damage":25,"enemies":"Exordium Thugs","floor":5,"turns":7},{"damage":31,"enemies":"Lagavulin","floor":6,"turns":7},{"damage":7,"enemies":"3 Louse","floor":8,"turns":4},{"damage":3,"enemies":"3 Sentries","floor":10,"turns":4},{"damage":30,"enemies":"Gremlin Nob","floor":12,"turns":5},{"damage":3,"enemies":"Exordium Wildlife","floor":13,"turns":3},{"damage":1,"enemies":"Blue Slaver","floor":14,"turns":4},{"damage":30,"enemies":"The Guardian","floor":16,"turns":19},{"damage":16,"enemies":"Shell Parasite","floor":18,"turns":7},{"damage":41,"enemies":"3 Byrds","floor":19,"turns":5},{"damage":23,"enemies":"Snake Plant","floor":21,"turns":2},{"damage":20,"enemies":"Slaver and Parasite","floor":22,"turns":2}],"seed_played":"-240103540148295801","potions_obtained":[{"floor":2,"key":"EssenceOfSteel"},{"floor":5,"key":"Poison Potion"},{"floor":6,"key":"SpeedPotion"},{"floor":12,"key":"EssenceOfSteel"},{"floor":14,"key":"EssenceOfSteel"},{"floor":16,"key":"Regen Potion"},{"floor":19,"key":"AttackPotion"}],"is_trial":false,"path_per_floor":["M","M","M","M","M","E","R","M","T","E","$","E","M","M","R","B",null,"M","M","?","M"],"character_chosen":"IRONCLAD","items_purchased":["Magnetism"],"campfire_rested":2,"item_purchase_floors":[11],"current_hp_per_floor":[80,80,80,70,51,26,50,49,49,52,52,28,31,36,60,36,80,70,43,27,15,0],"gold":231,"neow_bonus":"","is_prod":false,"is_daily":false,"chose_seed":false,"campfire_upgraded":0,"win_rate":0.0,"timestamp":1530450787,"path_taken":["M","M","M","M","M","E","R","M","T","E","$","E","M","M","R","BOSS","M","M","?","M","M"],"build_version":"2018-06-28","purchased_purges":0,"victory":false,"max_hp_per_floor":[80,80,80,80,80,80,80,80,80,80,80,80,80,80,80,80,80,80,80,80,80,80],"card_choices":[{"not_picked":["Wild Strike","Heavy Blade"],"picked":"Armaments","floor":1},{"not_picked":["Warcry","Cleave"],"picked":"Inflame","floor":2},{"not_picked":["Shockwave","Berserk"],"picked":"Carnage","floor":3},{"not_picked":["Havoc","Clothesline","Armaments"],"picked":"SKIP","floor":4},{"not_picked":["Burning Pact","Rupture"],"picked":"Infernal Blade","floor":5},{"not_picked":["Body Slam","Warcry"],"picked":"Twin Strike","floor":6},{"not_picked":["Warcry","Hemokinesis","Dropkick"],"picked":"SKIP","floor":8},{"not_picked":["Perfected Strike","Rampage"],"picked":"Shrug It Off","floor":10},{"not_picked":["Headbutt","Cleave"],"picked":"True Grit","floor":12},{"not_picked":["Ghostly Armor","Hemokinesis+1"],"picked":"Flex","floor":13},{"not_picked":["Cleave+1","Body Slam+1"],"picked":"Barricade","floor":14},{"not_picked":["Feed+1","Fiend Fire+1"],"picked":"Reaper+1","floor":16},{"not_picked":["Body Slam+1","Pummel+1"],"picked":"Anger+1","floor":18},{"not_picked":["Clash+1","Power Through+1"],"picked":"Body Slam+1","floor":19},{"not_picked":["Armaments","Clash+1"],"picked":"Sever Soul+1","floor":21}],"player_experience":100805,"relics_obtained":[{"floor":6,"key":"Self Forming Clay"},{"floor":9,"key":"Bottled Lightning"},{"floor":10,"key":"Oddly Smooth Stone"},{"floor":12,"key":"Molten Egg 2"},{"floor":20,"key":"Necronomicon"}],"event_choices":[{"event_name":"Cursed Tome","player_choice":"Obtained Book","floor":20,"damage_taken":0}],"boss_relics":[{"not_picked":["Velvet Choker","Calling Bell"],"picked":"Philosopher\u0027s Stone"}],"items_purged_floors":[],"is_endless":false,"potions_floor_spawned":[2,5,6,12,14,16,19],"killed_by":"Slaver and Parasite","ascension_level":0}