{"gold_per_floor":[117,136,146,156,156,156,170,125,149,168,168],"floor_reached":11,"playtime":600,"items_purged":[],"score":84,"play_id":"0a8a887d-b297-4a94-a6c5-7aed488c86ad","local_time":"20181001215730","is_ascension_mode":true,"campfire_choices":[{"floor":6,"key":"REST"}],"neow_cost":"NONE","seed_source_timestamp":253244735573357,"circlet_count":0,"master_deck":["Strike_R","Strike_R","Strike_R","Strike_R","Defend_R","Defend_R","Defend_R","Defend_R","Bash","Double Tap","Wild Strike","Barricade","Feel No Pain","Sentinel","Dark Embrace","Pommel Strike"],"relics":["Burning Blood","Smiling Mask"],"potions_floor_usage":[],"damage_taken":[{"damage":7,"enemies":"Small Slimes","floor":1,"turns":3},{"damage":12,"enemies":"Jaw Worm","floor":2,"turns":3},{"damage":1,"enemies":"Cultist","floor":3,"turns":3},{"damage":40,"enemies":"Lots of Slimes","floor":4,"turns":5},{"damage":15,"enemies":"2 Fungi Beasts","floor":7,"turns":4},{"damage":11,"enemies":"Looter","floor":8,"turns":5},{"damage":71,"enemies":"Exordium Thugs","floor":10,"turns":8},{"damage":16,"enemies":"Blue Slaver","floor":11,"turns":3}],"seed_played":"-2809613673215295262","potions_obtained":[{"floor":4,"key":"Ancient Potion"},{"floor":7,"key":"FairyPotion"}],"is_trial":false,"path_per_floor":["M","M","M","M","?","R","M","M","T","M"],"character_chosen":"IRONCLAD","items_purchased":[],"campfire_rested":1,"item_purchase_floors":[],"current_hp_per_floor":[79,73,78,44,44,68,59,54,54,14,0],"gold":168,"neow_bonus":"ONE_RANDOM_RARE_CARD","is_prod":false,"is_daily":false,"chose_seed":false,"campfire_upgraded":0,"win_rate":0,"timestamp":1538445450,"path_taken":["M","M","M","M","?","R","M","?","T","M","?"],"build_version":"2018-09-27","purchased_purges":0,"victory":false,"max_hp_per_floor":[80,80,80,80,80,80,80,80,80,80,80],"card_choices":[{"not_picked":["Iron Wave","Twin Strike"],"picked":"Wild Strike","floor":1},{"not_picked":["Headbutt","Fire Breathing"],"picked":"Barricade","floor":2},{"not_picked":["Combust","Warcry"],"picked":"Feel No Pain","floor":3},{"not_picked":["Heavy Blade","Infernal Blade"],"picked":"Sentinel","floor":4},{"not_picked":["True Grit","Fire Breathing","Clothesline"],"picked":"SKIP","floor":7},{"not_picked":["Uppercut","Clothesline","Hemokinesis"],"picked":"SKIP","floor":8},{"not_picked":["Havoc","Thunderclap"],"picked":"Pommel Strike","floor":10}],"player_experience":1195204,"relics_obtained":[{"floor":9,"key":"Smiling Mask"}],"event_choices":[{"event_name":"Living Wall","player_choice":"Change","floor":5,"damage_taken":0}],"is_beta":false,"boss_relics":[],"items_purged_floors":[],"is_endless":false,"potions_floor_spawned":[4,7],"killed_by":"Blue Slaver","ascension_level":5}