{"gold_per_floor":[115,134,150,150,150,177,177,193,239,265,265,281,281,109,109,208,208,218,10,10,10,10,37,37,137,137,153,153,183,183,183],"floor_reached":31,"playtime":1806,"items_purged":["Strike_G"],"score":456,"play_id":"0da64887-9e82-4831-92b6-e98172c1478b","local_time":"20181230112010","is_ascension_mode":true,"campfire_choices":[{"floor":7,"key":"REST"},{"floor":11,"key":"REST"},{"data":"Noxious Fumes","floor":13,"key":"SMITH"},{"floor":15,"key":"REST"},{"data":"Neutralize","floor":24,"key":"SMITH"},{"floor":28,"key":"REST"}],"neow_cost":"NONE","seed_source_timestamp":1633588766965836,"circlet_count":0,"master_deck":["AscendersBane","Defend_G","Defend_G","Defend_G","Defend_G","Strike_G","Strike_G","Strike_G","Strike_G","Survivor","Neutralize+1","Acrobatics","Noxious Fumes+1","Catalyst","Sucker Punch+1","Corpse Explosion","Endless Agony+1","Footwork","Quick Slash+1","Flying Knee+1","Doppelganger+1","Injury","Injury","Shame","Underhanded Strike+1","Unload+1","Slice+1","Poisoned Stab+1","Bane+1","Poisoned Stab+1","Endless Agony+1","Dodge and Roll","Burst"],"relics":["Runic Dome","Molten Egg 2","Juzu Bracelet","Happy Flower","The Courier","Calling Bell","Bag of Preparation","Matryoshka","Bird Faced Urn","Gambling Chip","Ninja Scroll","Darkstone Periapt","Regal Pillow"],"potions_floor_usage":[10,10,10,16,23,29,31],"damage_taken":[{"damage":11,"enemies":"Small Slimes","floor":1,"turns":4},{"damage":0,"enemies":"2 Louse","floor":2,"turns":4},{"damage":0,"enemies":"Cultist","floor":3,"turns":4},{"damage":35,"enemies":"Lagavulin","floor":6,"turns":9},{"damage":1,"enemies":"2 Fungi Beasts","floor":8,"turns":5},{"damage":17,"enemies":"3 Sentries","floor":10,"turns":6},{"damage":7,"enemies":"Red Slaver","floor":12,"turns":4},{"damage":11,"enemies":"Slime Boss","floor":16,"turns":5},{"damage":36,"enemies":"2 Thieves","floor":18,"turns":4},{"damage":29,"enemies":"Book of Stabbing","floor":23,"turns":5},{"damage":21,"enemies":"Chosen","floor":27,"turns":4},{"damage":33,"enemies":"Gremlin Leader","floor":29,"turns":6},{"damage":18,"enemies":"Snake Plant","floor":31,"turns":2}],"seed_played":"-8521803039491655828","potions_obtained":[{"floor":6,"key":"PowerPotion"},{"floor":8,"key":"EntropicBrew"},{"floor":16,"key":"Energy Potion"},{"floor":18,"key":"SkillPotion"},{"floor":27,"key":"Explosive Potion"}],"is_trial":false,"path_per_floor":["M","M","M","?","?","E","R","M","T","E","R","M","R","$","R","B",null,"M","$","?","?","?","E","R","?","T","M","R","E","?","M"],"character_chosen":"THE_SILENT","items_purchased":["Footwork","Quick Slash+1","Flying Knee+1","Unload+1","Slice+1","Poisoned Stab+1","Bane+1"],"campfire_rested":4,"item_purchase_floors":[14,14,14,19,19,19,19],"current_hp_per_floor":[52,52,52,45,42,7,28,27,27,10,31,24,24,24,45,34,61,25,25,25,70,70,43,43,43,43,26,47,16,16,0],"gold":183,"neow_bonus":"BOSS_RELIC","is_prod":false,"is_daily":false,"chose_seed":false,"campfire_upgraded":2,"win_rate":0,"timestamp":1546197610,"path_taken":["M","M","M","?","?","E","R","M","T","E","R","M","R","$","R","BOSS","M","$","?","?","?","E","R","?","T","M","R","E","?","M"],"build_version":"2018-12-20","purchased_purges":1,"victory":false,"max_hp_per_floor":[70,70,70,70,70,70,70,70,70,70,70,70,70,70,70,70,70,70,70,70,70,70,70,70,70,70,70,70,70,70,70],"card_choices":[{"not_picked":["Outmaneuver","PiercingWail"],"picked":"Acrobatics","floor":1},{"not_picked":["Prepared","Slice"],"picked":"Noxious Fumes","floor":2},{"not_picked":["Outmaneuver","Blade Dance","PiercingWail"],"picked":"SKIP","floor":3},{"not_picked":["Adrenaline","All Out Attack+1"],"picked":"Catalyst","floor":6},{"not_picked":["Backstab+1","Well Laid Plans"],"picked":"Sucker Punch+1","floor":8},{"not_picked":["Reflex","Poisoned Stab+1"],"picked":"Corpse Explosion","floor":10},{"not_picked":["Sucker Punch+1","Acrobatics"],"picked":"Endless Agony+1","floor":12},{"not_picked":["Grand Finale+1","Corpse Explosion"],"picked":"Doppelganger","floor":16},{"not_picked":["Accuracy+1","Blade Dance"],"picked":"Underhanded Strike+1","floor":18},{"not_picked":["Grand Finale+1","Setup"],"picked":"Endless Agony+1","floor":23},{"not_picked":["Slice+1","Quick Slash+1"],"picked":"Dodge and Roll","floor":27},{"not_picked":["Deadly Poison","Blade Dance"],"picked":"Burst","floor":29}],"player_experience":581107,"relics_obtained":[{"floor":6,"key":"Juzu Bracelet"},{"floor":9,"key":"Happy Flower"},{"floor":10,"key":"The Courier"},{"floor":17,"key":"Bag of Preparation"},{"floor":17,"key":"Matryoshka"},{"floor":17,"key":"Bird Faced Urn"},{"floor":23,"key":"Gambling Chip"},{"floor":26,"key":"Ninja Scroll"},{"floor":26,"key":"Darkstone Periapt"},{"floor":29,"key":"Regal Pillow"}],"event_choices":[{"cards_removed":["Defend_G"],"damage_healed":0,"gold_gain":0,"player_choice":"Card Removal","damage_taken":7,"max_hp_gain":0,"max_hp_loss":0,"event_name":"Golden Wing","floor":4,"gold_loss":0},{"damage_healed":0,"gold_gain":0,"player_choice":"Success","damage_taken":3,"relics_obtained":["Molten Egg 2"],"max_hp_gain":0,"max_hp_loss":0,"event_name":"Scrap Ooze","floor":5,"gold_loss":0},{"damage_healed":0,"gold_gain":0,"player_choice":"Ignored","damage_taken":0,"max_hp_gain":0,"max_hp_loss":0,"event_name":"Cursed Tome","floor":20,"gold_loss":0},{"damage_healed":45,"gold_gain":0,"player_choice":"Full Heal","damage_taken":0,"max_hp_gain":0,"max_hp_loss":0,"event_name":"Wheel of Change","floor":21,"gold_loss":0},{"damage_healed":0,"gold_gain":0,"player_choice":"Read","damage_taken":0,"max_hp_gain":0,"max_hp_loss":0,"event_name":"The Library","floor":22,"gold_loss":0,"cards_obtained":["Poisoned Stab"]},{"damage_healed":0,"gold_gain":100,"player_choice":"Pray","damage_taken":0,"max_hp_gain":0,"max_hp_loss":0,"event_name":"Golden Shrine","floor":25,"gold_loss":0},{"damage_healed":0,"gold_gain":0,"player_choice":"Forge","damage_taken":0,"max_hp_gain":0,"max_hp_loss":0,"event_name":"Accursed Blacksmith","floor":30,"gold_loss":0,"cards_upgraded":["Doppelganger"]}],"is_beta":false,"boss_relics":[{"not_picked":["Runic Pyramid","Lizard Tail"],"picked":"Calling Bell"}],"items_purged_floors":[14],"is_endless":false,"potions_floor_spawned":[6,8,16,18,27],"killed_by":"Snake Plant","ascension_level":10}