{"gold_per_floor":[117,135,150,110,123,152,212,212,265,277,47,61,87,52,52,155,155,155,155,155,155,10,10,10,10,10,10,10,10,10,10,10,10],"floor_reached":33,"playtime":1820,"items_purged":["Strike_B"],"score":272,"play_id":"050754eb-f1cc-4328-b014-8ce3235e6553","local_time":"20181211233719","is_ascension_mode":true,"campfire_choices":[{"floor":8,"key":"RECALL"},{"floor":15,"key":"REST"},{"floor":23,"key":"REST"},{"floor":25,"key":"REST"},{"floor":27,"key":"REST"},{"floor":32,"key":"REST"}],"neow_cost":"NONE","seed_source_timestamp":466696334540028,"circlet_count":0,"master_deck":["Strike_B","Strike_B","Defend_B","Defend_B","Defend_B","Defend_B","Zap+1","Dualcast","Melter","Ball Lightning","Cold Snap","Coolheaded","All For One","Self Repair","Capacitor","Loop","Redo","Gash","Thunder Strike","Conserve Battery+1","Fusion+1","Fusion","Recycle+1","Creative AI","Sweeping Beam","Hologram+1","Darkness","Core Surge","Go for the Eyes+1","Force Field+1","Glacier"],"relics":["Cracked Core","Lantern","Question Card","Dream Catcher","PreservedInsect","Strawberry","Ectoplasm","Nunchaku"],"potions_floor_usage":[5,16,21,21,24,29,30],"damage_taken":[{"damage":1,"enemies":"Cultist","floor":1,"turns":3},{"damage":1,"enemies":"Jaw Worm","floor":2,"turns":3},{"damage":1,"enemies":"2 Louse","floor":3,"turns":2},{"damage":3,"enemies":"Large Slime","floor":5,"turns":5},{"damage":20,"enemies":"Lagavulin","floor":6,"turns":5},{"damage":4,"enemies":"Gremlin Nob","floor":7,"turns":3},{"damage":5,"enemies":"Looter","floor":10,"turns":2},{"damage":15,"enemies":"Lots of Slimes","floor":12,"turns":4},{"damage":27,"enemies":"3 Sentries","floor":13,"turns":5},{"damage":33,"enemies":"Slime Boss","floor":16,"turns":7},{"damage":40,"enemies":"3 Byrds","floor":18,"turns":5},{"damage":12,"enemies":"Chosen","floor":19,"turns":5},{"damage":21,"enemies":"Centurion and Healer","floor":21,"turns":8},{"damage":50,"enemies":"Chosen and Byrds","floor":24,"turns":7},{"damage":25,"enemies":"Snecko","floor":29,"turns":5},{"damage":20,"enemies":"Sentry and Sphere","floor":30,"turns":4},{"damage":48,"enemies":"Collector","floor":33,"turns":3}],"seed_played":"411714756999008589","potions_obtained":[{"floor":1,"key":"SpeedPotion"},{"floor":4,"key":"SkillPotion"},{"floor":4,"key":"Block Potion"},{"floor":6,"key":"SteroidPotion"},{"floor":19,"key":"Swift Potion"},{"floor":21,"key":"AttackPotion"},{"floor":29,"key":"Energy Potion"}],"is_trial":false,"path_per_floor":["M","M","M","?","M","E","?","R","T","M","$","M","E","?","R","B",null,"M","M","?","M","$","R","M","R","T","R","?","M","M","$","R","B"],"character_chosen":"DEFECT","items_purchased":["PreservedInsect","Creative AI"],"campfire_rested":5,"item_purchase_floors":[11,22],"current_hp_per_floor":[74,73,72,72,69,49,45,45,45,47,47,39,26,46,70,44,82,49,44,44,30,30,54,11,35,35,59,59,34,14,14,38,0],"gold":10,"neow_bonus":"RANDOM_COMMON_RELIC","is_prod":false,"is_daily":false,"chose_seed":false,"campfire_upgraded":0,"win_rate":0,"timestamp":1544589439,"path_taken":["M","?","M","?","?","E","?","R","T","M","$","M","E","?","R","BOSS","M","M","?","?","$","R","M","R","T","R","?","M","M","?","R","BOSS"],"build_version":"2018-12-06","purchased_purges":1,"victory":false,"max_hp_per_floor":[75,75,75,75,75,75,75,75,75,75,75,75,82,82,82,82,82,82,82,82,82,82,82,82,82,82,82,82,82,82,82,82,82],"card_choices":[{"not_picked":["Lockon","Leap"],"picked":"Melter","floor":1},{"not_picked":["Hologram","Rebound"],"picked":"Ball Lightning","floor":2},{"not_picked":["Skim","Compile Driver"],"picked":"Cold Snap","floor":3},{"not_picked":["Ball Lightning","Rebound"],"picked":"Coolheaded","floor":5},{"not_picked":["Auto Shields","Leap"],"picked":"All For One","floor":6},{"not_picked":["Gash","Conserve Battery","Cold Snap"],"picked":"Self Repair","floor":7},{"not_picked":["Sweeping Beam","Cold Snap","Ball Lightning"],"picked":"Capacitor","floor":10},{"not_picked":["Steam","Go for the Eyes","Conserve Battery"],"picked":"Loop","floor":12},{"not_picked":["Sweeping Beam","Cold Snap","Darkness"],"picked":"Redo","floor":13},{"not_picked":["Sweeping Beam","Consume","Leap"],"picked":"Gash","floor":15},{"not_picked":["Meteor Strike","Buffer","Multi-Cast"],"picked":"Thunder Strike","floor":16},{"not_picked":["Barrage","Gash","Melter+1"],"picked":"Conserve Battery+1","floor":18},{"not_picked":["Turbo","Coolheaded","Steam"],"picked":"Fusion+1","floor":19},{"not_picked":["Double Energy","Scrape","Streamline+1"],"picked":"Recycle+1","floor":21},{"not_picked":["Turbo+1","Aggregate","Melter"],"picked":"Sweeping Beam","floor":23},{"not_picked":["Compile Driver","Stack","Heatsinks"],"picked":"Hologram+1","floor":24},{"not_picked":["Leap","Rip and Tear","Consume"],"picked":"Darkness","floor":25},{"not_picked":["Genetic Algorithm","Reinforced Body+1","Chill"],"picked":"Core Surge","floor":27},{"not_picked":["Beam Cell","Steam","Turbo"],"picked":"Go for the Eyes+1","floor":29},{"not_picked":["Blizzard","Redo+1","Turbo+1"],"picked":"Force Field+1","floor":30},{"not_picked":["Hello World+1","Melter","Barrage"],"picked":"Glacier","floor":32}],"player_experience":108783,"relics_obtained":[{"floor":6,"key":"Question Card"},{"floor":7,"key":"Dream Catcher"},{"floor":13,"key":"Strawberry"},{"floor":26,"key":"Nunchaku"}],"event_choices":[{"damage_healed":0,"gold_gain":0,"player_choice":"Bought 3 Potions","damage_taken":0,"max_hp_gain":0,"max_hp_loss":0,"event_name":"The Woman in Blue","floor":4,"gold_loss":0},{"damage_healed":0,"gold_gain":0,"player_choice":"Searched \u00271\u0027 times","damage_taken":0,"max_hp_gain":0,"max_hp_loss":0,"event_name":"Dead Adventurer","floor":7,"gold_loss":0},{"damage_healed":20,"gold_gain":0,"player_choice":"Healed","damage_taken":0,"max_hp_gain":0,"max_hp_loss":0,"event_name":"The Cleric","floor":14,"gold_loss":35},{"damage_healed":0,"gold_gain":0,"cards_transformed":["Strike_B"],"player_choice":"Transformed","damage_taken":0,"max_hp_gain":0,"max_hp_loss":0,"event_name":"Transmorgrifier","floor":20,"gold_loss":0,"cards_obtained":["Fusion"]},{"damage_healed":0,"gold_gain":0,"player_choice":"Forge","damage_taken":0,"max_hp_gain":0,"max_hp_loss":0,"event_name":"Accursed Blacksmith","floor":28,"gold_loss":0,"cards_upgraded":["Zap"]}],"is_beta":false,"boss_relics":[{"not_picked":["Cursed Key","Coffee Dripper"],"picked":"Ectoplasm"}],"items_purged_floors":[11],"is_endless":false,"potions_floor_spawned":[1,6,7,12,13,19,21,29],"killed_by":"Collector","ascension_level":1}