{"gold_per_floor":[99,99,117,42,60,91,106,181,181,131,143,157,177,205,205,300,300,281,281,297,197,216,216,249,249,249,259,277,277,277,294,294,397,397,410,88,100,100,119,149,149,149,197,231,248,261,136,151,151,151],"floor_reached":51,"playtime":5309,"items_purged":["Defend_R","Defend_R","Strike_R"],"score":918,"play_id":"e4dbeba4-c9ee-42be-9e0e-c522751ade5e","local_time":"20180714121852","is_ascension_mode":false,"campfire_choices":[{"data":"Armaments","floor":15,"key":"SMITH"},{"data":"Metallicize","floor":23,"key":"SMITH"},{"floor":25,"key":"REST"},{"floor":29,"key":"REST"},{"floor":32,"key":"REST"},{"floor":42,"key":"REST"},{"floor":49,"key":"REST"}],"neow_cost":"NONE","seed_source_timestamp":168112149297292,"circlet_count":0,"master_deck":["Strike_R","Strike_R","Strike_R","Defend_R","Bash","Iron Wave","Power Through","Battle Trance","Sword Boomerang","Flex","Evolve","Armaments+1","Impervious","Bludgeon","Metallicize+1","Armaments+1","Pommel Strike","Sword Boomerang+1","Wild Strike+1","Flex+1","Deep Breath","Panacea","Spot Weakness","Wild Strike","Heavy Blade+1","Whirlwind","Flex+1","Bandage Up","Pummel+1","Heavy Blade+1"],"relics":["Burning Blood","Boot","Bronze Scales","Mummified Hand","Ginger","Black Star","Anchor","Pen Nib","Dream Catcher","Velvet Choker","Shuriken","Singing Bowl","Frozen Egg 2","Gambling Chip","Orichalcum","Bag of Marbles","Lantern"],"potions_floor_usage":[6,18,18,24,33,33,44,50],"damage_taken":[{"damage":0,"enemies":"Small Slimes","floor":1,"turns":3},{"damage":3,"enemies":"Jaw Worm","floor":3,"turns":3},{"damage":7,"enemies":"2 Louse","floor":5,"turns":3},{"damage":50,"enemies":"Lagavulin","floor":6,"turns":10},{"damage":0,"enemies":"Lots of Slimes","floor":7,"turns":3},{"damage":5,"enemies":"Looter","floor":11,"turns":2},{"damage":0,"enemies":"Red Slaver","floor":12,"turns":4},{"damage":1,"enemies":"Exordium Thugs","floor":13,"turns":4},{"damage":19,"enemies":"Gremlin Nob","floor":14,"turns":4},{"damage":11,"enemies":"The Guardian","floor":16,"turns":12},{"damage":12,"enemies":"2 Thieves","floor":18,"turns":4},{"damage":8,"enemies":"Spheric Guardian","floor":20,"turns":6},{"damage":3,"enemies":"Chosen and Byrds","floor":22,"turns":5},{"damage":52,"enemies":"Gremlin Leader","floor":24,"turns":7},{"damage":14,"enemies":"Snake Plant","floor":27,"turns":4},{"damage":5,"enemies":"Centurion and Healer","floor":28,"turns":4},{"damage":1,"enemies":"Chosen and Byrds","floor":31,"turns":3},{"damage":70,"enemies":"Automaton","floor":33,"turns":10},{"damage":4,"enemies":"3 Darklings","floor":35,"turns":3},{"damage":5,"enemies":"3 Shapes","floor":37,"turns":3},{"damage":32,"enemies":"Transient","floor":39,"turns":5},{"damage":21,"enemies":"Nemesis","floor":40,"turns":5},{"damage":17,"floor":41,"turns":5},{"damage":31,"enemies":"Giant Head","floor":44,"turns":7},{"damage":15,"enemies":"Maw","floor":45,"turns":5},{"damage":12,"enemies":"3 Darklings","floor":46,"turns":4},{"damage":5,"enemies":"Transient","floor":48,"turns":5},{"damage":51,"enemies":"Time Eater","floor":50,"turns":8}],"seed_played":"2834984704742134274","potions_obtained":[{"floor":5,"key":"Weak Potion"},{"floor":7,"key":"Poison Potion"},{"floor":12,"key":"FearPotion"},{"floor":14,"key":"Weak Potion"},{"floor":18,"key":"GamblersBrew"},{"floor":24,"key":"Block Potion"},{"floor":27,"key":"Regen Potion"},{"floor":37,"key":"Fire Potion"},{"floor":39,"key":"Fire Potion"},{"floor":45,"key":"Dexterity Potion"}],"is_trial":false,"path_per_floor":["M","?","M","$","M","E","M","?","T","?","M","M","M","E","R","B",null,"M","?","M","$","M","R","E","R","T","M","M","R","?","M","R","B",null,"M","$","M","?","M","E","?","R","T","E","M","M","$","M","R","B"],"character_chosen":"IRONCLAD","items_purchased":["Whirlwind","Shuriken"],"campfire_rested":5,"item_purchase_floors":[36,36],"current_hp_per_floor":[80,80,80,80,79,35,41,33,33,33,34,40,45,32,32,27,80,74,74,72,72,75,75,29,53,53,45,46,70,46,51,75,25,80,80,80,80,80,54,47,44,71,71,52,49,49,49,54,83,38],"gold":151,"neow_bonus":"RANDOM_COMMON_RELIC","is_prod":false,"is_daily":false,"chose_seed":false,"campfire_upgraded":2,"win_rate":0,"timestamp":1531585132,"path_taken":["M","?","?","$","M","E","M","?","T","?","M","M","M","E","R","BOSS","M","?","M","$","M","R","E","R","T","M","M","R","?","M","R","BOSS","M","$","?","?","M","E","?","R","T","E","M","M","$","M","R","BOSS"],"build_version":"2018-07-12","purchased_purges":3,"victory":true,"max_hp_per_floor":[80,80,80,80,80,80,80,80,80,80,80,80,80,80,80,80,80,80,80,80,80,80,80,80,80,80,80,80,80,80,80,80,80,80,80,80,80,80,80,82,84,86,86,88,90,90,90,90,92,92],"card_choices":[{"not_picked":["Cleave","Clash"],"picked":"Iron Wave","floor":1},{"not_picked":["Carnage","Iron Wave"],"picked":"Power Through","floor":3},{"not_picked":["Reaper","Searing Blow"],"picked":"Battle Trance","floor":5},{"not_picked":["Pummel","Anger"],"picked":"Sword Boomerang","floor":6},{"not_picked":["Anger","Corruption"],"picked":"Flex","floor":7},{"not_picked":["Ghostly Armor","Wild Strike"],"picked":"Evolve","floor":11},{"not_picked":["Twin Strike","Body Slam"],"picked":"Armaments","floor":12},{"not_picked":["Limit Break","Clash","Headbutt"],"picked":"SKIP","floor":13},{"not_picked":["Flex","Iron Wave"],"picked":"Impervious","floor":14},{"not_picked":["Feed","Brutality"],"picked":"Bludgeon","floor":16},{"not_picked":["Evolve","Disarm"],"picked":"Metallicize","floor":18},{"not_picked":["Rampage","Iron Wave"],"picked":"Pommel Strike","floor":20},{"not_picked":["Flex","Anger"],"picked":"Sword Boomerang+1","floor":22},{"not_picked":["Headbutt","Heavy Blade+1"],"picked":"Wild Strike+1","floor":24},{"not_picked":["Twin Strike","Carnage","Metallicize"],"picked":"SKIP","floor":27},{"not_picked":["Havoc+1","Second Wind"],"picked":"Flex+1","floor":28},{"not_picked":["True Grit","Pommel Strike"],"picked":"Spot Weakness","floor":31},{"not_picked":["Bludgeon","Fire Breathing"],"picked":"Wild Strike","floor":32},{"not_picked":["Headbutt+1","Blood for Blood"],"picked":"Heavy Blade+1","floor":35},{"not_picked":["Iron Wave","Pommel Strike"],"picked":"Flex+1","floor":37},{"not_picked":["Madness","Dark Shackles"],"picked":"Bandage Up","floor":38},{"not_picked":["Armaments","Heavy Blade","Havoc"],"picked":"SKIP","floor":39},{"not_picked":["Flex","Immolate","Anger+1"],"picked":"Singing Bowl","floor":40},{"not_picked":["Ghostly Armor","Warcry","Uppercut"],"picked":"Singing Bowl","floor":41},{"not_picked":["Clothesline+1","Shrug It Off","Heavy Blade"],"picked":"Singing Bowl","floor":42},{"not_picked":["Berserk+1","Thunderclap","Body Slam"],"picked":"Singing Bowl","floor":44},{"not_picked":["Body Slam","Clash","Twin Strike"],"picked":"Singing Bowl","floor":45},{"not_picked":["Shrug It Off+1","True Grit"],"picked":"Pummel+1","floor":46},{"not_picked":["Sword Boomerang","Flex+1"],"picked":"Heavy Blade+1","floor":48},{"not_picked":["Headbutt+1","Cleave","Flex"],"picked":"Singing Bowl","floor":49}],"player_experience":260925,"relics_obtained":[{"floor":6,"key":"Bronze Scales"},{"floor":9,"key":"Mummified Hand"},{"floor":14,"key":"Ginger"},{"floor":24,"key":"Anchor"},{"floor":24,"key":"Pen Nib"},{"floor":26,"key":"Dream Catcher"},{"floor":40,"key":"Singing Bowl"},{"floor":40,"key":"Frozen Egg 2"},{"floor":41,"key":"Gambling Chip"},{"floor":43,"key":"Orichalcum"},{"floor":44,"key":"Bag of Marbles"},{"floor":44,"key":"Lantern"}],"event_choices":[{"event_name":"Living Wall","player_choice":"Forget","floor":2,"damage_taken":0},{"event_name":"FaceTrader","player_choice":"Touch","floor":8,"damage_taken":0},{"event_name":"The Cleric","player_choice":"Card Removal","floor":10,"damage_taken":0},{"event_name":"Duplicator","player_choice":"One dupe","floor":19,"damage_taken":0},{"event_name":"Knowing Skull","player_choice":"CARD CARD ","floor":30,"damage_taken":0},{"event_name":"SensoryStone","player_choice":"Memory 1","floor":38,"damage_taken":0},{"event_name":"MindBloom","player_choice":"Fight","floor":41,"damage_taken":0}],"boss_relics":[{"not_picked":["Black Blood","Eternal Feather"],"picked":"Black Star"},{"not_picked":["Lizard Tail","Runic Cube"],"picked":"Velvet Choker"}],"items_purged_floors":[4,21,47],"is_endless":false,"potions_floor_spawned":[5,7,12,14,16,18,24,27,31,37,39,41,45],"ascension_level":0}