{"gold_per_floor":[214,16,35,52,68,68,68,98,98,116,131,131,143,157,157,260,260,277,277,296,296,310,310,343,358,388,388,303,36,36,36,36,133,133,145,163,163,175,191,191],"floor_reached":40,"playtime":3606,"items_purged":["Strike_R"],"score":681,"play_id":"10b9d567-a986-40a1-b5fc-8fff5fbb55dc","local_time":"20190113212917","is_ascension_mode":true,"campfire_choices":[{"data":"Armaments","floor":6,"key":"SMITH"},{"data":"Battle Trance","floor":12,"key":"SMITH"},{"data":"Wild Strike","floor":15,"key":"SMITH"},{"data":"Feed","floor":23,"key":"SMITH"},{"data":"Heavy Blade","floor":27,"key":"SMITH"},{"data":"Infernal Blade","floor":30,"key":"SMITH"},{"floor":32,"key":"REST"}],"neow_cost":"NONE","seed_source_timestamp":159800305572638,"circlet_count":0,"master_deck":["AscendersBane","Strike_R","Strike_R","Strike_R","Defend_R","Defend_R","Defend_R","Bash+1","Armaments+1","Evolve","Shrug It Off","Metallicize","Infernal Blade+1","Wild Strike+1","Battle Trance+1","Feel No Pain","Warcry","Feed+1","Shrug It Off","Immolate","Heavy Blade+1","Dark Embrace","Limit Break","Reckless Charge","Wild Strike"],"relics":["Burning Blood","MealTicket","Red Skull","Matryoshka","Velvet Choker","MutagenicStrength","Shuriken","Tiny Chest","Mercury Hourglass","Strawberry","Brimstone","Empty Cage","Lantern"],"potions_floor_usage":[11,18,22,33,33],"damage_taken":[{"damage":6,"enemies":"Cultist","floor":1,"turns":4},{"damage":0,"enemies":"Small Slimes","floor":3,"turns":3},{"damage":18,"enemies":"Jaw Worm","floor":4,"turns":4},{"damage":9,"enemies":"3 Louse","floor":5,"turns":4},{"damage":22,"enemies":"Lagavulin","floor":8,"turns":10},{"damage":8,"enemies":"Looter","floor":10,"turns":3},{"damage":9,"enemies":"Gremlin Gang","floor":11,"turns":7},{"damage":2,"enemies":"3 Louse","floor":13,"turns":3},{"damage":9,"enemies":"Looter","floor":14,"turns":3},{"damage":24,"enemies":"Hexaghost","floor":16,"turns":9},{"damage":13,"enemies":"3 Byrds","floor":18,"turns":6},{"damage":4,"enemies":"Chosen","floor":20,"turns":4},{"damage":18,"enemies":"Centurion and Healer","floor":22,"turns":10},{"damage":15,"enemies":"Slavers","floor":24,"turns":5},{"damage":20,"enemies":"Snake Plant","floor":25,"turns":4},{"damage":59,"enemies":"Collector","floor":33,"turns":7},{"damage":20,"enemies":"3 Darklings","floor":35,"turns":4},{"damage":2,"enemies":"3 Shapes","floor":36,"turns":4},{"damage":0,"enemies":"Jaw Worm Horde","floor":38,"turns":2},{"damage":52,"enemies":"Spire Growth","floor":39,"turns":4},{"damage":61,"enemies":"Nemesis","floor":40,"turns":3}],"seed_played":"5264075569933258285","potions_obtained":[{"floor":3,"key":"SkillPotion"},{"floor":4,"key":"LiquidBronze"},{"floor":16,"key":"Poison Potion"},{"floor":20,"key":"BloodPotion"},{"floor":24,"key":"EssenceOfSteel"},{"floor":33,"key":"Strength Potion"},{"floor":36,"key":"Swift Potion"}],"is_trial":false,"path_per_floor":["M","$","M","M","M","R","?","E","T","M","M","R","M","M","R","B",null,"M","?","M","?","M","R","E","M","T","R","?","$","R","?","R","B",null,"M","M","?","M","M","E"],"character_chosen":"IRONCLAD","items_purchased":["MealTicket","Brimstone"],"campfire_rested":1,"item_purchase_floors":[2,29],"current_hp_per_floor":[72,72,78,66,63,63,63,47,47,45,42,42,46,43,43,25,66,62,62,64,64,52,52,47,33,33,33,40,55,55,55,83,43,84,74,78,78,84,38,0],"gold":191,"neow_bonus":"HUNDRED_GOLD","is_prod":false,"is_daily":false,"chose_seed":false,"campfire_upgraded":6,"win_rate":0,"timestamp":1547432957,"path_taken":["M","?","M","M","M","R","?","E","T","M","M","R","M","M","R","BOSS","M","?","M","?","M","R","E","M","T","R","?","$","R","?","R","BOSS","M","M","?","M","M","E"],"build_version":"2019-01-10","purchased_purges":1,"victory":false,"max_hp_per_floor":[80,80,80,80,80,80,80,80,80,80,80,80,80,80,80,80,80,83,83,83,83,83,83,87,87,87,87,94,94,94,94,94,98,98,102,102,102,102,102,102],"card_choices":[{"not_picked":["Iron Wave","Rupture"],"picked":"Armaments","floor":1},{"not_picked":["Ghostly Armor","Infernal Blade"],"picked":"Evolve","floor":3},{"not_picked":["Headbutt","Iron Wave"],"picked":"Shrug It Off","floor":4},{"not_picked":["Clash","Disarm"],"picked":"Metallicize","floor":5},{"not_picked":["Thunderclap","Combust"],"picked":"Infernal Blade","floor":8},{"not_picked":["Flex","Body Slam"],"picked":"Wild Strike","floor":10},{"not_picked":["Havoc","Cleave"],"picked":"Battle Trance","floor":11},{"not_picked":["Fiend Fire","Pommel Strike"],"picked":"Feel No Pain","floor":13},{"not_picked":["Dual Wield","Sword Boomerang"],"picked":"Warcry","floor":14},{"not_picked":["Offering","Immolate"],"picked":"Feed","floor":16},{"not_picked":["Body Slam+1","Clothesline","Inflame"],"picked":"SKIP","floor":18},{"not_picked":["Bloodletting","Havoc"],"picked":"Shrug It Off","floor":20},{"not_picked":["Flex","Twin Strike","Clash"],"picked":"SKIP","floor":22},{"not_picked":["Pommel Strike","Cleave+1"],"picked":"Heavy Blade","floor":24},{"not_picked":["Clash+1","Armaments"],"picked":"Dark Embrace","floor":25},{"not_picked":["Bludgeon","Feed"],"picked":"Limit Break","floor":33},{"not_picked":["Hemokinesis+1","Heavy Blade"],"picked":"Reckless Charge","floor":35},{"not_picked":["Metallicize","Thunderclap","Bloodletting+1"],"picked":"SKIP","floor":36},{"not_picked":["Perfected Strike","Pummel","Havoc"],"picked":"SKIP","floor":38},{"not_picked":["Battle Trance+1","Perfected Strike"],"picked":"Wild Strike","floor":39}],"player_experience":1751187,"relics_obtained":[{"floor":8,"key":"Red Skull"},{"floor":9,"key":"Matryoshka"},{"floor":24,"key":"Shuriken"},{"floor":26,"key":"Tiny Chest"},{"floor":26,"key":"Mercury Hourglass"}],"event_choices":[{"damage_healed":0,"gold_gain":0,"player_choice":"Upgraded","damage_taken":0,"max_hp_gain":0,"max_hp_loss":0,"event_name":"Upgrade Shrine","floor":7,"gold_loss":0,"cards_upgraded":["Bash"]},{"damage_healed":0,"gold_gain":0,"player_choice":"Inject Mutagens","damage_taken":0,"relics_obtained":["MutagenicStrength"],"max_hp_gain":0,"max_hp_loss":0,"event_name":"Drug Dealer","floor":19,"gold_loss":0},{"damage_healed":0,"gold_gain":0,"player_choice":"Read","damage_taken":0,"max_hp_gain":0,"max_hp_loss":0,"event_name":"The Library","floor":21,"gold_loss":0,"cards_obtained":["Immolate"]},{"damage_healed":0,"gold_gain":0,"player_choice":"Obtained Relic","damage_taken":0,"relics_obtained":["Strawberry"],"max_hp_gain":0,"max_hp_loss":0,"event_name":"Addict","floor":28,"gold_loss":85},{"damage_healed":0,"gold_gain":0,"player_choice":"Ignored","damage_taken":0,"max_hp_gain":0,"max_hp_loss":0,"event_name":"Beggar","floor":31,"gold_loss":0},{"damage_healed":0,"gold_gain":0,"player_choice":"Gave Potion","damage_taken":0,"relics_obtained":["Lantern"],"max_hp_gain":0,"max_hp_loss":0,"event_name":"WeMeetAgain","floor":37,"gold_loss":0}],"is_beta":false,"boss_relics":[{"not_picked":["Lizard Tail","Runic Cube"],"picked":"Velvet Choker"},{"not_picked":["Pandora\u0027s Box","Orrery"],"picked":"Empty Cage"}],"items_purged_floors":[29],"is_endless":false,"potions_floor_spawned":[3,4,16,20,24,33,36],"killed_by":"Nemesis","ascension_level":10}