{"gold_per_floor":[118,193,204,214,179,179,197,232,232,232,244,264,264,284,284,355,355,375,385,173,173],"floor_reached":21,"playtime":4096,"items_purged":[],"score":311,"play_id":"4cb994e7-1da6-4e5a-a1c1-6df60585d018","local_time":"20190418144659","is_ascension_mode":true,"campfire_choices":[{"floor":6.0,"key":"REST"},{"data":"Creative AI","floor":10.0,"key":"SMITH"},{"floor":13.0,"key":"REST"},{"floor":15.0,"key":"REST"}],"neow_cost":"PERCENT_DAMAGE","seed_source_timestamp":0,"circlet_count":0,"master_deck":["AscendersBane","Strike_B","Strike_B","Defend_B","Defend_B","Defend_B","Defend_B","Zap","Dualcast","Creative AI+1","Seek","Cold Snap","Core Surge","Sweeping Beam","Gash","White Noise","Thunder Strike","Conserve Battery","Static Discharge+1","Echo Form+1","Hologram","Hologram","Coolheaded","Mayhem+1"],"special_seed":0,"relics":["Cracked Core","Bronze Scales","Frozen Egg 2","Inserter"],"potions_floor_usage":[21],"damage_taken":[{"damage":2.0,"enemies":"Jaw Worm","floor":1.0,"turns":3.0},{"damage":8.0,"enemies":"Small Slimes","floor":3.0,"turns":5.0},{"damage":3.0,"enemies":"2 Louse","floor":4.0,"turns":3.0},{"damage":6.0,"enemies":"Red Slaver","floor":7.0,"turns":3.0},{"damage":24.0,"enemies":"Lagavulin","floor":8.0,"turns":10.0},{"damage":12.0,"enemies":"Gremlin Gang","floor":11.0,"turns":3.0},{"damage":10.0,"enemies":"Looter","floor":12.0,"turns":3.0},{"damage":8.0,"enemies":"3 Louse","floor":14.0,"turns":3.0},{"damage":28.0,"enemies":"The Guardian","floor":16.0,"turns":9.0},{"damage":15.0,"enemies":"Chosen","floor":18.0,"turns":5.0},{"damage":22.0,"enemies":"Shell Parasite","floor":19.0,"turns":6.0},{"damage":29,"enemies":"Snecko","floor":21,"turns":4}],"seed_played":"-6020629420495712108","potions_obtained":[{"floor":1.0,"key":"LiquidBronze"},{"floor":7.0,"key":"Strength Potion"},{"floor":11.0,"key":"Weak Potion"},{"floor":14.0,"key":"Explosive Potion"},{"floor":16.0,"key":"LiquidBronze"},{"floor":19.0,"key":"Regen Potion"}],"is_trial":false,"path_per_floor":["M","?","M","M","?","R","M","E","T","R","M","M","R","M","R","B",null,"M","M","$","M"],"character_chosen":"DEFECT","items_purchased":["Coolheaded","Mayhem+1"],"campfire_rested":3,"item_purchase_floors":[20,20],"current_hp_per_floor":[44,33,25,22,39,60,54,30,30,30,18,8,29,21,42,14,57,42,20,20,0],"gold":173,"neow_bonus":"TRANSFORM_TWO_CARDS","is_prod":false,"is_daily":false,"chose_seed":false,"campfire_upgraded":1,"win_rate":0,"timestamp":1555613219,"path_taken":["M","?","M","M","?","R","M","E","T","R","M","M","R","M","R","BOSS","M","M","$","M"],"build_version":"2019-01-23","purchased_purges":0,"victory":false,"max_hp_per_floor":[71,71,71,71,71,71,71,71,71,71,71,71,71,71,71,71,71,71,71,71,71],"card_choices":[{"not_picked":["Steam Power","Redo"],"picked":"Cold Snap","floor":1.0},{"not_picked":["Conserve Battery","Beam Cell"],"picked":"Core Surge","floor":3.0},{"not_picked":["Streamline","Undo"],"picked":"Sweeping Beam","floor":4.0},{"not_picked":["Redo","Coolheaded"],"picked":"Gash","floor":7.0},{"not_picked":["Conserve Battery","Rebound"],"picked":"White Noise","floor":8.0},{"not_picked":["Stack","Go for the Eyes"],"picked":"Thunder Strike","floor":11.0},{"not_picked":["Rebound","Barrage"],"picked":"Conserve Battery","floor":12.0},{"not_picked":["Beam Cell","Ball Lightning"],"picked":"Static Discharge+1","floor":14.0},{"not_picked":["Thunder Strike","Core Surge"],"picked":"Echo Form+1","floor":16.0},{"not_picked":["Sweeping Beam","Turbo"],"picked":"Hologram","floor":18.0},{"not_picked":["Steam","Beam Cell"],"picked":"Hologram","floor":19.0}],"player_experience":2768934,"relics_obtained":[{"floor":8.0,"key":"Bronze Scales"},{"floor":9.0,"key":"Frozen Egg 2"}],"event_choices":[{"damage_healed":0.0,"max_hp_gain":0.0,"max_hp_loss":0.0,"gold_gain":75.0,"event_name":"World of Goop","player_choice":"Gather Gold","floor":2.0,"gold_loss":0.0,"damage_taken":11.0},{"damage_healed":17.0,"max_hp_gain":0.0,"max_hp_loss":0.0,"gold_gain":0.0,"event_name":"The Cleric","player_choice":"Healed","floor":5.0,"gold_loss":35.0,"damage_taken":0.0}],"is_beta":false,"boss_relics":[{"not_picked":["Black Star","FrozenCore"],"picked":"Inserter"}],"items_purged_floors":[],"is_endless":false,"potions_floor_spawned":[1,7,11,14,16,19],"killed_by":"Snecko","ascension_level":14}