{"gold_per_floor":[13,88,103,278,97,97,115,127,150,161,161,19,45,55,55,157,157,170,70,70,85,85],"floor_reached":22,"playtime":2861,"items_purged":["Doubt","Normality"],"score":306,"play_id":"fa64bb39-d211-4035-94ff-4d973c5b3041","local_time":"20190215215328","is_ascension_mode":true,"campfire_choices":[{"data":"Zap","floor":6,"key":"SMITH"},{"data":"Fusion","floor":11,"key":"SMITH"},{"data":"Chaos","floor":15,"key":"SMITH"}],"neow_cost":"NO_GOLD","seed_source_timestamp":31101083066263,"circlet_count":0,"master_deck":["Strike_B","Strike_B","Defend_B","Defend_B","Defend_B","Defend_B","Zap+1","Dualcast+1","Conserve Battery","Rip and Tear","Chaos+1","Lockon","Leap","Tempest","Fusion+1","Glacier","FTL","Sweeping Beam","Melter","Electrodynamics","Writhe","Parasite","Compile Driver","Ball Lightning+1"],"relics":["Cracked Core","Centennial Puzzle","Oddly Smooth Stone","Calling Bell","Art of War","Blue Candle","Ice Cream"],"potions_floor_usage":[8,13,16,18],"damage_taken":[{"damage":0,"enemies":"2 Louse","floor":1,"turns":2},{"damage":0,"enemies":"Cultist","floor":3,"turns":3},{"damage":10,"enemies":"Jaw Worm","floor":7,"turns":4},{"damage":0,"enemies":"Exordium Wildlife","floor":8,"turns":2},{"damage":2,"enemies":"Red Slaver","floor":10,"turns":2},{"damage":0,"enemies":"Lagavulin","floor":13,"turns":6},{"damage":5,"enemies":"Blue Slaver","floor":14,"turns":3},{"damage":6,"enemies":"Slime Boss","floor":16,"turns":6},{"damage":23,"enemies":"2 Thieves","floor":18,"turns":2},{"damage":20,"enemies":"3 Byrds","floor":21,"turns":3},{"damage":34,"enemies":"Snecko","floor":22,"turns":4}],"seed_played":"-4784599021900100542","potions_obtained":[{"floor":1,"key":"FocusPotion"},{"floor":3,"key":"Explosive Potion"},{"floor":10,"key":"FocusPotion"},{"floor":16,"key":"Fire Potion"}],"is_trial":false,"path_per_floor":["M","?","M","?","$","R","M","M","T","M","R","$","E","M","R","B",null,"M","$","?","M","M"],"character_chosen":"DEFECT","items_purchased":["Chaos","Lockon","Glacier","FTL"],"campfire_rested":0,"item_purchase_floors":[5,5,12,12],"current_hp_per_floor":[68,61,61,61,61,61,51,51,51,49,49,49,49,44,44,38,66,43,43,43,23,0],"gold":85,"neow_bonus":"REMOVE_TWO","is_prod":false,"is_daily":false,"chose_seed":false,"campfire_upgraded":3,"win_rate":0,"timestamp":1550285608,"path_taken":["M","?","?","?","?","R","M","M","T","M","R","$","E","M","R","BOSS","M","$","?","M","?"],"build_version":"2019-01-23","purchased_purges":2,"victory":false,"max_hp_per_floor":[75,75,75,75,75,75,75,75,75,75,75,75,75,75,75,75,75,75,75,75,75,75],"card_choices":[{"not_picked":["Hello World","Reinforced Body"],"picked":"Conserve Battery","floor":1},{"not_picked":["Streamline","Blizzard"],"picked":"Rip and Tear","floor":3},{"not_picked":["Ball Lightning","Streamline"],"picked":"Leap","floor":7},{"not_picked":["Barrage","Hologram"],"picked":"Tempest","floor":8},{"not_picked":["Compile Driver","Streamline"],"picked":"Fusion","floor":10},{"not_picked":["Tempest","Amplify"],"picked":"Sweeping Beam","floor":13},{"not_picked":["Storm","Heatsinks"],"picked":"Melter","floor":14},{"not_picked":["Amplify","Machine Learning"],"picked":"Electrodynamics","floor":16},{"not_picked":["Steam","Reinforced Body"],"picked":"Compile Driver","floor":18},{"not_picked":["Stack","Scrape"],"picked":"Ball Lightning+1","floor":21}],"player_experience":642715,"relics_obtained":[{"floor":9,"key":"Centennial Puzzle"},{"floor":13,"key":"Oddly Smooth Stone"},{"floor":17,"key":"Art of War"},{"floor":17,"key":"Blue Candle"},{"floor":17,"key":"Ice Cream"}],"event_choices":[{"damage_healed":0,"gold_gain":75,"player_choice":"Touch","damage_taken":7,"max_hp_gain":0,"max_hp_loss":0,"event_name":"FaceTrader","floor":2,"gold_loss":0},{"damage_healed":0,"gold_gain":175,"player_choice":"AGREE","damage_taken":0,"max_hp_gain":0,"max_hp_loss":0,"event_name":"Liars Game","floor":4,"gold_loss":0,"cards_obtained":["Doubt"]},{"damage_healed":0,"gold_gain":0,"player_choice":"Forge","damage_taken":0,"max_hp_gain":0,"max_hp_loss":0,"event_name":"Accursed Blacksmith","floor":20,"gold_loss":0,"cards_upgraded":["Dualcast"]}],"is_beta":false,"boss_relics":[{"not_picked":["Philosopher\u0027s Stone","Orrery"],"picked":"Calling Bell"}],"items_purged_floors":[5,19],"is_endless":false,"potions_floor_spawned":[1,3,10,16],"killed_by":"Snecko","ascension_level":9}