{"path_per_floor":["M","?","?","M","?","$","R","$","T","M","M","M","M","$","R","B",null,"M","?","?","$","M","R","E","M","T","R","M","?","?","M","R","B",null,"M","T","M","$","?","R","M","M","T","M","T","$","E","$","R","B"],"character_chosen":"THE_SILENT","items_purchased":["Caltrops","Bouncing Flask","Frozen Egg 2","Noxious Fumes"],"gold_per_floor":[114,114,189,201,231,156,156,17,17,35,46,61,73,34,34,131,131,145,145,505,64,77,77,102,119,119,119,130,55,55,75,75,173,173,187,187,207,57,0,0,14,32,59,70,70,70,104,104,104,104],"floor_reached":51,"campfire_rested":3,"playtime":4285,"item_purchase_floors":[],"current_hp_per_floor":[61,66,55,51,26,26,48,48,48,48,45,38,31,31,31,31,64,64,64,29,29,7,29,16,16,16,38,24,24,24,24,24,49,69,69,69,33,33,33,33,33,32,32,32,32,32,31,31,31,24],"items_purged":["Defend_G","Strike_G","Defend_G","Grand Finale"],"gold":104,"score":1131,"play_id":"3111b817-7eb0-4987-b609-6a4e56f7f02e","local_time":"20180621133053","is_prod":false,"is_daily":false,"chose_seed":false,"is_ascension_mode":true,"campfire_upgraded":4,"win_rate":0,"timestamp":1529580653,"campfire_choices":[{"floor":7.0,"key":"REST"},{"data":"Bullet Time","floor":15.0,"key":"SMITH"},{"floor":23.0,"key":"REST"},{"floor":27,"key":"REST"},{"data":"Malaise","floor":32,"key":"SMITH"},{"data":"After Image","floor":40,"key":"SMITH"},{"data":"Footwork","floor":49,"key":"SMITH"}],"path_taken":["M","?","?","M","?","?","R","$","T","M","?","M","?","$","R","BOSS","M","?","?","$","M","R","E","M","T","R","?","?","?","M","R","BOSS","M","?","M","$","?","R","M","M","T","?","?","?","E","$","R","BOSS"],"build_version":"2018-06-14v2","seed_source_timestamp":0,"purchased_purges":4,"victory":true,"master_deck":["Defend_G+1","Defend_G+1","Defend_G+1","Strike_G+1","Strike_G+1","Strike_G+1","Survivor","Neutralize","AscendersBane","Finisher","Cloak And Dagger+1","Caltrops","Flechettes","Bullet Time+1","Footwork+1","Malaise+1","Bouncing Flask+1","After Image+1","Malaise","Noxious Fumes+1","Backflip+1","Poisoned Stab","After Image+1","Infinite Blades+1","Accuracy+1","Backflip","Cloak And Dagger"],"max_hp_per_floor":[70,75,75,75,75,75,75,75,75,75,75,75,75,75,75,75,75,75,75,75,75,75,75,75,75,75,75,75,75,75,75,75,75,75,75,75,75,75,75,75,75,75,75,75,75,75,75,75,75,75],"special_seed":0,"relics":["Runic Pyramid","Tiny Chest","Snake Skull","Black Star","Pantograph","Frozen Egg 2","Happy Flower","Anchor","Du-Vu Doll","Philosopher\u0027s Stone","Regal Pillow","Red Mask","War Paint","Blood Vial","Prayer Wheel","Sundial"],"card_choices":[{"not_picked":["Deflect","Dagger Spray"],"picked":"Finisher","floor":1.0},{"not_picked":["Quick Slash","Flying Knee"],"picked":"Cloak And Dagger","floor":4.0},{"not_picked":["Quick Slash","Setup"],"picked":"Flechettes","floor":10.0},{"not_picked":["Prepared","Footwork"],"picked":"Bullet Time","floor":11.0},{"not_picked":["Skewer","Masterful Stab"],"picked":"Footwork","floor":12.0},{"not_picked":["Expertise","Backflip"],"picked":"Malaise","floor":13.0},{"not_picked":["Corpse Explosion","Burst"],"picked":"After Image","floor":16.0},{"not_picked":["Backstab","Outmaneuver+1"],"picked":"Malaise","floor":18.0},{"not_picked":["PiercingWail+1","Sucker Punch"],"picked":"Backflip+1","floor":22.0},{"not_picked":["Slice","Dodge and Roll"],"picked":"Poisoned Stab","floor":24},{"not_picked":["Infinite Blades+1","PiercingWail"],"picked":"After Image+1","floor":25},{"not_picked":["Dagger Spray","Poisoned Stab+1"],"picked":"Infinite Blades+1","floor":28},{"not_picked":["Dagger Throw+1","Storm of Steel","Riddle With Holes"],"picked":"SKIP","floor":31},{"not_picked":["Tools of the Trade+1","Unload"],"picked":"Grand Finale","floor":33},{"not_picked":["Dodge and Roll","Deflect+1"],"picked":"Accuracy+1","floor":35},{"not_picked":["Dagger Spray","Bane+1"],"picked":"Backflip","floor":37},{"not_picked":["Masterful Stab+1","Prepared+1","Dagger Throw+1"],"picked":"SKIP","floor":41},{"not_picked":["Distraction+1","Prepared+1","PiercingWail"],"picked":"SKIP","floor":42},{"not_picked":["Dodge and Roll+1","Glass Knife"],"picked":"Cloak And Dagger","floor":44},{"not_picked":["Slice","Concentrate","Endless Agony+1"],"picked":"SKIP","floor":47}],"player_experience":333774,"potions_floor_usage":[42,47,50,50],"damage_taken":[{"damage":2.0,"enemies":"2 Louse","floor":1.0,"turns":3.0},{"damage":4.0,"enemies":"Jaw Worm","floor":4.0,"turns":3.0},{"damage":0.0,"enemies":"Cultist","floor":10.0,"turns":4.0},{"damage":3.0,"enemies":"2 Fungi Beasts","floor":11.0,"turns":5.0},{"damage":7.0,"enemies":"Blue Slaver","floor":12.0,"turns":3.0},{"damage":7.0,"enemies":"Exordium Wildlife","floor":13.0,"turns":5.0},{"damage":0.0,"enemies":"Hexaghost","floor":16.0,"turns":8.0},{"damage":0.0,"enemies":"Chosen","floor":18.0,"turns":5.0},{"damage":22.0,"enemies":"Spheric Guardian","floor":22.0,"turns":5.0},{"damage":13.0,"enemies":"Gremlin Leader","floor":24.0,"turns":6.0},{"damage":0,"enemies":"Snecko","floor":25,"turns":6},{"damage":14,"enemies":"Slaver and Parasite","floor":28,"turns":7},{"damage":0,"enemies":"Snake Plant","floor":31,"turns":5},{"damage":0,"enemies":"Champ","floor":33,"turns":11},{"damage":0,"enemies":"Orb Walker","floor":35,"turns":4},{"damage":36,"enemies":"3 Shapes","floor":37,"turns":5},{"damage":0,"enemies":"Maw","floor":41,"turns":6},{"damage":1,"enemies":"Sphere and 2 Shapes","floor":42,"turns":4},{"damage":0,"enemies":"4 Shapes","floor":44,"turns":8},{"damage":3,"enemies":"Nemesis","floor":47,"turns":7},{"damage":34,"enemies":"Donu and Deca","floor":50,"turns":11}],"relics_obtained":[{"floor":9.0,"key":"Snake Skull"},{"floor":24,"key":"Happy Flower"},{"floor":24,"key":"Anchor"},{"floor":26,"key":"Du-Vu Doll"},{"floor":36,"key":"Regal Pillow"},{"floor":43,"key":"War Paint"},{"floor":45,"key":"Blood Vial"},{"floor":47,"key":"Prayer Wheel"},{"floor":47,"key":"Sundial"}],"event_choices":[{"event_name":"Big Fish","player_choice":"Donut","floor":2.0,"damage_taken":0.0},{"event_name":"World of Goop","player_choice":"Gather Gold","floor":3.0,"damage_taken":0.0},{"event_name":"Scrap Ooze","player_choice":"success","floor":5.0,"damage_taken":25.0},{"event_name":"Wheel of Change","player_choice":"Relic","floor":19.0,"damage_taken":0.0},{"event_name":"Knowing Skull","player_choice":"GOLD GOLD GOLD GOLD ","floor":20.0,"damage_taken":0.0},{"event_name":"Beggar","player_choice":"Gave Gold","floor":29,"damage_taken":0},{"event_name":"Back to Basics","player_choice":"Simplicity","floor":30,"damage_taken":0},{"event_name":"Tomb of Lord Red Mask","player_choice":"Paid","floor":39,"damage_taken":0}],"boss_relics":[{"not_picked":["Orrery","White Beast Statue"],"picked":"Black Star"},{"not_picked":["Lizard Tail","Calling Bell"],"picked":"Philosopher\u0027s Stone"}],"items_purged_floors":[],"is_endless":false,"potions_floor_spawned":[1,13,16,22,25,37,41,44],"seed_played":"-252508252554106151","ascension_level":10,"potions_obtained":[{"floor":1.0,"key":"SkillPotion"},{"floor":13.0,"key":"Strength Potion"},{"floor":16.0,"key":"Poison Potion"},{"floor":22.0,"key":"Explosive Potion"},{"floor":25,"key":"Strength Potion"},{"floor":37,"key":"PowerPotion"},{"floor":41,"key":"LiquidBronze"},{"floor":44,"key":"Ancient Potion"}],"is_trial":false}