{"gold_per_floor":[110,120,137,137,38,38,38,56,56,56],"floor_reached":10,"playtime":903,"items_purged":["Doubt"],"score":78,"play_id":"a2d6d232-8550-4e23-860d-371f6e4a1aa3","local_time":"20181229205254","is_ascension_mode":true,"campfire_choices":[{"data":"Blade Dance","floor":7,"key":"SMITH"}],"neow_cost":"NONE","seed_source_timestamp":0,"circlet_count":0,"master_deck":["Defend_G","Defend_G","Defend_G","Defend_G","Defend_G","Strike_G","Strike_G","Strike_G","Strike_G","Strike_G","Survivor","Neutralize","Parasite","Writhe","Deflect","Dagger Throw","Calculated Gamble","Blade Dance+1","Blade Dance"],"special_seed":0,"relics":["Calling Bell","Regal Pillow","Kunai","Incense Burner","Golden Idol","Paper Crane"],"potions_floor_usage":[],"damage_taken":[{"damage":3,"enemies":"2 Louse","floor":1,"turns":4},{"damage":7,"enemies":"Jaw Worm","floor":2,"turns":6},{"damage":15,"enemies":"Cultist","floor":3,"turns":6},{"damage":23,"enemies":"Gremlin Gang","floor":8,"turns":6},{"damage":18,"enemies":"Lagavulin","floor":10,"turns":5}],"seed_played":"-2680984172396388957","potions_obtained":[{"floor":8,"key":"Weak Potion"}],"is_trial":false,"path_per_floor":["M","M","M","?","$","?","R","M","T","E"],"character_chosen":"THE_SILENT","items_purchased":["Blade Dance"],"campfire_rested":0,"item_purchase_floors":[5],"current_hp_per_floor":[60,53,38,38,38,38,38,15,15,0],"gold":56,"neow_bonus":"BOSS_RELIC","is_prod":false,"is_daily":false,"chose_seed":false,"campfire_upgraded":1,"win_rate":0,"timestamp":1546138374,"path_taken":["M","M","M","?","$","?","R","M","T","E"],"build_version":"2018-12-20","purchased_purges":1,"victory":false,"max_hp_per_floor":[70,70,70,65,65,65,65,65,65,65],"card_choices":[{"not_picked":["Outmaneuver","PiercingWail"],"picked":"Deflect","floor":1},{"not_picked":["Eviscerate","Terror"],"picked":"Dagger Throw","floor":2},{"not_picked":["Deflect","Poisoned Stab"],"picked":"Calculated Gamble","floor":3},{"not_picked":["Dagger Throw","Poisoned Stab"],"picked":"Blade Dance","floor":8}],"player_experience":395535,"relics_obtained":[{"floor":0,"key":"Regal Pillow"},{"floor":0,"key":"Kunai"},{"floor":0,"key":"Incense Burner"},{"floor":9,"key":"Paper Crane"}],"event_choices":[{"damage_healed":0,"gold_gain":0,"player_choice":"Lose Max HP","damage_taken":0,"relics_obtained":["Golden Idol"],"max_hp_gain":0,"max_hp_loss":5,"event_name":"Golden Idol","floor":4,"gold_loss":0},{"damage_healed":0,"gold_gain":0,"player_choice":"Leave","damage_taken":0,"max_hp_gain":0,"max_hp_loss":0,"event_name":"The Cleric","floor":6,"gold_loss":0}],"is_beta":false,"boss_relics":[],"items_purged_floors":[5],"is_endless":false,"potions_floor_spawned":[8],"killed_by":"Lagavulin","ascension_level":7}