{"gold_per_floor":[114,133,88,108,108,141,141,167,167,177,177,202,202,222,222,325,325,344,354,364],"floor_reached":20,"playtime":1353,"items_purged":[],"score":296,"play_id":"8c7f07a9-d0c4-4824-8235-6b5c2d4d8eeb","local_time":"20190128180607","is_ascension_mode":false,"campfire_choices":[{"floor":13,"key":"DIG"},{"floor":15,"key":"DIG"}],"neow_cost":"","seed_source_timestamp":0,"circlet_count":0,"master_deck":["Defragment","Capacitor+1","Chill","Glacier","Glacier","Glacier","Blizzard","Cold Snap+1","Cold Snap","Cold Snap+1","Cold Snap+1","White Noise","Coolheaded","Blizzard","Coolheaded","Blizzard","Echo Form","Capacitor"],"relics":["Cracked Core","FrozenCore","Symbiotic Virus","Regal Pillow","The Courier","Potion Belt","Shovel","Whetstone","Calipers","Sozu"],"potions_floor_usage":[16,16],"damage_taken":[{"damage":0,"enemies":"Jaw Worm","floor":1,"turns":4},{"damage":0,"enemies":"Small Slimes","floor":2,"turns":4},{"damage":0,"enemies":"Cultist","floor":4,"turns":3},{"damage":3,"enemies":"Gremlin Nob","floor":6,"turns":5},{"damage":0,"enemies":"3 Sentries","floor":8,"turns":5},{"damage":0,"enemies":"Looter","floor":10,"turns":4},{"damage":2,"enemies":"Gremlin Nob","floor":12,"turns":4},{"damage":5,"enemies":"Exordium Thugs","floor":14,"turns":3},{"damage":0,"enemies":"Slime Boss","floor":16,"turns":6},{"damage":8,"enemies":"Chosen","floor":18,"turns":6},{"damage":0,"enemies":"Spheric Guardian","floor":19,"turns":4},{"damage":0,"enemies":"Cultist and Chosen","floor":20,"turns":6}],"seed_played":"3959870584339799277","potions_obtained":[{"floor":2,"key":"SneckoOil"},{"floor":6,"key":"EssenceOfSteel"},{"floor":8,"key":"Strength Potion"},{"floor":10,"key":"EssenceOfSteel"}],"is_trial":true,"path_per_floor":["M","M","$","M","$","E","?","E","T","M","?","E","R","M","R","B",null,"M","M","M"],"character_chosen":"DEFECT","items_purchased":["Coolheaded"],"campfire_rested":0,"item_purchase_floors":[3],"current_hp_per_floor":[75,75,75,75,75,72,57,57,57,57,57,55,55,50,50,50,75,67,67,67],"gold":364,"neow_bonus":"","is_prod":false,"is_daily":false,"chose_seed":false,"campfire_upgraded":0,"win_rate":0,"timestamp":1548720367,"path_taken":["M","M","$","M","$","E","?","E","T","M","?","E","R","M","R","BOSS","M","?","M"],"build_version":"2019-01-23","purchased_purges":0,"victory":false,"max_hp_per_floor":[75,75,75,75,75,75,75,75,75,75,75,75,75,75,75,75,75,75,75,75],"card_choices":[{"not_picked":["Leap","Barrage","Hologram"],"picked":"SKIP","floor":1},{"not_picked":["Static Discharge","Sunder"],"picked":"White Noise","floor":2},{"not_picked":["Sweeping Beam","Barrage","Sunder"],"picked":"SKIP","floor":4},{"not_picked":["Self Repair","Chaos"],"picked":"Blizzard","floor":6},{"not_picked":["Go for the Eyes","Conserve Battery","Leap"],"picked":"SKIP","floor":8},{"not_picked":["Turbo","Steam"],"picked":"Coolheaded","floor":10},{"not_picked":["Creative AI","Leap"],"picked":"Blizzard","floor":12},{"not_picked":["Rebound","Ball Lightning","Beam Cell"],"picked":"SKIP","floor":14},{"not_picked":["All For One","Amplify"],"picked":"Echo Form","floor":16},{"not_picked":["Go for the Eyes+1","Leap"],"picked":"Capacitor","floor":18},{"not_picked":["Rebound","Redo+1","Ball Lightning+1"],"picked":"SKIP","floor":19}],"player_experience":579043,"relics_obtained":[{"floor":6,"key":"Symbiotic Virus"},{"floor":8,"key":"Regal Pillow"},{"floor":9,"key":"The Courier"},{"floor":12,"key":"Shovel"},{"floor":13,"key":"Whetstone"},{"floor":15,"key":"Calipers"}],"event_choices":[{"damage_healed":0,"gold_gain":0,"player_choice":"Entered Light","damage_taken":15,"max_hp_gain":0,"max_hp_loss":0,"event_name":"Shining Light","floor":7,"gold_loss":0,"cards_upgraded":["Capacitor","Cold Snap"]},{"damage_healed":0,"gold_gain":0,"player_choice":"Gave Potion","damage_taken":0,"relics_obtained":["Potion Belt"],"max_hp_gain":0,"max_hp_loss":0,"event_name":"WeMeetAgain","floor":11,"gold_loss":0}],"is_beta":false,"boss_relics":[{"not_picked":["Astrolabe","White Beast Statue"],"picked":"Sozu"}],"items_purged_floors":[],"is_endless":false,"potions_floor_spawned":[2,6,8,10,19],"killed_by":"Cultist and Chosen","ascension_level":0}