{"gold_per_floor":[110,121,121,121,196,223,223,252,252,266,43,68,93,138,150,267,279,273,302,330,257,285,297],"floor_reached":23,"playtime":1794,"items_purged":["Strike_B"],"score":340,"play_id":"3018773c-f9f9-4da0-9568-8539d14ffef7","local_time":"20190112141948","is_ascension_mode":true,"campfire_choices":[{"data":"Zap","floor":7,"key":"SMITH"},{"data":"Defragment","floor":15,"key":"SMITH"}],"neow_cost":"NONE","seed_source_timestamp":258288072729247,"circlet_count":0,"master_deck":["Strike_B","Strike_B+1","Defend_B","Defend_B","Defend_B","Defend_B","Zap+1","Dualcast","Coolheaded","Redo+1","Loop","Consume+1","Coolheaded+1","Defragment+1","Cold Snap","Core Surge","Self Repair","Blizzard","Biased Cognition","Sweeping Beam","Redo+1"],"relics":["Cracked Core","NeowsBlessing","Toxic Egg 2","Dodecahedron","Bottled Lightning","MawBank","Pen Nib","Eternal Feather","Regal Pillow"],"potions_floor_usage":[14,16,18,18],"damage_taken":[{"damage":0,"enemies":"Jaw Worm","floor":1,"turns":1},{"damage":0,"enemies":"Cultist","floor":2,"turns":1},{"damage":0,"enemies":"Lagavulin","floor":6,"turns":1},{"damage":24,"enemies":"Gremlin Nob","floor":8,"turns":4},{"damage":1,"enemies":"2 Louse","floor":10,"turns":3},{"damage":6,"enemies":"Lagavulin","floor":12,"turns":7},{"damage":6,"enemies":"Looter","floor":13,"turns":2},{"damage":9,"enemies":"3 Sentries","floor":14,"turns":9},{"damage":0,"enemies":"The Guardian","floor":16,"turns":11},{"damage":35,"enemies":"2 Thieves","floor":18,"turns":4},{"damage":0,"enemies":"Spheric Guardian","floor":19,"turns":3},{"damage":8,"enemies":"Centurion and Healer","floor":20,"turns":12},{"damage":18,"enemies":"Snecko","floor":22,"turns":4},{"damage":34,"enemies":"Book of Stabbing","floor":23,"turns":3}],"seed_played":"6350561568624075609","potions_obtained":[{"floor":2,"key":"Explosive Potion"},{"floor":12,"key":"FearPotion"},{"floor":13,"key":"FearPotion"},{"floor":14,"key":"FearPotion"},{"floor":22,"key":"Poison Potion"}],"is_trial":false,"path_per_floor":["M","M","?","?","?","E","R","E","T","M","$","E","M","E","R","B",null,"M","M","M","?","M","E"],"character_chosen":"DEFECT","items_purchased":["Coolheaded+1","Defragment","Cold Snap"],"campfire_rested":0,"item_purchase_floors":[11,11,11],"current_hp_per_floor":[75,75,60,60,53,53,53,29,29,28,28,22,16,14,14,21,75,40,40,39,39,28,0],"gold":297,"neow_bonus":"THREE_ENEMY_KILL","is_prod":false,"is_daily":false,"chose_seed":false,"campfire_upgraded":2,"win_rate":0,"timestamp":1547324388,"path_taken":["M","M","?","?","?","E","R","E","T","M","$","E","M","E","R","BOSS","M","M","M","?","M","E"],"build_version":"2019-01-10","purchased_purges":1,"victory":false,"max_hp_per_floor":[75,75,75,75,75,75,75,75,75,75,75,75,75,75,75,75,75,75,75,75,75,75,75],"card_choices":[{"not_picked":["Barrage","Recycle"],"picked":"Coolheaded","floor":1},{"not_picked":["Leap","Stack"],"picked":"Redo","floor":2},{"not_picked":["Force Field","Turbo"],"picked":"Loop","floor":6},{"not_picked":["Streamline","Stack+1"],"picked":"Consume+1","floor":8},{"not_picked":["Force Field+1","Turbo+1","Steam Power+1"],"picked":"SKIP","floor":10},{"not_picked":["Streamline","Reinforced Body+1"],"picked":"Core Surge","floor":12},{"not_picked":["Steam+1","Force Field+1"],"picked":"Self Repair","floor":13},{"not_picked":["Rebound","Cold Snap"],"picked":"Blizzard","floor":14},{"not_picked":["Electrodynamics","All For One"],"picked":"Biased Cognition","floor":16},{"not_picked":["Aggregate+1","Beam Cell"],"picked":"Sweeping Beam","floor":18},{"not_picked":["Storm","Sweeping Beam+1","Steam+1"],"picked":"SKIP","floor":19},{"not_picked":["Go for the Eyes","Cold Snap"],"picked":"Redo+1","floor":20},{"not_picked":["Gash","Sweeping Beam","Streamline"],"picked":"SKIP","floor":22}],"player_experience":521481,"relics_obtained":[{"floor":6,"key":"Toxic Egg 2"},{"floor":8,"key":"Dodecahedron"},{"floor":9,"key":"Bottled Lightning"},{"floor":12,"key":"MawBank"},{"floor":14,"key":"Pen Nib"}],"event_choices":[{"damage_healed":0,"gold_gain":0,"player_choice":"Entered Light","damage_taken":15,"max_hp_gain":0,"max_hp_loss":0,"event_name":"Shining Light","floor":3,"gold_loss":0,"cards_upgraded":["Redo","Strike_B"]},{"cards_removed":["Strike_B"],"damage_healed":0,"gold_gain":0,"player_choice":"Forget","damage_taken":0,"max_hp_gain":0,"max_hp_loss":0,"event_name":"Living Wall","floor":4,"gold_loss":0},{"damage_healed":0,"gold_gain":75,"player_choice":"Touch","damage_taken":7,"max_hp_gain":0,"max_hp_loss":0,"event_name":"FaceTrader","floor":5,"gold_loss":0},{"damage_healed":0,"gold_gain":0,"player_choice":"Obtained Relic","damage_taken":0,"relics_obtained":["Regal Pillow"],"max_hp_gain":0,"max_hp_loss":0,"event_name":"Addict","floor":21,"gold_loss":85}],"is_beta":false,"boss_relics":[{"not_picked":["Lizard Tail","Snecko Eye"],"picked":"Eternal Feather"}],"items_purged_floors":[11],"is_endless":false,"potions_floor_spawned":[2,12,13,14,22],"killed_by":"Book of Stabbing","ascension_level":3}