{"gold_per_floor":[113,113,132,146,24,24,41,73,73,73,93,105,123,23,23,123,173,190,265,74,85,85,12,28,45,96,96,21,21,31,31],"floor_reached":31,"playtime":1629,"items_purged":["Strike_R","Strike_R"],"score":275,"play_id":"d76f609d-dc73-4b8b-aa1f-843fedab1593","local_time":"20180909005617","is_ascension_mode":true,"campfire_choices":[{"data":"Armaments","floor":6,"key":"SMITH"},{"data":"Barricade","floor":10,"key":"SMITH"},{"floor":15,"key":"REST"},{"floor":27,"key":"REST"},{"floor":29,"key":"REST"}],"neow_cost":"","seed_source_timestamp":11550233781866,"circlet_count":0,"master_deck":["Strike_R","Strike_R","Defend_R","Defend_R","Defend_R+1","Defend_R","Bash","Twin Strike","Whirlwind","Armaments+1","Body Slam","Barricade+1","Body Slam","Juggernaut","Metallicize","Body Slam","Necronomicurse","Evolve","Battle Trance+1"],"relics":["Burning Blood","Pen Nib","Centennial Puzzle","Tiny House","Chemical X","Necronomicon","Blood Vial"],"potions_floor_usage":[12,16,21,24,25,30],"damage_taken":[{"damage":13,"enemies":"Jaw Worm","floor":1,"turns":5},{"damage":3,"enemies":"Small Slimes","floor":3,"turns":4},{"damage":6,"enemies":"Cultist","floor":4,"turns":3},{"damage":7,"enemies":"Exordium Thugs","floor":7,"turns":3},{"damage":32,"enemies":"Gremlin Nob","floor":8,"turns":4},{"damage":18,"enemies":"Looter","floor":11,"turns":4},{"damage":34,"enemies":"Lots of Slimes","floor":12,"turns":5},{"damage":3,"enemies":"Blue Slaver","floor":13,"turns":3},{"damage":20,"enemies":"The Guardian","floor":16,"turns":12},{"damage":19,"enemies":"Spheric Guardian","floor":18,"turns":6},{"damage":19,"enemies":"3 Byrds","floor":21,"turns":5},{"damage":18,"enemies":"Snecko","floor":24,"turns":3},{"damage":16,"enemies":"3 Cultists","floor":25,"turns":4},{"damage":68,"enemies":"Cultist and Chosen","floor":30,"turns":6},{"damage":28,"enemies":"Snake Plant","floor":31,"turns":4}],"seed_played":"4011690577400194777","potions_obtained":[{"floor":7,"key":"FairyPotion"},{"floor":8,"key":"BloodPotion"},{"floor":12,"key":"PowerPotion"},{"floor":16,"key":"SkillPotion"},{"floor":17,"key":"Block Potion"},{"floor":21,"key":"GamblersBrew"},{"floor":25,"key":"SpeedPotion"}],"is_trial":false,"path_per_floor":["M","?","M","M","$","R","M","E","T","R","M","M","M","$","R","B",null,"M","?","$","M","?","$","M","M","T","R","?","R","M"],"character_chosen":"IRONCLAD","items_purchased":["Armaments","Chemical X","Evolve"],"campfire_rested":3,"item_purchase_floors":[5,20,23],"current_hp_per_floor":[73,78,81,81,81,81,80,54,54,54,42,22,25,25,50,36,90,77,68,68,55,39,39,27,17,17,44,44,71,11,0],"gold":31,"neow_bonus":"","is_prod":false,"is_daily":false,"chose_seed":false,"campfire_upgraded":2,"win_rate":0,"timestamp":1536468977,"path_taken":["M","?","M","M","?","R","M","E","T","R","?","M","M","$","R","BOSS","M","?","$","M","?","$","M","M","T","R","?","R","M","M"],"build_version":"2018-09-06","purchased_purges":2,"victory":false,"max_hp_per_floor":[80,85,85,85,85,85,85,85,85,85,85,85,85,85,85,85,90,90,90,90,90,90,90,90,90,90,90,90,90,90,90],"card_choices":[{"not_picked":["Iron Wave","Anger"],"picked":"Twin Strike","floor":1},{"not_picked":["Rampage","Power Through"],"picked":"Whirlwind","floor":3},{"not_picked":["Headbutt","Havoc","Perfected Strike"],"picked":"SKIP","floor":4},{"not_picked":["Combust","Second Wind"],"picked":"Body Slam","floor":7},{"not_picked":["Dropkick","Clothesline"],"picked":"Barricade","floor":8},{"not_picked":["Clash","Warcry"],"picked":"Body Slam","floor":11},{"not_picked":["Wild Strike","Armaments","Clash"],"picked":"SKIP","floor":12},{"not_picked":["Headbutt","Fiend Fire","Warcry"],"picked":"SKIP","floor":13},{"not_picked":["Barricade","Fiend Fire"],"picked":"Juggernaut","floor":16},{"not_picked":["Hemokinesis","Clothesline"],"picked":"Metallicize","floor":17},{"not_picked":["Anger+1","Dropkick"],"picked":"Body Slam","floor":18},{"not_picked":["Iron Wave","Body Slam","Shockwave"],"picked":"SKIP","floor":21},{"not_picked":["Pommel Strike","Blood for Blood+1","Body Slam"],"picked":"SKIP","floor":24},{"not_picked":["Corruption","Dark Embrace"],"picked":"Battle Trance+1","floor":25},{"not_picked":["Clash+1","True Grit","Body Slam"],"picked":"SKIP","floor":30}],"player_experience":782325,"relics_obtained":[{"floor":8,"key":"Pen Nib"},{"floor":9,"key":"Centennial Puzzle"},{"floor":22,"key":"Necronomicon"},{"floor":26,"key":"Blood Vial"}],"event_choices":[{"event_name":"Big Fish","player_choice":"Donut","floor":2,"damage_taken":0},{"event_name":"FaceTrader","player_choice":"Touch","floor":19,"damage_taken":0},{"event_name":"Cursed Tome","player_choice":"Obtained Book","floor":22,"damage_taken":0},{"event_name":"Beggar","player_choice":"Gave Gold","floor":28,"damage_taken":0}],"is_beta":false,"boss_relics":[{"not_picked":["Eternal Feather","Orrery"],"picked":"Tiny House"}],"items_purged_floors":[5,14],"is_endless":false,"potions_floor_spawned":[7,8,12,16,21,25],"killed_by":"Snake Plant","ascension_level":3}