{"gold_per_floor":[117,117,134,154,166,182,182,195,219,219,0,13,188,39,39,138,188,206,206,206,224,224,224,239,239,317,342,360,360,5,5,5,110,110,125,125,141,41,61,61,75,75,99,118,150,227,227,227,227,227],"floor_reached":51,"playtime":7284,"items_purged":["Doubt","Defend_G"],"score":1043,"play_id":"dbf48c7e-0ca0-431d-bfdf-d5c939c0a6fa","local_time":"20190312234720","is_ascension_mode":true,"campfire_choices":[{"data":"Crippling Poison","floor":7,"key":"SMITH"},{"data":"Catalyst","floor":10,"key":"SMITH"},{"data":"Crippling Poison","floor":15,"key":"SMITH"},{"floor":23,"key":"REST"},{"data":"Bullet Time","floor":25,"key":"SMITH"},{"data":"Catalyst","floor":29,"key":"SMITH"},{"data":"Footwork","floor":32,"key":"SMITH"},{"floor":40,"key":"REST"},{"data":"Catalyst","floor":42,"key":"SMITH"},{"data":"Well Laid Plans","floor":47,"key":"SMITH"},{"floor":49,"key":"REST"}],"neow_cost":"NONE","seed_source_timestamp":729859033300,"circlet_count":0,"master_deck":["AscendersBane","Defend_G","Defend_G","Defend_G","Strike_G+1","Strike_G","Strike_G","Survivor","Neutralize","Catalyst+1","Prepared","Well Laid Plans+1","Crippling Poison+1","Deadly Poison","All Out Attack","Footwork+1","Acrobatics","Crippling Poison+1","Bullet Time+1","Escape Plan","Bouncing Flask","Dash","Flying Knee","Blur","Distraction+1","Catalyst+1","Dash","Leg Sweep+1","Bullet Time+1","Corpse Explosion","Catalyst+1","Deflect+1","Parasite","After Image","Bouncing Flask"],"relics":["Ring of the Serpent","Mercury Hourglass","Regal Pillow","Snake Skull","Tiny House","Pear","Happy Flower","Turnip","Boot","Juzu Bracelet","Blue Candle"],"potions_floor_usage":[16,18,21,27,27,33,33,44,50,50],"damage_taken":[{"damage":0,"enemies":"Jaw Worm","floor":1,"turns":6},{"damage":0,"enemies":"Cultist","floor":3,"turns":3},{"damage":0,"enemies":"2 Louse","floor":4,"turns":2},{"damage":6,"enemies":"Blue Slaver","floor":5,"turns":5},{"damage":3,"enemies":"Looter","floor":6,"turns":4},{"damage":2,"enemies":"3 Louse","floor":8,"turns":3},{"damage":3,"enemies":"Exordium Thugs","floor":12,"turns":5},{"damage":17,"enemies":"Hexaghost","floor":16,"turns":6},{"damage":51,"enemies":"Spheric Guardian","floor":18,"turns":8},{"damage":8,"enemies":"3 Byrds","floor":21,"turns":2},{"damage":3,"enemies":"Snake Plant","floor":24,"turns":2},{"damage":18,"enemies":"Slavers","floor":27,"turns":7},{"damage":4,"enemies":"3 Cultists","floor":28,"turns":3},{"damage":29,"enemies":"Collector","floor":33,"turns":7},{"damage":14,"enemies":"Orb Walker","floor":35,"turns":4},{"damage":7,"enemies":"3 Shapes","floor":37,"turns":2},{"damage":18,"enemies":"Maw","floor":39,"turns":6},{"damage":0,"enemies":"Jaw Worm Horde","floor":41,"turns":2},{"damage":9,"enemies":"Writhing Mass","floor":44,"turns":6},{"damage":19,"enemies":"Nemesis","floor":45,"turns":7},{"damage":81,"enemies":"Donu and Deca","floor":50,"turns":9}],"seed_played":"-7877951775800271809","potions_obtained":[{"floor":1,"key":"AttackPotion"},{"floor":5,"key":"Poison Potion"},{"floor":8,"key":"Dexterity Potion"},{"floor":12,"key":"SpeedPotion"},{"floor":17,"key":"GhostInAJar"},{"floor":18,"key":"LiquidBronze"},{"floor":24,"key":"GhostInAJar"},{"floor":28,"key":"AttackPotion"},{"floor":39,"key":"Block Potion"},{"floor":44,"key":"Weak Potion"},{"floor":45,"key":"GamblersBrew"}],"is_trial":false,"path_per_floor":["M","?","M","M","M","M","R","M","T","R","$","M","?","$","R","B",null,"M","?","?","M","?","R","M","R","T","E","M","R","$","?","R","B",null,"M","?","M","$","M","R","M","R","T","M","E","T","R","?","R","B",null],"character_chosen":"THE_SILENT","items_purchased":["Snake Skull","Footwork","Crippling Poison","Turnip","Leg Sweep"],"campfire_rested":3,"item_purchase_floors":[11,11,14,30,30],"current_hp_per_floor":[70,70,70,70,64,61,61,59,59,59,59,56,56,56,56,39,73,22,22,22,14,41,80,77,77,87,69,65,65,65,65,65,36,78,64,64,57,57,39,81,81,81,81,72,53,53,53,53,92,11],"gold":227,"neow_bonus":"TEN_PERCENT_HP_BONUS","is_prod":false,"is_daily":false,"chose_seed":false,"campfire_upgraded":8,"win_rate":0,"timestamp":1552448840,"path_taken":["M","?","M","?","M","M","R","M","T","R","$","M","?","$","R","BOSS","M","?","?","M","?","R","M","R","T","E","M","R","$","?","R","BOSS","M","?","M","$","M","R","M","R","T","M","E","?","R","?","R","BOSS"],"build_version":"2019-01-23","purchased_purges":2,"victory":true,"max_hp_per_floor":[77,77,77,77,77,77,77,77,77,77,77,77,77,77,77,77,82,82,82,82,82,82,82,82,82,92,92,92,92,92,92,92,92,92,92,92,92,92,92,92,92,92,92,92,92,92,92,92,92,92],"card_choices":[{"not_picked":["Blur","Sucker Punch"],"picked":"Catalyst","floor":1},{"not_picked":["Dodge and Roll","Terror"],"picked":"Prepared","floor":3},{"not_picked":["Outmaneuver","Expertise"],"picked":"Well Laid Plans","floor":4},{"not_picked":["Quick Slash","PiercingWail"],"picked":"Crippling Poison","floor":5},{"not_picked":["Backflip","Acrobatics"],"picked":"Deadly Poison","floor":6},{"not_picked":["Quick Slash","Skewer"],"picked":"All Out Attack","floor":8},{"not_picked":["Blade Dance","Dagger Spray"],"picked":"Acrobatics","floor":12},{"not_picked":["After Image","Venomology"],"picked":"Bullet Time","floor":16},{"not_picked":["Slice","Cloak And Dagger"],"picked":"Escape Plan","floor":17},{"not_picked":["Blade Dance","Terror"],"picked":"Bouncing Flask","floor":18},{"not_picked":["Doppelganger","Backstab"],"picked":"Blur","floor":21},{"not_picked":["Setup","Finisher+1"],"picked":"Distraction+1","floor":24},{"not_picked":["Flechettes+1","Backstab"],"picked":"Catalyst","floor":27},{"not_picked":["Dagger Throw","Dodge and Roll"],"picked":"Dash","floor":28},{"not_picked":["Malaise","Phantasmal Killer"],"picked":"Corpse Explosion","floor":33},{"not_picked":["Escape Plan","Finisher+1"],"picked":"Catalyst","floor":35},{"not_picked":["Dagger Spray","Underhanded Strike","Accuracy+1"],"picked":"SKIP","floor":37},{"not_picked":["Acrobatics","Dagger Throw+1","Underhanded Strike"],"picked":"SKIP","floor":39},{"not_picked":["Choke+1","Dagger Spray"],"picked":"Deflect+1","floor":41},{"not_picked":["PiercingWail","Blade Dance"],"picked":"After Image","floor":44},{"not_picked":["Dagger Spray","Underhanded Strike+1"],"picked":"Bouncing Flask","floor":45}],"player_experience":2389361,"relics_obtained":[{"floor":9,"key":"Regal Pillow"},{"floor":26,"key":"Pear"},{"floor":27,"key":"Happy Flower"},{"floor":43,"key":"Boot"},{"floor":45,"key":"Juzu Bracelet"},{"floor":46,"key":"Blue Candle"}],"event_choices":[{"damage_healed":0,"gold_gain":0,"player_choice":"Gave Potion","damage_taken":0,"relics_obtained":["Mercury Hourglass"],"max_hp_gain":0,"max_hp_loss":0,"event_name":"WeMeetAgain","floor":2,"gold_loss":0},{"damage_healed":0,"gold_gain":175,"player_choice":"AGREE","damage_taken":0,"max_hp_gain":0,"max_hp_loss":0,"event_name":"Liars Game","floor":13,"gold_loss":0,"cards_obtained":["Doubt"]},{"damage_healed":0,"gold_gain":0,"cards_transformed":["Defend_G","Strike_G"],"player_choice":"Became Test Subject","damage_taken":0,"max_hp_gain":0,"max_hp_loss":0,"event_name":"Drug Dealer","floor":19,"gold_loss":0,"cards_obtained":["Dash","Flying Knee"]},{"damage_healed":0,"gold_gain":0,"player_choice":"Ignored","damage_taken":0,"max_hp_gain":0,"max_hp_loss":0,"event_name":"Ghosts","floor":20,"gold_loss":0},{"damage_healed":27,"gold_gain":0,"player_choice":"Heal","damage_taken":0,"max_hp_gain":0,"max_hp_loss":0,"event_name":"The Library","floor":22,"gold_loss":0},{"damage_healed":0,"gold_gain":0,"player_choice":"Copied","damage_taken":0,"max_hp_gain":0,"max_hp_loss":0,"event_name":"Duplicator","floor":31,"gold_loss":0,"cards_obtained":["Bullet Time"]},{"cards_removed":["Strike_G"],"damage_healed":0,"gold_gain":0,"player_choice":"Removed Attack","damage_taken":0,"max_hp_gain":0,"max_hp_loss":0,"event_name":"Falling","floor":36,"gold_loss":0},{"damage_healed":0,"gold_gain":0,"player_choice":"Upgraded","damage_taken":0,"max_hp_gain":0,"max_hp_loss":0,"event_name":"Upgrade Shrine","floor":48,"gold_loss":0,"cards_upgraded":["Leg Sweep"]}],"is_beta":false,"boss_relics":[{"not_picked":["Lizard Tail","HoveringKite"],"picked":"Tiny House"},{"not_picked":["Philosopher\u0027s Stone","Fusion Hammer"],"picked":"Ring of the Serpent"}],"items_purged_floors":[14,38],"is_endless":false,"potions_floor_spawned":[1,5,8,12,18,24,28,39,44,45],"ascension_level":10}