{"gold_per_floor":[118,131,56,75,87,87,105,105,131,159,179,179,179,193,193,193],"floor_reached":16,"playtime":746,"items_purged":["Normality"],"score":135,"play_id":"b292d6c6-4c0a-492d-b8e9-04af14a62390","local_time":"20181007164523","is_ascension_mode":true,"campfire_choices":[{"data":"Shockwave","floor":6,"key":"SMITH"},{"data":"Body Slam","floor":8,"key":"SMITH"},{"floor":15,"key":"REST"}],"neow_cost":"CURSE","seed_source_timestamp":6874065493689,"circlet_count":0,"master_deck":["Strike_R","Strike_R","Strike_R","Strike_R","Defend_R","Defend_R","Defend_R","Defend_R","Bash","Shockwave+1","Body Slam+1","Flex","Evolve","Pommel Strike","Flame Barrier"],"relics":["Burning Blood","WingedGreaves","Centennial Puzzle","Oddly Smooth Stone","Nunchaku"],"potions_floor_usage":[5,16],"damage_taken":[{"damage":1,"enemies":"Cultist","floor":1,"turns":4},{"damage":11,"enemies":"Small Slimes","floor":2,"turns":4},{"damage":10,"enemies":"2 Louse","floor":4,"turns":3},{"damage":21,"enemies":"Large Slime","floor":5,"turns":8},{"damage":8,"enemies":"Red Slaver","floor":7,"turns":5},{"damage":26,"enemies":"Gremlin Nob","floor":10,"turns":4},{"damage":14,"enemies":"3 Louse","floor":11,"turns":4},{"damage":10,"enemies":"Large Slime","floor":14,"turns":3},{"damage":46,"enemies":"Slime Boss","floor":16,"turns":10}],"seed_played":"-5185103223834646716","potions_obtained":[{"floor":4,"key":"Swift Potion"},{"floor":7,"key":"FearPotion"},{"floor":14,"key":"SpeedPotion"}],"is_trial":false,"path_per_floor":["M","M","$","M","M","R","M","R","T","E","M","?","T","M","R"],"character_chosen":"IRONCLAD","items_purchased":[],"campfire_rested":1,"item_purchase_floors":[],"current_hp_per_floor":[77,72,72,68,53,53,51,51,51,31,23,23,23,19,43,0],"gold":193,"neow_bonus":"ONE_RARE_RELIC","is_prod":false,"is_daily":false,"chose_seed":false,"campfire_upgraded":2,"win_rate":0,"timestamp":1538945123,"path_taken":["M","M","?","M","M","R","M","R","T","E","?","?","?","M","R","BOSS"],"build_version":"2018-10-04v2","purchased_purges":1,"victory":false,"max_hp_per_floor":[80,80,80,80,80,80,80,80,80,80,80,80,80,80,80,80],"card_choices":[{"not_picked":["Dual Wield","Perfected Strike"],"picked":"Shockwave","floor":1},{"not_picked":["Twin Strike","Thunderclap"],"picked":"Body Slam","floor":2},{"not_picked":["Dual Wield","Reckless Charge","Havoc"],"picked":"SKIP","floor":4},{"not_picked":["Headbutt","Havoc"],"picked":"Flex","floor":5},{"not_picked":["True Grit","Double Tap"],"picked":"Evolve","floor":7},{"not_picked":["Clash","Brutality","Clothesline"],"picked":"SKIP","floor":10},{"not_picked":["Warcry","Perfected Strike","Heavy Blade"],"picked":"SKIP","floor":11},{"not_picked":["Uppercut","Sword Boomerang"],"picked":"Flame Barrier","floor":14}],"player_experience":1212945,"relics_obtained":[{"floor":9,"key":"Centennial Puzzle"},{"floor":10,"key":"Oddly Smooth Stone"},{"floor":13,"key":"Nunchaku"}],"event_choices":[{"event_name":"Transmorgrifier","player_choice":"Transform","floor":12,"damage_taken":0}],"is_beta":false,"boss_relics":[],"items_purged_floors":[3],"is_endless":false,"potions_floor_spawned":[4,7,14],"killed_by":"Slime Boss","ascension_level":6}