{"gold_per_floor":[214,214,228,205,205,237,237,248,330,362,35,52,72,72,72,72],"floor_reached":16,"playtime":1133,"items_purged":[],"score":162,"play_id":"a580c8d7-6d06-4154-ab82-74504ee39749","local_time":"20190327081904","is_ascension_mode":true,"campfire_choices":[{"floor":7,"key":"REST"},{"floor":15,"key":"REST"}],"neow_cost":"NONE","seed_source_timestamp":83365193583600,"circlet_count":0,"master_deck":["AscendersBane","Strike_B","Strike_B","Defend_B","Defend_B","Defend_B","Defend_B","Zap","Dualcast","Redo","Darkness","Sweeping Beam","Leap","Reprogram","Rebound","Leap","Thunder Strike","Skim","Self Repair","Coolheaded"],"relics":["Cracked Core","Potion Belt","Tiny Chest","Question Card","Juzu Bracelet","Odd Mushroom","Bottled Flame"],"potions_floor_usage":[10,13,16],"damage_taken":[{"damage":8,"enemies":"Jaw Worm","floor":1,"turns":4},{"damage":1,"enemies":"Cultist","floor":3,"turns":3},{"damage":26,"enemies":"Gremlin Nob","floor":6,"turns":4},{"damage":4,"enemies":"Small Slimes","floor":8,"turns":3},{"damage":17,"enemies":"3 Sentries","floor":10,"turns":6},{"damage":2,"enemies":"Looter","floor":12,"turns":4},{"damage":18,"enemies":"The Mushroom Lair","floor":13,"turns":5},{"damage":47,"enemies":"Hexaghost","floor":16,"turns":9}],"seed_played":"-1036280609607369460","potions_obtained":[{"floor":8,"key":"Energy Potion"},{"floor":12,"key":"PowerPotion"},{"floor":13,"key":"SteroidPotion"}],"is_trial":false,"path_per_floor":["M","?","M","$","?","E","R","M","T","E","$","M","?","T","R","B"],"character_chosen":"DEFECT","items_purchased":["Sweeping Beam","Thunder Strike","Juzu Bracelet","Skim"],"campfire_rested":2,"item_purchase_floors":[4,11,11,11],"current_hp_per_floor":[60,60,59,59,59,33,55,51,51,34,34,32,21,21,43,0],"gold":72,"neow_bonus":"HUNDRED_GOLD","is_prod":false,"is_daily":false,"chose_seed":false,"campfire_upgraded":0,"win_rate":0,"timestamp":1553689144,"path_taken":["M","?","?","$","?","E","R","M","T","E","$","M","?","?","R","BOSS"],"build_version":"2019-01-23","purchased_purges":0,"victory":false,"max_hp_per_floor":[75,75,75,75,75,75,75,75,75,75,75,75,75,75,75,75],"card_choices":[{"not_picked":["Consume","Rebound"],"picked":"Redo","floor":1},{"not_picked":["Sweeping Beam","Rebound"],"picked":"Darkness","floor":3},{"not_picked":["Redo","Go for the Eyes"],"picked":"Reprogram","floor":6},{"not_picked":["Turbo","Go for the Eyes"],"picked":"Rebound","floor":8},{"not_picked":["Gash","Undo"],"picked":"Leap","floor":10},{"not_picked":["Go for the Eyes","Melter","Beam Cell"],"picked":"Self Repair","floor":12},{"not_picked":["Consume","Cold Snap","Fission"],"picked":"Coolheaded","floor":13}],"player_experience":2520297,"relics_obtained":[{"floor":6,"key":"Potion Belt"},{"floor":9,"key":"Tiny Chest"},{"floor":10,"key":"Question Card"},{"floor":13,"key":"Odd Mushroom"},{"floor":14,"key":"Bottled Flame"}],"event_choices":[{"cards_removed":["Strike_B"],"damage_healed":0,"gold_gain":0,"player_choice":"Purged","damage_taken":0,"max_hp_gain":0,"max_hp_loss":0,"event_name":"Purifier","floor":2,"gold_loss":0},{"damage_healed":0,"gold_gain":0,"cards_transformed":["Strike_B"],"player_choice":"Change","damage_taken":0,"max_hp_gain":0,"max_hp_loss":0,"event_name":"Living Wall","floor":5,"gold_loss":0,"cards_obtained":["Leap"]},{"damage_healed":0,"gold_gain":0,"player_choice":"Fought Mushrooms","damage_taken":0,"max_hp_gain":0,"max_hp_loss":0,"event_name":"Mushrooms","floor":13,"gold_loss":0}],"is_beta":false,"boss_relics":[],"items_purged_floors":[],"is_endless":false,"potions_floor_spawned":[8,12,13],"killed_by":"Hexaghost","ascension_level":10}