{"gold_per_floor":[14,14,14,29,43,43,72,72,72,84,97,111,111,111,111,211,211,231,118,133,145,162,162,162],"floor_reached":24,"playtime":1314,"items_purged":["Regret"],"score":250,"play_id":"b4d29d50-0c8f-4615-8711-0fd21487682a","local_time":"20190223230924","is_ascension_mode":true,"campfire_choices":[{"data":"Adrenaline","floor":6,"key":"SMITH"},{"data":"Bouncing Flask","floor":8,"key":"SMITH"},{"data":"Setup","floor":15,"key":"SMITH"},{"floor":23,"key":"REST"}],"neow_cost":"NO_GOLD","seed_source_timestamp":20956649799118,"circlet_count":0,"master_deck":["Defend_G","Defend_G","Defend_G","Defend_G","Defend_G","Strike_G","Strike_G","Strike_G","Strike_G","Strike_G","Survivor","Neutralize","Adrenaline+1","Well Laid Plans","Terror","Bouncing Flask+1","Setup+1","Bouncing Flask","Catalyst+1","Corpse Explosion","Acrobatics","Riddle With Holes","Adrenaline","Outmaneuver+1"],"relics":["Ring of the Snake","Unceasing Top","Incense Burner","Mummified Hand","Tough Bandages","Black Star"],"potions_floor_usage":[12,16,21,21,24],"damage_taken":[{"damage":4,"enemies":"Small Slimes","floor":1,"turns":3},{"damage":4,"enemies":"Jaw Worm","floor":4,"turns":4},{"damage":0,"enemies":"Cultist","floor":5,"turns":3},{"damage":16,"enemies":"Lagavulin","floor":7,"turns":6},{"damage":0,"enemies":"Blue Slaver","floor":10,"turns":2},{"damage":10,"enemies":"Exordium Wildlife","floor":11,"turns":4},{"damage":5,"enemies":"3 Louse","floor":12,"turns":2},{"damage":14,"enemies":"Hexaghost","floor":16,"turns":4},{"damage":17,"enemies":"Spheric Guardian","floor":18,"turns":4},{"damage":9,"enemies":"Shell Parasite","floor":20,"turns":3},{"damage":20,"enemies":"Shelled Parasite and Fungi","floor":21,"turns":4},{"damage":6,"enemies":"3 Cultists","floor":22,"turns":3},{"damage":25,"enemies":"Gremlin Leader","floor":24,"turns":5}],"seed_played":"2659041268413646596","potions_obtained":[{"floor":5,"key":"Fire Potion"},{"floor":7,"key":"LiquidBronze"},{"floor":10,"key":"Poison Potion"},{"floor":12,"key":"Fire Potion"},{"floor":16,"key":"Fire Potion"}],"is_trial":false,"path_per_floor":["M","$","?","M","M","R","E","R","T","M","M","M","?","?","R","B",null,"M","$","M","M","M","R","E"],"character_chosen":"THE_SILENT","items_purchased":["Riddle With Holes"],"campfire_rested":1,"item_purchase_floors":[19],"current_hp_per_floor":[66,66,66,62,62,62,46,46,46,46,36,31,28,28,28,14,56,39,39,30,10,4,25,0],"gold":162,"neow_bonus":"THREE_RARE_CARDS","is_prod":false,"is_daily":false,"chose_seed":false,"campfire_upgraded":3,"win_rate":0,"timestamp":1550981364,"path_taken":["M","$","?","M","M","R","E","R","T","M","M","M","?","?","R","BOSS","M","$","M","M","M","R","E"],"build_version":"2019-01-23","purchased_purges":1,"victory":false,"max_hp_per_floor":[70,70,70,70,70,70,70,70,70,70,70,70,70,70,70,70,70,70,70,70,70,70,70,70],"card_choices":[{"not_picked":["Doppelganger","A Thousand Cuts"],"picked":"Adrenaline","floor":0},{"not_picked":["PiercingWail","Dagger Throw"],"picked":"Well Laid Plans","floor":1},{"not_picked":["Quick Slash","Flying Knee"],"picked":"Terror","floor":4},{"not_picked":["Footwork","Bane"],"picked":"Bouncing Flask","floor":5},{"not_picked":["Underhanded Strike","Prepared"],"picked":"Setup","floor":7},{"not_picked":["Expertise","Predator"],"picked":"Bouncing Flask","floor":10},{"not_picked":["Well Laid Plans","Slice","Blade Dance"],"picked":"SKIP","floor":11},{"not_picked":["Prepared","PiercingWail"],"picked":"Catalyst","floor":12},{"not_picked":["Wraith Form v2","A Thousand Cuts"],"picked":"Corpse Explosion","floor":16},{"not_picked":["Slice","Dagger Throw+1"],"picked":"Acrobatics","floor":18},{"not_picked":["Dagger Spray","Cloak And Dagger+1","Underhanded Strike"],"picked":"SKIP","floor":20},{"not_picked":["Choke+1","Terror"],"picked":"Adrenaline","floor":21},{"not_picked":["Deadly Poison","Well Laid Plans"],"picked":"Outmaneuver+1","floor":22}],"player_experience":2225773,"relics_obtained":[{"floor":7,"key":"Incense Burner"},{"floor":9,"key":"Mummified Hand"}],"event_choices":[{"damage_healed":0,"gold_gain":0,"player_choice":"Box","damage_taken":0,"relics_obtained":["Unceasing Top"],"max_hp_gain":0,"max_hp_loss":0,"event_name":"Big Fish","floor":3,"gold_loss":0,"cards_obtained":["Regret"]},{"damage_healed":0,"gold_gain":0,"player_choice":"Success","damage_taken":3,"relics_obtained":["Tough Bandages"],"max_hp_gain":0,"max_hp_loss":0,"event_name":"Scrap Ooze","floor":13,"gold_loss":0},{"damage_healed":0,"gold_gain":0,"player_choice":"Grow","damage_taken":0,"max_hp_gain":0,"max_hp_loss":0,"event_name":"Living Wall","floor":14,"gold_loss":0,"cards_upgraded":["Catalyst"]}],"is_beta":false,"boss_relics":[{"not_picked":["Empty Cage","Runic Dome"],"picked":"Black Star"}],"items_purged_floors":[19],"is_endless":false,"potions_floor_spawned":[5,7,10,12,16,18,20],"killed_by":"Gremlin Leader","ascension_level":5}