{"gold_per_floor":[115,141,141,157,177,177,207,221,221,221,256,236,255,270,270,270],"floor_reached":16,"playtime":955,"items_purged":[],"score":196,"play_id":"9cd2e1ce-baee-4e9b-8edb-c60ea6c65f84","local_time":"20190520011421","is_ascension_mode":true,"campfire_choices":[{"data":"Finesse","floor":6,"key":"SMITH"},{"data":"Rage","floor":10,"key":"SMITH"},{"data":"Second Wind","floor":15,"key":"SMITH"}],"neow_cost":"NONE","seed_source_timestamp":4361897601048462,"circlet_count":0,"master_deck":["AscendersBane","Strike_R","Strike_R","Strike_R","Strike_R","Defend_R","Defend_R","Defend_R","Defend_R","Bash","Finesse+1","Shrug It Off","Second Wind+1","Feel No Pain","Rage+1","Fire Breathing"],"relics":["Burning Blood","Bag of Preparation","Strawberry","Bottled Flame","Blue Candle"],"potions_floor_usage":[11,11,16,16],"damage_taken":[{"damage":12,"enemies":"Cultist","floor":1,"turns":5},{"damage":0,"enemies":"2 Louse","floor":4,"turns":3},{"damage":3,"enemies":"Small Slimes","floor":5,"turns":5},{"damage":32,"enemies":"3 Sentries","floor":7,"turns":16},{"damage":31,"enemies":"Gremlin Gang","floor":8,"turns":10},{"damage":20,"enemies":"Lagavulin","floor":11,"turns":9},{"damage":3,"enemies":"Blue Slaver","floor":13,"turns":4},{"damage":3,"enemies":"3 Louse","floor":14,"turns":6},{"damage":20,"enemies":"Hexaghost","floor":16,"turns":13}],"seed_played":"7912946575201687971","potions_obtained":[{"floor":4,"key":"Energy Potion"},{"floor":7,"key":"GamblersBrew"},{"floor":11,"key":"FearPotion"},{"floor":12,"key":"Block Potion"}],"is_trial":false,"path_per_floor":["M","T","?","M","M","R","E","M","T","R","E","?","M","M","R","B"],"character_chosen":"IRONCLAD","items_purchased":[],"campfire_rested":0,"item_purchase_floors":[],"current_hp_per_floor":[62,62,62,68,71,71,52,27,27,27,13,13,16,19,19,0],"gold":270,"neow_bonus":"RANDOM_COLORLESS","is_prod":false,"is_daily":false,"chose_seed":false,"campfire_upgraded":3,"win_rate":0,"timestamp":1558307661,"path_taken":["M","?","?","M","M","R","E","?","T","R","E","?","?","M","R","BOSS"],"build_version":"2019-01-23","purchased_purges":0,"victory":false,"max_hp_per_floor":[75,75,75,75,75,75,82,82,82,82,82,82,82,82,82,82],"card_choices":[{"not_picked":["Headbutt","Ghostly Armor"],"picked":"Shrug It Off","floor":1},{"not_picked":["Combust","Searing Blow","Heavy Blade"],"picked":"SKIP","floor":4},{"not_picked":["Warcry","Blood for Blood"],"picked":"Feel No Pain","floor":5},{"not_picked":["Evolve","Anger"],"picked":"Rage","floor":7},{"not_picked":["Perfected Strike","True Grit","Headbutt"],"picked":"SKIP","floor":8},{"not_picked":["Twin Strike","Evolve","Sword Boomerang"],"picked":"SKIP","floor":11},{"not_picked":["Brutality","Sword Boomerang"],"picked":"Fire Breathing","floor":13},{"not_picked":["Thunderclap","Armaments","Searing Blow"],"picked":"SKIP","floor":14}],"player_experience":561721,"relics_obtained":[{"floor":2,"key":"Bag of Preparation"},{"floor":7,"key":"Strawberry"},{"floor":9,"key":"Bottled Flame"},{"floor":11,"key":"Blue Candle"}],"event_choices":[{"damage_healed":0,"gold_gain":0,"cards_transformed":["Strike_R"],"player_choice":"Transformed","damage_taken":0,"max_hp_gain":0,"max_hp_loss":0,"event_name":"Transmorgrifier","floor":3,"gold_loss":0,"cards_obtained":["Second Wind"]},{"damage_healed":0,"gold_gain":0,"player_choice":"Bought 1 Potion","damage_taken":0,"max_hp_gain":0,"max_hp_loss":0,"event_name":"The Woman in Blue","floor":12,"gold_loss":0}],"is_beta":false,"boss_relics":[],"items_purged_floors":[],"is_endless":false,"potions_floor_spawned":[4,7,11,14],"killed_by":"Hexaghost","ascension_level":15}