{"path_per_floor":["M","?","?","?","?","R","M","R","T","$","M","M","?","M","R","B",null,"M","$","?","?","?","R","$","M","T","M","$","R","?","M","R"],"character_chosen":"IRONCLAD","items_purchased":["Vajra","Feel No Pain","Sentinel"],"gold_per_floor":[119,119,119,119,119,119,129,129,175,22,33,51,1,15,15,114,114,132,19,19,19,19,19,19,35,59,76,1,1,1,13,13,13],"floor_reached":33,"campfire_rested":1,"playtime":1513,"item_purchase_floors":[10,19,19],"current_hp_per_floor":[80,73,73,73,73,73,77,77,77,77,80,79,79,79,79,18,65,67,67,67,51,51,51,51,56,56,56,56,56,56,41,56,0],"items_purged":["Regret"],"gold":13,"score":316,"play_id":"3a865113-d65c-4ac6-8f0d-057566b560e9","local_time":"20180608124653","is_prod":false,"is_daily":false,"chose_seed":false,"is_ascension_mode":true,"campfire_upgraded":5,"win_rate":0,"timestamp":1528454813,"campfire_choices":[{"data":"Armaments","floor":6,"key":"SMITH"},{"data":"Flex","floor":8,"key":"SMITH"},{"data":"Immolate","floor":15,"key":"SMITH"},{"data":"Feel No Pain","floor":23,"key":"SMITH"},{"data":"Offering","floor":29,"key":"SMITH"},{"floor":32,"key":"REST"}],"path_taken":["M","?","?","?","?","R","M","R","T","$","?","M","?","M","R","BOSS","M","$","?","?","?","R","$","?","T","?","?","R","?","M","R","BOSS"],"build_version":"2018-06-07","seed_source_timestamp":1953607905808771,"purchased_purges":1,"victory":false,"master_deck":["Defend_R","Defend_R","Defend_R","Bash","Flex+1","Armaments+1","Fiend Fire+1","Infernal Blade","Disarm","Immolate+1","Offering+1","Warcry+1","Feel No Pain+1","Sentinel","Bite","Bite","Bite","Bite+1","Bite+1","Feel No Pain"],"max_hp_per_floor":[80,80,80,80,80,80,80,80,80,80,80,80,80,80,80,80,80,80,80,80,80,56,56,56,56,56,56,56,56,56,56,56,56],"relics":["Burning Blood","Question Card","Boot","Vajra","Cursed Key","Nilry\u0027s Codex","Nloth\u0027s Gift"],"card_choices":[{"not_picked":["Warcry","Havoc"],"picked":"Flex","floor":0},{"not_picked":["Body Slam","Pommel Strike"],"picked":"Armaments","floor":1},{"not_picked":["Heavy Blade","Dual Wield","Twin Strike"],"picked":"Infernal Blade","floor":7},{"not_picked":["Perfected Strike","Body Slam","Warcry"],"picked":"Disarm","floor":11},{"not_picked":["Sever Soul","Twin Strike","Uppercut"],"picked":"Immolate","floor":12},{"not_picked":["Sword Boomerang","Searing Blow","Clothesline","Rage"],"picked":"SKIP","floor":14},{"not_picked":["Limit Break","Berserk","Double Tap"],"picked":"Offering","floor":16},{"not_picked":["Blood for Blood","Twin Strike","Entrench"],"picked":"Warcry+1","floor":18},{"not_picked":["Warcry","Twin Strike","Pommel Strike+1"],"picked":"Feel No Pain","floor":25},{"not_picked":["Dropkick+1","Ghostly Armor+1","Armaments","Bloodletting"],"picked":"SKIP","floor":27},{"not_picked":["Headbutt","Flame Barrier","Intimidate","Power Through"],"picked":"SKIP","floor":31}],"player_experience":256706,"potions_floor_usage":[16,33,33,33],"damage_taken":[{"damage":6,"enemies":"Cultist","floor":1,"turns":4},{"damage":2,"enemies":"Jaw Worm","floor":7,"turns":3},{"damage":1,"enemies":"Small Slimes","floor":11,"turns":2},{"damage":7,"enemies":"3 Louse","floor":12,"turns":2},{"damage":6,"enemies":"Looter","floor":14,"turns":3},{"damage":71,"enemies":"The Guardian","floor":16,"turns":15},{"damage":4,"enemies":"Shell Parasite","floor":18,"turns":2},{"damage":4,"enemies":"Spheric Guardian","floor":25,"turns":2},{"damage":8,"enemies":"Centurion and Healer","floor":27,"turns":3},{"damage":23,"enemies":"Snake Plant","floor":31,"turns":2},{"damage":66,"enemies":"Collector","floor":33,"turns":11}],"relics_obtained":[{"floor":9,"key":"Boot"},{"floor":21,"key":"Nilry\u0027s Codex"},{"floor":26,"key":"Whetstone"}],"event_choices":[{"event_name":"Scrap Ooze","player_choice":"success","floor":2,"damage_taken":7},{"event_name":"Match and Keep!","player_choice":"1 cards matched","floor":3,"damage_taken":0},{"event_name":"Living Wall","player_choice":"Forget","floor":4,"damage_taken":0},{"event_name":"Accursed Blacksmith","player_choice":"Forge","floor":5,"damage_taken":0},{"event_name":"The Cleric","player_choice":"Card Removal","floor":13,"damage_taken":0},{"event_name":"Purifier","player_choice":"One Purge","floor":20,"damage_taken":0},{"event_name":"Cursed Tome","player_choice":"Obtained Book","floor":21,"damage_taken":0},{"event_name":"Vampires","player_choice":"Became a vampire","floor":22,"damage_taken":0},{"event_name":"N\u0027loth","player_choice":"Traded a Whetstone","floor":30,"damage_taken":0}],"boss_relics":[{"not_picked":["Lizard Tail","Philosopher\u0027s Stone"],"picked":"Cursed Key"}],"items_purged_floors":[28],"potions_floor_spawned":[7,14,18,31],"seed_played":"5374731705726100035","killed_by":"Collector","ascension_level":5,"potions_obtained":[{"floor":7,"key":"Dexterity Potion"},{"floor":14,"key":"LiquidBronze"},{"floor":18,"key":"Weak Potion"},{"floor":31,"key":"Poison Potion"}],"is_trial":false}