{"gold_per_floor":[118,5,17,37,37,37,37,37,37,37,50,50,75,92,92,189,189,208,234,248,258,65,65,78,98,122,122,122],"floor_reached":28,"playtime":5500,"items_purged":["Strike_G"],"score":242,"play_id":"539bdd06-0a4c-491d-b512-81093338945b","local_time":"20180922222659","is_ascension_mode":true,"campfire_choices":[{"data":"Blade Dance","floor":6,"key":"SMITH"},{"data":"Neutralize","floor":8,"key":"SMITH"},{"data":"Dodge and Roll","floor":10,"key":"SMITH"},{"floor":15,"key":"REST"},{"data":"Apotheosis","floor":23,"key":"SMITH"}],"neow_cost":"NONE","seed_source_timestamp":130785418364307,"circlet_count":0,"master_deck":["Defend_G","Defend_G","Defend_G+1","Defend_G","Defend_G","Survivor","Neutralize+1","All Out Attack","Blade Dance+1","Distraction+1","Dodge and Roll","Dodge and Roll+1","Escape Plan","Bane","A Thousand Cuts","Endless Agony+1","Eviscerate+1","Cloak And Dagger+1","Dodge and Roll","PiercingWail","Deadly Poison","Apotheosis+1","Prepared","Decay"],"relics":["Ring of the Snake","Ninja Scroll","Blood Vial","Astrolabe","Lantern","Vajra"],"potions_floor_usage":[25],"damage_taken":[{"damage":1,"enemies":"Cultist","floor":1,"turns":4},{"damage":0,"enemies":"2 Louse","floor":3,"turns":2},{"damage":3,"enemies":"Small Slimes","floor":4,"turns":3},{"damage":0,"enemies":"2 Fungi Beasts","floor":11,"turns":4},{"damage":8,"enemies":"Exordium Thugs","floor":14,"turns":5},{"damage":21,"enemies":"The Guardian","floor":16,"turns":12},{"damage":9,"enemies":"Shell Parasite","floor":18,"turns":3},{"damage":18,"enemies":"Spheric Guardian","floor":20,"turns":6},{"damage":21,"enemies":"Snake Plant","floor":21,"turns":7},{"damage":20,"enemies":"Cultist and Chosen","floor":24,"turns":6},{"damage":8,"enemies":"Shelled Parasite and Fungi","floor":25,"turns":7},{"damage":4,"enemies":"Snake Plant","floor":28,"turns":1}],"seed_played":"5690761392995453790","potions_obtained":[{"floor":3,"key":"SteroidPotion"},{"floor":4,"key":"Dexterity Potion"},{"floor":11,"key":"Strength Potion"},{"floor":14,"key":"LiquidBronze"}],"is_trial":false,"path_per_floor":["M","$","M","M","?","R","$","R","T","R","M","?","T","M","R","B",null,"M","T","M","M","$","R","M","M","T","?"],"character_chosen":"THE_SILENT","items_purchased":["Distraction","Apotheosis"],"campfire_rested":1,"item_purchase_floors":[2,22],"current_hp_per_floor":[69,69,69,66,52,52,52,52,52,52,52,52,52,46,67,48,70,61,61,45,26,26,26,8,2,2,2,0],"gold":122,"neow_bonus":"THREE_CARDS","is_prod":false,"is_daily":false,"chose_seed":false,"campfire_upgraded":4,"win_rate":0,"timestamp":1537669619,"path_taken":["M","?","M","?","?","R","?","R","T","R","?","?","?","M","R","BOSS","M","?","M","M","$","R","M","M","T","?","?"],"build_version":"2018-09-20","purchased_purges":1,"victory":false,"max_hp_per_floor":[70,70,70,70,70,70,70,70,70,70,70,70,70,70,70,70,70,70,70,70,70,70,70,70,70,70,70,70],"card_choices":[{"not_picked":["Concentrate","PiercingWail"],"picked":"All Out Attack","floor":0},{"not_picked":["Flying Knee","Bane"],"picked":"Blade Dance","floor":1},{"not_picked":["Poisoned Stab","Underhanded Strike"],"picked":"Dodge and Roll","floor":3},{"not_picked":["Acrobatics","Flying Knee"],"picked":"Dodge and Roll","floor":4},{"not_picked":["Slice","Dagger Throw"],"picked":"Escape Plan","floor":11},{"not_picked":["Flying Knee","Outmaneuver","Eviscerate"],"picked":"SKIP","floor":14},{"not_picked":["Glass Knife","Die Die Die"],"picked":"A Thousand Cuts","floor":16},{"not_picked":["Acrobatics","Poisoned Stab"],"picked":"Dodge and Roll","floor":18},{"not_picked":["Acrobatics","Expertise"],"picked":"PiercingWail","floor":20},{"not_picked":["Flying Knee","Leg Sweep"],"picked":"Deadly Poison","floor":21},{"not_picked":["Quick Slash","Reflex+1","Bane"],"picked":"SKIP","floor":24},{"not_picked":["Deadly Poison","Well Laid Plans"],"picked":"Prepared","floor":25}],"player_experience":874615,"relics_obtained":[{"floor":9,"key":"Ninja Scroll"},{"floor":13,"key":"Blood Vial"},{"floor":19,"key":"Lantern"},{"floor":26,"key":"Vajra"}],"event_choices":[{"event_name":"Shining Light","player_choice":"Entered Light","floor":5,"damage_taken":0},{"event_name":"Living Wall","player_choice":"Change","floor":12,"damage_taken":0},{"event_name":"Forgotten Altar","player_choice":"Smashed Altar","floor":27,"damage_taken":0}],"is_beta":false,"boss_relics":[{"not_picked":["Fusion Hammer","White Beast Statue"],"picked":"Astrolabe"}],"items_purged_floors":[2],"is_endless":false,"potions_floor_spawned":[3,4,11,14,20,21,24],"killed_by":"Snake Plant","ascension_level":3}