{"gold_per_floor":[361,436,452,752,165,196,206,94,94,121,121,156,156,168,168,239,239,250,268,268],"floor_reached":20,"playtime":872,"items_purged":["Regret"],"score":369,"play_id":"54653bcb-ec75-471c-97b5-5937c4bcba17","local_time":"20190409220808","is_ascension_mode":true,"campfire_choices":[{"floor":11,"key":"REST"},{"data":"Aggregate","floor":15,"key":"SMITH"}],"neow_cost":"PERCENT_DAMAGE","seed_source_timestamp":0,"circlet_count":0,"master_deck":["AscendersBane","Strike_B","Strike_B","Strike_B","Strike_B","Defend_B","Defend_B","Defend_B","Defend_B","Zap","Dualcast","Sweeping Beam","The Bomb","Capacitor","Auto Shields","Hologram","Glacier","Static Discharge","Defragment","Hologram","Aggregate+1","Rainbow","FTL"],"special_seed":0,"relics":["Cracked Core","Old Coin","StoneCalendar","PreservedInsect","Nunchaku","Pen Nib","Frozen Egg 2","Nuclear Battery"],"potions_floor_usage":[6,6,6,10,12],"damage_taken":[{"damage":4.0,"enemies":"Jaw Worm","floor":1.0,"turns":3.0},{"damage":0.0,"enemies":"Small Slimes","floor":3.0,"turns":2.0},{"damage":7,"enemies":"3 Sentries","floor":6,"turns":4},{"damage":0,"enemies":"Cultist","floor":7,"turns":3},{"damage":0,"enemies":"Gremlin Nob","floor":10,"turns":3},{"damage":14,"enemies":"3 Sentries","floor":12,"turns":6},{"damage":3,"enemies":"Blue Slaver","floor":14,"turns":4},{"damage":15,"enemies":"Hexaghost","floor":16,"turns":10},{"damage":22,"enemies":"3 Byrds","floor":18,"turns":3},{"damage":16,"enemies":"2 Thieves","floor":19,"turns":4},{"damage":26,"enemies":"Shelled Parasite and Fungi","floor":20,"turns":2}],"seed_played":"-5580656325426146562","potions_obtained":[{"floor":3.0,"key":"EntropicBrew"},{"floor":6,"key":"Poison Potion"},{"floor":7,"key":"GamblersBrew"},{"floor":10,"key":"SkillPotion"},{"floor":16,"key":"Ancient Potion"}],"is_trial":false,"path_per_floor":["M","?","M","?","$","E","M","$","T","E","R","E","?","M","R","B",null,"M","M","M"],"character_chosen":"DEFECT","items_purchased":["StoneCalendar","The Bomb","Capacitor","Glacier","Static Discharge"],"campfire_rested":1,"item_purchase_floors":[5,5,5,8,8],"current_hp_per_floor":[42,31,31,31,31,24,24,24,24,24,45,31,36,33,33,18,58,36,20,0],"gold":268,"neow_bonus":"TWO_FIFTY_GOLD","is_prod":false,"is_daily":false,"chose_seed":false,"campfire_upgraded":1,"win_rate":0,"timestamp":1554862088,"path_taken":["M","?","M","?","$","E","M","$","T","E","R","E","?","M","R","BOSS","M","M","M"],"build_version":"2019-01-23","purchased_purges":1,"victory":false,"max_hp_per_floor":[71,71,71,71,71,71,71,71,71,71,71,71,71,71,71,71,71,71,71,71],"card_choices":[{"not_picked":["Stack","Go for the Eyes"],"picked":"Streamline","floor":1.0},{"not_picked":["Coolheaded","Skim"],"picked":"Sweeping Beam","floor":3.0},{"not_picked":["Capacitor","Rip and Tear"],"picked":"Auto Shields","floor":6},{"not_picked":["Sunder","Doom and Gloom"],"picked":"Hologram","floor":7},{"not_picked":["Gash","Loop"],"picked":"Defragment","floor":10},{"not_picked":["Doom and Gloom","Genetic Algorithm"],"picked":"Hologram","floor":12},{"not_picked":["Compile Driver","Consume"],"picked":"Aggregate","floor":14},{"not_picked":["Core Surge","Amplify"],"picked":"Rainbow","floor":16},{"not_picked":["Sweeping Beam","Consume","Hologram"],"picked":"SKIP","floor":18},{"not_picked":["Barrage","Doom and Gloom"],"picked":"FTL","floor":19}],"player_experience":2630798,"relics_obtained":[{"floor":6,"key":"PreservedInsect"},{"floor":9,"key":"Nunchaku"},{"floor":10,"key":"Pen Nib"},{"floor":12,"key":"Frozen Egg 2"}],"event_choices":[{"damage_healed":0.0,"max_hp_gain":0.0,"max_hp_loss":0.0,"gold_gain":75.0,"event_name":"World of Goop","player_choice":"Gather Gold","floor":2.0,"gold_loss":0.0,"damage_taken":11.0},{"damage_healed":0.0,"max_hp_gain":0.0,"max_hp_loss":0.0,"gold_gain":0.0,"event_name":"Big Fish","player_choice":"Box","floor":4.0,"gold_loss":0.0,"damage_taken":0.0,"relics_obtained":["Old Coin"],"cards_obtained":["Regret"]},{"cards_removed":["Streamline"],"damage_healed":5,"gold_gain":0,"player_choice":"Offered Common","damage_taken":0,"max_hp_gain":0,"max_hp_loss":0,"event_name":"Bonfire Elementals","floor":13,"gold_loss":0},{"cards_removed":["Streamline"],"damage_healed":5,"gold_gain":0,"player_choice":"Offered Special","damage_taken":0,"max_hp_gain":0,"max_hp_loss":0,"event_name":"Bonfire Elementals","floor":13,"gold_loss":0}],"is_beta":false,"boss_relics":[{"not_picked":["Tiny House","White Beast Statue"],"picked":"Nuclear Battery"}],"items_purged_floors":[5],"is_endless":false,"potions_floor_spawned":[3,6,7,10,16],"killed_by":"Shelled Parasite and Fungi","ascension_level":14}