{"gold_per_floor":[110,122,138,138,155,155,173,173,196,212,226,245,264,280,280,280],"floor_reached":16,"playtime":1684,"items_purged":[],"score":150,"play_id":"15b1214d-b27e-4af1-92f5-97861b0fb0a1","local_time":"20190326092232","is_ascension_mode":true,"campfire_choices":[{"data":"Dualcast","floor":6,"key":"SMITH"},{"data":"Go for the Eyes","floor":8,"key":"SMITH"},{"floor":15,"key":"REST"}],"neow_cost":"PERCENT_DAMAGE","seed_source_timestamp":204765983200,"circlet_count":0,"master_deck":["AscendersBane","Strike_B","Strike_B","Strike_B","Defend_B","Defend_B","Defend_B","Defend_B","Zap","Dualcast+1","Gash","Gash","Go for the Eyes+1","Capacitor","Melter","Rebound","Scrape","Buffer","Coolheaded"],"relics":["Cracked Core","Dream Catcher"],"potions_floor_usage":[11,13,13,16],"damage_taken":[{"damage":3,"enemies":"2 Louse","floor":1,"turns":2},{"damage":1,"enemies":"Cultist","floor":2,"turns":3},{"damage":4,"enemies":"Jaw Worm","floor":3,"turns":3},{"damage":7,"enemies":"Looter","floor":5,"turns":3},{"damage":15,"enemies":"3 Louse","floor":7,"turns":3},{"damage":9,"enemies":"Blue Slaver","floor":10,"turns":4},{"damage":9,"enemies":"Red Slaver","floor":11,"turns":2},{"damage":6,"enemies":"3 Louse","floor":12,"turns":3},{"damage":0,"enemies":"Looter","floor":13,"turns":2},{"damage":10,"enemies":"Exordium Wildlife","floor":14,"turns":3},{"damage":31,"enemies":"Hexaghost","floor":16,"turns":9}],"seed_played":"-7243546409873351927","potions_obtained":[{"floor":2,"key":"Regen Potion"},{"floor":3,"key":"GamblersBrew"},{"floor":7,"key":"Strength Potion"},{"floor":11,"key":"Ancient Potion"},{"floor":14,"key":"LiquidBronze"}],"is_trial":false,"path_per_floor":["M","M","M","?","M","R","M","R","T","M","M","M","M","M","R","B"],"character_chosen":"DEFECT","items_purchased":[],"campfire_rested":1,"item_purchase_floors":[],"current_hp_per_floor":[61,60,56,56,49,49,34,34,34,25,21,15,15,5,31,0],"gold":280,"neow_bonus":"TWENTY_PERCENT_HP_BONUS","is_prod":false,"is_daily":false,"chose_seed":false,"campfire_upgraded":2,"win_rate":0,"timestamp":1553606552,"path_taken":["M","M","M","?","?","R","M","R","T","M","M","M","?","M","R","BOSS"],"build_version":"2019-01-23","purchased_purges":0,"victory":false,"max_hp_per_floor":[89,89,89,89,89,89,89,89,89,89,89,89,89,89,89,89],"card_choices":[{"not_picked":["Compile Driver","Consume"],"picked":"Gash","floor":1},{"not_picked":["Force Field","FTL"],"picked":"Gash","floor":2},{"not_picked":["Recycle","Coolheaded"],"picked":"Go for the Eyes","floor":3},{"not_picked":["Turbo","Darkness"],"picked":"Capacitor","floor":5},{"not_picked":["Beam Cell","Turbo","Redo"],"picked":"SKIP","floor":7},{"not_picked":["Stack","Loop","Skim"],"picked":"SKIP","floor":10},{"not_picked":["Sunder","Cold Snap"],"picked":"Melter","floor":11},{"not_picked":["Cold Snap","Loop"],"picked":"Rebound","floor":12},{"not_picked":["Leap","Steam"],"picked":"Scrape","floor":13},{"not_picked":["Leap","Redo"],"picked":"Buffer","floor":14},{"not_picked":["Ball Lightning","Hologram"],"picked":"Coolheaded","floor":15}],"player_experience":2511641,"relics_obtained":[{"floor":9,"key":"Dream Catcher"}],"event_choices":[{"cards_removed":["Strike_B"],"damage_healed":0,"gold_gain":0,"player_choice":"Offered Basic","damage_taken":0,"max_hp_gain":0,"max_hp_loss":0,"event_name":"Bonfire Elementals","floor":4,"gold_loss":0}],"is_beta":false,"boss_relics":[],"items_purged_floors":[],"is_endless":false,"potions_floor_spawned":[2,3,7,11,14],"killed_by":"Hexaghost","ascension_level":10}