{"gold_per_floor":[118,118,118,137,157,157,491,491,491,518,518,536,536,564,564,664,664,681,700,710,710,723,748,748,779,779,779,814,829,860,113,113,214,214,229,229,246,246,278,303,315,343,343,372,372,398,414,428,428,428],"floor_reached":51,"playtime":3458,"items_purged":[],"score":1424,"play_id":"f0cb16af-fe0c-452a-8fbe-5a0662025769","local_time":"20190128223357","daily_mods":["DeadlyEvents","Elite Swarm"],"is_ascension_mode":true,"campfire_choices":[{"data":"Zap","floor":6,"key":"SMITH"},{"data":"Dualcast","floor":8,"key":"SMITH"},{"data":"Multi-Cast","floor":11,"key":"SMITH"},{"data":"Multi-Cast","floor":15,"key":"SMITH"},{"data":"Defragment","floor":24,"key":"SMITH"},{"data":"Machine Learning","floor":27,"key":"SMITH"},{"floor":32,"key":"REST"},{"data":"Heatsinks","floor":45,"key":"SMITH"},{"data":"Apotheosis","floor":49,"key":"SMITH"}],"neow_cost":"","seed_source_timestamp":0,"circlet_count":0,"master_deck":["Dualcast+1","Zap+1","Leap","Leap","Leap","Leap","Leap","Electrodynamics","Thunder Strike","Ball Lightning","Ball Lightning","Ball Lightning","Ball Lightning","Multi-Cast+1","Multi-Cast+1","Seek","Auto Shields","Capacitor","Defragment+1","Storm+1","Machine Learning+1","Creative AI","Static Discharge+1","Echo Form","Defragment","Heatsinks+1","Apotheosis+1","Undo+1","Echo Form","Defragment","Storm","Thunder Strike","Amplify+1","Tempest+1","Amplify+1","Reboot+1","Force Field+1"],"relics":["Cracked Core","Black Star","Mummified Hand","Old Coin","Mango","Darkstone Periapt","Dream Catcher","Ornamental Fan","Matryoshka","StoneCalendar","Turnip","Black Star","Question Card","Nunchaku","Kunai","Pear","Bronze Scales","Dead Branch","Regal Pillow","The Courier","Torii","Symbiotic Virus","Ice Cream","Incense Burner","Nuclear Battery","Dodecahedron","Gambling Chip","Pocketwatch","Toxic Egg 2","Frozen Egg 2","Bottled Tornado","Bag of Marbles","Singing Bowl","Calipers","Bottled Lightning","Gremlin Horn","Thread and Needle"],"potions_floor_usage":[23,23,30,38,38],"damage_taken":[{"damage":0,"enemies":"Small Slimes","floor":1,"turns":3},{"damage":0,"enemies":"2 Louse","floor":4,"turns":1},{"damage":0,"enemies":"Cultist","floor":5,"turns":3},{"damage":13,"enemies":"Lagavulin","floor":7,"turns":5},{"damage":2,"enemies":"3 Sentries","floor":10,"turns":3},{"damage":0,"enemies":"2 Fungi Beasts","floor":12,"turns":2},{"damage":2,"enemies":"Lagavulin","floor":14,"turns":4},{"damage":0,"enemies":"Slime Boss","floor":16,"turns":4},{"damage":8,"enemies":"2 Thieves","floor":18,"turns":3},{"damage":13,"enemies":"Shell Parasite","floor":19,"turns":4},{"damage":6,"enemies":"Chosen and Byrds","floor":20,"turns":4},{"damage":4,"enemies":"Snake Plant","floor":22,"turns":4},{"damage":10,"enemies":"Gremlin Leader","floor":23,"turns":3},{"damage":25,"enemies":"Slavers","floor":25,"turns":2},{"damage":0,"enemies":"Gremlin Leader","floor":28,"turns":3},{"damage":0,"enemies":"Snecko","floor":29,"turns":2},{"damage":23,"enemies":"Slavers","floor":30,"turns":2},{"damage":8,"enemies":"Collector","floor":33,"turns":5},{"damage":1,"enemies":"3 Shapes","floor":35,"turns":2},{"damage":0,"enemies":"Orb Walker","floor":37,"turns":2},{"damage":0,"enemies":"Writhing Mass","floor":38,"turns":1},{"damage":1,"enemies":"Giant Head","floor":39,"turns":4},{"damage":41,"enemies":"Reptomancer","floor":40,"turns":3},{"damage":0,"enemies":"3 Darklings","floor":41,"turns":2},{"damage":13,"enemies":"Giant Head","floor":42,"turns":3},{"damage":1,"enemies":"Nemesis","floor":44,"turns":3},{"damage":0,"enemies":"Giant Head","floor":46,"turns":3},{"damage":0,"enemies":"Jaw Worm Horde","floor":47,"turns":2},{"damage":0,"enemies":"Maw","floor":48,"turns":3},{"damage":0,"enemies":"Donu and Deca","floor":50,"turns":2}],"seed_played":"6536004562838363265","potions_obtained":[{"floor":1,"key":"FearPotion"},{"floor":3,"key":"FocusPotion"},{"floor":3,"key":"EssenceOfSteel"},{"floor":23,"key":"Dexterity Potion"},{"floor":25,"key":"GamblersBrew"},{"floor":29,"key":"SkillPotion"},{"floor":33,"key":"SmokeBomb"},{"floor":40,"key":"Poison Potion"},{"floor":41,"key":"Strength Potion"}],"is_trial":true,"path_per_floor":["M","?","?","M","M","R","E","R","T","E","R","M","T","E","R","B",null,"M","M","M","?","M","E","R","E","T","R","E","M","E","$","R","B",null,"M","?","M","M","E","E","M","E","T","E","R","E","M","M","R","B",null],"character_chosen":"DEFECT","items_purchased":["Ice Cream","Incense Burner","Defragment","Heatsinks","Apotheosis"],"campfire_rested":1,"item_purchase_floors":[31,31,31,31,31],"current_hp_per_floor":[75,75,75,75,75,75,76,76,76,74,74,74,74,72,72,72,89,81,68,62,62,58,48,48,33,33,33,33,33,10,10,54,46,99,98,98,98,98,97,56,56,43,43,42,42,44,46,46,46,46],"gold":428,"neow_bonus":"","is_prod":false,"is_daily":false,"chose_seed":false,"campfire_upgraded":8,"win_rate":0,"timestamp":1548736437,"path_taken":["M","?","?","M","?","R","E","R","T","E","R","M","?","E","R","BOSS","M","M","M","?","M","E","R","E","T","R","E","M","E","$","R","BOSS","M","?","M","?","?","E","M","E","T","E","R","E","M","M","R","BOSS"],"build_version":"2019-01-23","purchased_purges":0,"victory":true,"max_hp_per_floor":[75,75,75,75,75,75,89,89,89,89,89,89,89,89,89,89,89,89,89,89,89,89,89,89,99,99,99,99,99,99,99,99,99,99,99,99,99,99,99,99,99,99,99,99,99,101,103,103,103,103],"card_choices":[{"not_picked":["Sunder","Glacier","Chaos"],"picked":"SKIP","floor":1},{"not_picked":["Stack","Steam","Redo"],"picked":"SKIP","floor":4},{"not_picked":["Compile Driver","Streamline","Stack"],"picked":"SKIP","floor":5},{"not_picked":["Machine Learning","Fission"],"picked":"Multi-Cast","floor":7},{"not_picked":["Meteor Strike","Machine Learning"],"picked":"Multi-Cast","floor":10},{"not_picked":["Ball Lightning","Recycle","Storm"],"picked":"SKIP","floor":12},{"not_picked":["Rainbow","Hyperbeam","Meteor Strike"],"picked":"SKIP","floor":14},{"not_picked":["Biased Cognition","Creative AI"],"picked":"Seek","floor":16},{"not_picked":["Heatsinks","Rebound"],"picked":"Auto Shields","floor":18},{"not_picked":["Coolheaded","Redo","Barrage"],"picked":"SKIP","floor":19},{"not_picked":["Sweeping Beam","Consume"],"picked":"Capacitor","floor":20},{"not_picked":["Chill","Rebound+1"],"picked":"Storm+1","floor":22},{"not_picked":["Core Surge","Meteor Strike"],"picked":"Machine Learning","floor":23},{"not_picked":["All For One","Multi-Cast","Electrodynamics"],"picked":"Creative AI","floor":25},{"not_picked":["Meteor Strike","Hyperbeam","All For One","Core Surge"],"picked":"SKIP","floor":28},{"not_picked":["Steam Power","Turbo","Redo"],"picked":"Static Discharge+1","floor":29},{"not_picked":["All For One","Hyperbeam","Core Surge"],"picked":"Echo Form","floor":30},{"not_picked":["Compile Driver","Lockon+1","Self Repair+1"],"picked":"Undo+1","floor":32},{"not_picked":["Multi-Cast","Rainbow","Meteor Strike"],"picked":"Echo Form","floor":33},{"not_picked":["Steam","Melter+1","Consume"],"picked":"Defragment","floor":35},{"not_picked":["Auto Shields+1","Coolheaded","Darkness"],"picked":"Storm","floor":37},{"not_picked":["Creative AI","Buffer","Echo Form"],"picked":"Thunder Strike","floor":39},{"not_picked":["Echo Form","Creative AI","Meteor Strike"],"picked":"Amplify","floor":40},{"not_picked":["Gash","Consume+1","Turbo+1"],"picked":"Tempest+1","floor":41},{"not_picked":["Machine Learning","Buffer","Fission+1"],"picked":"Amplify+1","floor":42},{"not_picked":["Core Surge","Electrodynamics+1","Amplify+1"],"picked":"Reboot+1","floor":44},{"not_picked":["Creative AI+1","Hyperbeam","Rainbow+1","Electrodynamics+1"],"picked":"Singing Bowl","floor":46},{"not_picked":["Sunder","Storm+1","Skim+1","Fusion+1"],"picked":"Singing Bowl","floor":47},{"not_picked":["Beam Cell","Coolheaded+1","Auto Shields+1"],"picked":"Force Field+1","floor":48}],"player_experience":586235,"relics_obtained":[{"floor":7,"key":"Old Coin"},{"floor":7,"key":"Mango"},{"floor":9,"key":"Darkstone Periapt"},{"floor":10,"key":"Dream Catcher"},{"floor":10,"key":"Ornamental Fan"},{"floor":13,"key":"Matryoshka"},{"floor":14,"key":"StoneCalendar"},{"floor":14,"key":"Turnip"},{"floor":23,"key":"Question Card"},{"floor":23,"key":"Nunchaku"},{"floor":25,"key":"Kunai"},{"floor":25,"key":"Pear"},{"floor":26,"key":"Bronze Scales"},{"floor":26,"key":"Dead Branch"},{"floor":28,"key":"Regal Pillow"},{"floor":28,"key":"The Courier"},{"floor":30,"key":"Torii"},{"floor":30,"key":"Symbiotic Virus"},{"floor":39,"key":"Dodecahedron"},{"floor":39,"key":"Gambling Chip"},{"floor":40,"key":"Pocketwatch"},{"floor":40,"key":"Toxic Egg 2"},{"floor":42,"key":"Frozen Egg 2"},{"floor":42,"key":"Bottled Tornado"},{"floor":43,"key":"Bag of Marbles"},{"floor":43,"key":"Singing Bowl"},{"floor":44,"key":"Calipers"},{"floor":44,"key":"Bottled Lightning"},{"floor":46,"key":"Gremlin Horn"},{"floor":46,"key":"Thread and Needle"}],"event_choices":[{"damage_healed":0,"gold_gain":0,"player_choice":"Ignored","damage_taken":0,"max_hp_gain":0,"max_hp_loss":0,"event_name":"Liars Game","floor":2,"gold_loss":0},{"damage_healed":0,"gold_gain":0,"player_choice":"Got Potions","damage_taken":0,"max_hp_gain":0,"max_hp_loss":0,"event_name":"Lab","floor":3,"gold_loss":0},{"damage_healed":0,"gold_gain":0,"player_choice":"Read","damage_taken":0,"max_hp_gain":0,"max_hp_loss":0,"event_name":"The Library","floor":21,"gold_loss":0,"cards_obtained":["Defragment"]},{"damage_healed":0,"gold_gain":0,"player_choice":"Memory 1","damage_taken":0,"max_hp_gain":0,"max_hp_loss":0,"event_name":"SensoryStone","floor":36,"gold_loss":0}],"is_beta":false,"boss_relics":[{"not_picked":["Runic Dome","Calling Bell"],"picked":"Black Star"},{"not_picked":["Runic Pyramid","Orrery"],"picked":"Nuclear Battery"}],"items_purged_floors":[],"is_endless":false,"potions_floor_spawned":[1,5,14,23,25,29,33,35,38,40,41,42,46],"ascension_level":4}