{"gold_per_floor":[16,16,30,30,30,30,49,49,49,63,63,129,129,54,54,54],"floor_reached":16,"playtime":509,"items_purged":["Strike_R"],"score":142,"play_id":"efd97cbf-5b7e-4647-ac67-6a921a94322b","local_time":"20180626231913","is_ascension_mode":true,"campfire_choices":[{"data":"Defend_R","floor":6,"key":"SMITH"},{"data":"Reaper","floor":8,"key":"SMITH"},{"data":"Bash","floor":11,"key":"SMITH"},{"data":"Strike_R","floor":13,"key":"SMITH"},{"data":"Strike_R","floor":15,"key":"SMITH"}],"neow_cost":"NO_GOLD","seed_source_timestamp":870743673585659,"circlet_count":0,"master_deck":["Strike_R","Strike_R+1","Strike_R+1","Defend_R+1","Defend_R+1","Defend_R+1","Bash+1","Reaper+1"],"relics":["Burning Blood","Golden Idol","Anchor","Pantograph","Tiny Chest"],"potions_floor_usage":[12],"damage_taken":[{"damage":13,"enemies":"Jaw Worm","floor":1,"turns":4},{"damage":1,"enemies":"Small Slimes","floor":3,"turns":4},{"damage":6,"enemies":"2 Louse","floor":7,"turns":3},{"damage":4,"enemies":"Large Slime","floor":10,"turns":7},{"damage":39,"enemies":"Lagavulin","floor":12,"turns":8},{"damage":72,"enemies":"Hexaghost","floor":16,"turns":9}],"seed_played":"8055626409220668250","potions_obtained":[{"floor":10,"key":"EssenceOfSteel"}],"is_trial":false,"path_per_floor":["M","?","M","?","?","R","M","R","T","M","R","E","R","$","R"],"character_chosen":"IRONCLAD","items_purchased":[],"campfire_rested":0,"item_purchase_floors":[],"current_hp_per_floor":[65,65,70,55,43,43,53,53,53,65,65,37,37,37,37,0],"gold":54,"neow_bonus":"REMOVE_TWO","is_prod":false,"is_daily":false,"chose_seed":false,"campfire_upgraded":5,"win_rate":0,"timestamp":1530047953,"path_taken":["M","?","M","?","?","R","?","R","T","?","R","E","R","$","R","BOSS"],"build_version":"2018-06-21v2","purchased_purges":1,"victory":false,"max_hp_per_floor":[80,74,74,74,74,74,74,74,74,74,74,74,74,74,74,74],"card_choices":[{"not_picked":["Heavy Blade","Anger","Headbutt"],"picked":"SKIP","floor":1},{"not_picked":["Dropkick","Clash"],"picked":"Reaper","floor":3},{"not_picked":["Havoc","Headbutt","Combust"],"picked":"SKIP","floor":7},{"not_picked":["Body Slam","Intimidate","Infernal Blade"],"picked":"SKIP","floor":10},{"not_picked":["Anger","Combust","Second Wind"],"picked":"SKIP","floor":12}],"player_experience":364581,"relics_obtained":[{"floor":9,"key":"Pantograph"},{"floor":12,"key":"Tiny Chest"}],"event_choices":[{"event_name":"Golden Idol","player_choice":"Lose Max HP","floor":2,"damage_taken":0},{"event_name":"Shining Light","player_choice":"Entered Light","floor":4,"damage_taken":0},{"event_name":"Scrap Ooze","player_choice":"success","floor":5,"damage_taken":12}],"boss_relics":[],"items_purged_floors":[14],"is_endless":false,"potions_floor_spawned":[10],"killed_by":"Hexaghost","ascension_level":9}