{"gold_per_floor":[118,193,208,225,244,578,20,20,20,20,20,33,59,79,79,181,181,200,200,210,225,245,245,263,283,283,283,108,134,134,151,151,249,249,260,260,306,317,317,317],"floor_reached":40,"playtime":3986,"items_purged":[],"score":620,"play_id":"d6724fd8-a7f3-4242-a65a-e6123d3eedbf","local_time":"20180728223131","is_ascension_mode":false,"campfire_choices":[{"floor":8,"key":"REST"},{"data":"Apotheosis","floor":10,"key":"SMITH"},{"data":"Buffer","floor":15,"key":"SMITH"},{"floor":23,"key":"REST"},{"floor":27,"key":"REST"},{"floor":32,"key":"REST"}],"neow_cost":"CURSE","seed_source_timestamp":114734904752000,"circlet_count":0,"master_deck":["Strike_B","Strike_B","Strike_B","Strike_B","Defend_B","Defend_B","Defend_B","Defend_B","Zap","Dualcast","Clumsy","FTL","Static Discharge","Barrage","Hologram","Loop","Conserve Battery","Conserve Battery","Glacier","FTL","Apotheosis+1","Buffer+1","White Noise","Multi-Cast","Streamline","Capacitor","Buffer","Barrage","Rebound+1","Skim","Leap+1","Melter","Leap","Redo+1","Leap+1","Self Repair","Loop+1","Panacea+1","Amplify+1","Hologram+1","Glacier+1","Conserve Battery+1","Leap+1","Sunder+1","Madness+1","Madness+1","Conserve Battery+1","Leap+1","Conserve Battery+1"],"relics":["Cracked Core","Prayer Wheel","Old Coin","Dream Catcher","Dodecahedron","Meat on the Bone","Sozu","Nilry\u0027s Codex","Toxic Egg 2","Smiling Mask","Eternal Feather","Incense Burner"],"potions_floor_usage":[16,22],"damage_taken":[{"damage":2,"enemies":"2 Louse","floor":1,"turns":2},{"damage":3,"enemies":"Jaw Worm","floor":3,"turns":4},{"damage":1,"enemies":"Cultist","floor":4,"turns":4},{"damage":6,"enemies":"3 Louse","floor":5,"turns":4},{"damage":10,"enemies":"3 Sentries","floor":6,"turns":6},{"damage":7,"enemies":"Looter","floor":12,"turns":3},{"damage":0,"enemies":"Lagavulin","floor":13,"turns":8},{"damage":0,"enemies":"Blue Slaver","floor":14,"turns":4},{"damage":0,"enemies":"The Guardian","floor":16,"turns":9},{"damage":0,"enemies":"Chosen","floor":18,"turns":6},{"damage":38,"enemies":"Shell Parasite","floor":20,"turns":7},{"damage":0,"enemies":"Chosen and Byrds","floor":21,"turns":8},{"damage":36,"enemies":"Cultist and Chosen","floor":22,"turns":7},{"damage":0,"enemies":"Snecko","floor":24,"turns":7},{"damage":32,"enemies":"Slaver and Parasite","floor":25,"turns":5},{"damage":12,"enemies":"Book of Stabbing","floor":29,"turns":8},{"damage":18,"enemies":"Centurion and Healer","floor":31,"turns":9},{"damage":0,"enemies":"Champ","floor":33,"turns":9},{"damage":12,"enemies":"3 Shapes","floor":35,"turns":5},{"damage":57,"floor":37,"turns":6},{"damage":5,"enemies":"Orb Walker","floor":38,"turns":4},{"damage":69,"enemies":"2 Orb Walkers","floor":40,"turns":4}],"seed_played":"6981411397794676813","potions_obtained":[{"floor":1,"key":"AttackPotion"},{"floor":4,"key":"LiquidBronze"},{"floor":13,"key":"Dexterity Potion"},{"floor":16,"key":"FearPotion"}],"is_trial":false,"path_per_floor":["M","?","M","M","M","E","$","R","T","R","?","M","E","M","R","B",null,"M","?","M","M","M","R","M","M","T","R","$","E","?","M","R","B",null,"M","?","?","M","?"],"character_chosen":"DEFECT","items_purchased":["FTL","Dream Catcher","Apotheosis","Buffer","Panacea+1","Amplify+1"],"campfire_rested":4,"item_purchase_floors":[7,7,7,7,28,28],"current_hp_per_floor":[73,62,59,58,52,42,42,64,64,64,64,57,57,64,64,64,75,75,59,40,40,16,38,38,18,18,40,40,50,50,54,75,75,75,73,64,26,33,66,0],"gold":317,"neow_bonus":"ONE_RARE_RELIC","is_prod":false,"is_daily":false,"chose_seed":false,"campfire_upgraded":2,"win_rate":0,"timestamp":1532831491,"path_taken":["M","?","M","M","M","E","?","R","T","R","?","M","E","M","R","BOSS","M","?","M","M","M","R","M","M","T","R","$","E","?","?","R","BOSS","M","?","?","M","?","E"],"build_version":"2018-07-26","purchased_purges":0,"victory":false,"max_hp_per_floor":[75,75,75,75,75,75,75,75,75,75,75,75,75,75,75,75,75,75,75,75,75,75,75,75,75,75,75,75,75,75,75,75,75,75,75,75,75,75,66,66],"card_choices":[{"not_picked":["Reprogram","Beam Cell"],"picked":"FTL","floor":1},{"not_picked":["Streamline","Doom and Gloom"],"picked":"Static Discharge","floor":1},{"not_picked":["Gash","Coolheaded"],"picked":"Barrage","floor":3},{"not_picked":["Hello World","Compile Driver","Melter"],"picked":"SKIP","floor":3},{"not_picked":["Go for the Eyes","Lockon"],"picked":"Hologram","floor":4},{"not_picked":["Fusion","Steam Power"],"picked":"Loop","floor":4},{"not_picked":["Cold Snap","Ball Lightning"],"picked":"Conserve Battery","floor":5},{"not_picked":["Gash","Sweeping Beam"],"picked":"Conserve Battery","floor":5},{"not_picked":["Go for the Eyes","Skim"],"picked":"Glacier","floor":6},{"not_picked":["Go for the Eyes","Double Energy"],"picked":"White Noise","floor":8},{"not_picked":["Rebound","Redo"],"picked":"Multi-Cast","floor":12},{"not_picked":["Tempest","Streamline","Undo"],"picked":"SKIP","floor":12},{"not_picked":["Beam Cell","White Noise"],"picked":"Streamline","floor":13},{"not_picked":["Double Energy","Leap"],"picked":"Capacitor","floor":14},{"not_picked":["Beam Cell","Storm","Blizzard"],"picked":"SKIP","floor":14},{"not_picked":["All For One","Hyperbeam"],"picked":"Buffer","floor":16},{"not_picked":["Steam","Go for the Eyes"],"picked":"Barrage","floor":18},{"not_picked":["Turbo","Lockon","Sweeping Beam"],"picked":"SKIP","floor":18},{"not_picked":["Echo Form","Compile Driver"],"picked":"Rebound+1","floor":20},{"not_picked":["Tempest","Aggregate+1","Redo"],"picked":"SKIP","floor":20},{"not_picked":["Beam Cell","Hello World"],"picked":"Skim","floor":21},{"not_picked":["Cold Snap","Gash+1","Go for the Eyes+1"],"picked":"SKIP","floor":21},{"not_picked":["Cold Snap","Gash+1","Go for the Eyes+1"],"picked":"SKIP","floor":21},{"not_picked":["BootSequence","Stack"],"picked":"Leap+1","floor":22},{"not_picked":["Undo","Go for the Eyes"],"picked":"Melter","floor":22},{"not_picked":["Fusion","Sweeping Beam"],"picked":"Leap","floor":23},{"not_picked":["Genetic Algorithm","Echo Form"],"picked":"Redo+1","floor":24},{"not_picked":["Compile Driver","FTL+1"],"picked":"Leap+1","floor":24},{"not_picked":["Turbo","Blizzard"],"picked":"Self Repair","floor":25},{"not_picked":["Hologram","Go for the Eyes+1","Turbo"],"picked":"SKIP","floor":25},{"not_picked":["Ball Lightning","Streamline"],"picked":"Loop+1","floor":27},{"not_picked":["Ball Lightning","Aggregate+1"],"picked":"Hologram+1","floor":29},{"not_picked":["Steam+1","Go for the Eyes"],"picked":"Glacier+1","floor":31},{"not_picked":["Reboot+1","Darkness+1","Sweeping Beam"],"picked":"SKIP","floor":31},{"not_picked":["Aggregate+1","Redo+1"],"picked":"Conserve Battery+1","floor":32},{"not_picked":["Stack+1","Rebound+1"],"picked":"Leap+1","floor":35},{"not_picked":["Barrage","Heatsinks"],"picked":"Sunder+1","floor":35},{"not_picked":["Skim+1","Cold Snap+1"],"picked":"Conserve Battery+1","floor":37},{"not_picked":["Barrage","Coolheaded+1"],"picked":"Leap+1","floor":38},{"not_picked":["Force Field+1","Beam Cell+1"],"picked":"Conserve Battery+1","floor":38}],"player_experience":538390,"relics_obtained":[{"floor":6,"key":"Old Coin"},{"floor":9,"key":"Dodecahedron"},{"floor":13,"key":"Meat on the Bone"},{"floor":19,"key":"Nilry\u0027s Codex"},{"floor":26,"key":"Toxic Egg 2"},{"floor":29,"key":"Smiling Mask"},{"floor":37,"key":"Incense Burner"}],"event_choices":[{"event_name":"World of Goop","player_choice":"Gather Gold","floor":2,"damage_taken":0},{"event_name":"The Cleric","player_choice":"Leave","floor":11,"damage_taken":0},{"event_name":"Cursed Tome","player_choice":"Obtained Book","floor":19,"damage_taken":0},{"event_name":"Ghosts","player_choice":"Ignored","floor":30,"damage_taken":0},{"event_name":"Winding Halls","player_choice":"Embrace Madness","floor":36,"damage_taken":0},{"event_name":"Mysterious Sphere","player_choice":"Fight","floor":37,"damage_taken":0},{"event_name":"The Moai Head","player_choice":"Heal","floor":39,"damage_taken":0}],"is_beta":false,"boss_relics":[{"not_picked":["Cursed Key","Orrery"],"picked":"Sozu"},{"not_picked":["Empty Cage","Astrolabe"],"picked":"Eternal Feather"}],"items_purged_floors":[],"is_endless":false,"potions_floor_spawned":[1,4,13,14,16,18,20,22,29,37],"killed_by":"2 Orb Walkers","ascension_level":0}