{"gold_per_floor":[118,68,68,78,96,96,110,110,159,334,48,60,60,60,60,133,133,146,177,177],"floor_reached":20,"playtime":973,"items_purged":["Regret"],"score":275,"play_id":"e2290d2f-3727-4ebd-84b3-d0d8bc7de8af","local_time":"20190419210620","is_ascension_mode":true,"campfire_choices":[{"floor":6,"key":"REST"},{"data":"Fusion","floor":8,"key":"SMITH"},{"data":"Blizzard","floor":13,"key":"SMITH"},{"data":"Glacier","floor":15,"key":"SMITH"}],"neow_cost":"PERCENT_DAMAGE","seed_source_timestamp":257175082518700,"circlet_count":0,"master_deck":["AscendersBane","Strike_B+1","Strike_B","Defend_B","Defend_B","Defend_B","Zap","Dualcast","FTL+1","Blizzard+1","Conserve Battery","Fusion+1","Ball Lightning","Heatsinks","Glacier+1","The Bomb","Chill","Echo Form","Self Repair","Stack"],"relics":["Cracked Core","Ancient Tea Set","Whetstone","Nuclear Battery","Red Mask"],"potions_floor_usage":[16,16,20],"damage_taken":[{"damage":2,"enemies":"Jaw Worm","floor":1,"turns":3},{"damage":0,"enemies":"2 Louse","floor":4,"turns":2},{"damage":16,"enemies":"Small Slimes","floor":5,"turns":5},{"damage":16,"enemies":"Blue Slaver","floor":7,"turns":4},{"damage":4,"enemies":"Large Slime","floor":12,"turns":5},{"damage":23,"enemies":"Slime Boss","floor":16,"turns":7},{"damage":21,"enemies":"Shell Parasite","floor":18,"turns":7},{"damage":29,"enemies":"Masked Bandits","floor":19,"turns":7},{"damage":12,"enemies":"3 Byrds","floor":20,"turns":2}],"seed_played":"8217251990657111865","potions_obtained":[{"floor":7,"key":"SpeedPotion"},{"floor":12,"key":"AttackPotion"},{"floor":19,"key":"SpeedPotion"}],"is_trial":false,"path_per_floor":["M","?","?","M","M","R","M","R","T","?","$","M","R","?","R","B",null,"M","?","M"],"character_chosen":"DEFECT","items_purchased":["Glacier","The Bomb"],"campfire_rested":1,"item_purchase_floors":[11,11],"current_hp_per_floor":[44,44,44,44,28,49,33,33,33,33,33,29,29,29,29,6,55,34,12,0],"gold":177,"neow_bonus":"TRANSFORM_TWO_CARDS","is_prod":false,"is_daily":false,"chose_seed":false,"campfire_upgraded":3,"win_rate":0,"timestamp":1555722380,"path_taken":["M","?","?","M","M","R","M","R","T","?","?","M","R","?","R","BOSS","M","?","M"],"build_version":"2019-01-23","purchased_purges":1,"victory":false,"max_hp_per_floor":[71,71,71,71,71,71,71,71,71,71,71,71,71,71,71,71,71,71,71,71],"card_choices":[{"not_picked":["Cold Snap","Hologram"],"picked":"Conserve Battery","floor":1},{"not_picked":["Aggregate","Stack"],"picked":"Fusion","floor":4},{"not_picked":["Steam","Force Field"],"picked":"Ball Lightning","floor":5},{"not_picked":["Redo","Auto Shields"],"picked":"Heatsinks","floor":7},{"not_picked":["Darkness","Blizzard"],"picked":"Chill","floor":12},{"not_picked":["Fission","Multi-Cast"],"picked":"Echo Form","floor":16},{"not_picked":["Steam","Cold Snap"],"picked":"Self Repair","floor":18},{"not_picked":["Hologram","Gash"],"picked":"Stack","floor":19}],"player_experience":2780847,"relics_obtained":[{"floor":9,"key":"Whetstone"},{"floor":19,"key":"Red Mask"}],"event_choices":[{"cards_removed":["Strike_B"],"damage_healed":0,"gold_gain":0,"player_choice":"Card Removal","damage_taken":0,"max_hp_gain":0,"max_hp_loss":0,"event_name":"The Cleric","floor":2,"gold_loss":50},{"damage_healed":0,"gold_gain":0,"player_choice":"Box","damage_taken":0,"relics_obtained":["Ancient Tea Set"],"max_hp_gain":0,"max_hp_loss":0,"event_name":"Big Fish","floor":3,"gold_loss":0,"cards_obtained":["Regret"]},{"damage_healed":0,"gold_gain":175,"player_choice":"AGREE","damage_taken":0,"max_hp_gain":0,"max_hp_loss":0,"event_name":"Liars Game","floor":10,"gold_loss":0,"cards_obtained":["Doubt"]},{"cards_removed":["Doubt"],"damage_healed":0,"gold_gain":0,"player_choice":"Forget","damage_taken":0,"max_hp_gain":0,"max_hp_loss":0,"event_name":"Living Wall","floor":14,"gold_loss":0},{"damage_healed":0,"gold_gain":0,"player_choice":"Fought Bandits","damage_taken":0,"max_hp_gain":0,"max_hp_loss":0,"event_name":"Masked Bandits","floor":19,"gold_loss":0}],"is_beta":false,"boss_relics":[{"not_picked":["Snecko Eye","Runic Pyramid"],"picked":"Nuclear Battery"}],"items_purged_floors":[11],"is_endless":false,"potions_floor_spawned":[7,12,19],"killed_by":"3 Byrds","ascension_level":14}