{"gold_per_floor":[20,39,39,59,77,27,58,58,82,7,22,14,14,26,26,26],"floor_reached":16,"playtime":893,"items_purged":["Strike_R"],"score":156,"play_id":"886c758a-88a1-441a-9153-e84fda1deac9","local_time":"20180728222324","is_ascension_mode":true,"campfire_choices":[{"data":"True Grit","floor":13,"key":"SMITH"},{"data":"Double Tap","floor":15,"key":"SMITH"}],"neow_cost":"NO_GOLD","seed_source_timestamp":3631824146254837,"circlet_count":0,"master_deck":["Strike_R","Defend_R","Defend_R","Defend_R","Bash","AscendersBane","Dark Embrace","Double Tap+1","Dropkick","Cleave","True Grit+1","Warcry","Thunderclap"],"relics":["Burning Blood","Lantern","Shuriken","Potion Belt"],"potions_floor_usage":[7,12,16],"damage_taken":[{"damage":9,"enemies":"Jaw Worm","floor":1,"turns":4},{"damage":1,"enemies":"Cultist","floor":2,"turns":3},{"damage":1,"enemies":"Small Slimes","floor":4,"turns":3},{"damage":12,"enemies":"Looter","floor":5,"turns":3},{"damage":26,"enemies":"3 Sentries","floor":7,"turns":5},{"damage":7,"enemies":"Blue Slaver","floor":11,"turns":4},{"damage":29,"enemies":"Exordium Thugs","floor":12,"turns":6},{"damage":0,"enemies":"Exordium Wildlife","floor":14,"turns":3},{"damage":36,"enemies":"Hexaghost","floor":16,"turns":9}],"seed_played":"2437536735032991982","potions_obtained":[{"floor":2,"key":"SteroidPotion"},{"floor":4,"key":"EssenceOfSteel"},{"floor":7,"key":"SneckoOil"}],"is_trial":false,"path_per_floor":["M","M","?","M","M","?","E","T","T","$","M","M","R","M","R"],"character_chosen":"IRONCLAD","items_purchased":[],"campfire_rested":0,"item_purchase_floors":[],"current_hp_per_floor":[69,74,74,79,73,73,53,53,53,53,52,29,29,35,35,0],"gold":26,"neow_bonus":"TRANSFORM_TWO_CARDS","is_prod":false,"is_daily":false,"chose_seed":false,"campfire_upgraded":2,"win_rate":0,"timestamp":1532809404,"path_taken":["M","M","?","?","M","?","E","?","T","$","?","M","R","M","R","BOSS"],"build_version":"2018-07-26","purchased_purges":1,"victory":false,"max_hp_per_floor":[80,80,80,80,80,80,80,80,80,80,80,80,80,80,80,80],"card_choices":[{"not_picked":["Havoc","Flex","Anger"],"picked":"SKIP","floor":1},{"not_picked":["Wild Strike","Ghostly Armor"],"picked":"Dropkick","floor":2},{"not_picked":["Pommel Strike","Hemokinesis"],"picked":"Cleave","floor":4},{"not_picked":["Spot Weakness","Headbutt"],"picked":"True Grit","floor":5},{"not_picked":["Barricade","Sword Boomerang"],"picked":"Warcry","floor":7},{"not_picked":["Spot Weakness","Clothesline","Perfected Strike"],"picked":"SKIP","floor":11},{"not_picked":["Clothesline","Body Slam","Evolve"],"picked":"SKIP","floor":12},{"not_picked":["Clothesline","Iron Wave"],"picked":"Thunderclap","floor":14}],"player_experience":402357,"relics_obtained":[{"floor":7,"key":"Lantern"},{"floor":8,"key":"Shuriken"},{"floor":9,"key":"Potion Belt"}],"event_choices":[{"event_name":"Living Wall","player_choice":"Forget","floor":3,"damage_taken":0},{"event_name":"The Cleric","player_choice":"Card Removal","floor":6,"damage_taken":0}],"is_beta":false,"boss_relics":[],"items_purged_floors":[10],"is_endless":false,"potions_floor_spawned":[2,4,7],"killed_by":"Hexaghost","ascension_level":10}