{"gold_per_floor":[365,215,290,290,290,290,325,335,362,362,394,407,407,469,469,570,620,633,633,558,571,346,346,379,390,390,400,91,91,91,91,91,193,193,212,212,88,135,148,173,173,187,212,223,98,116,132,50,50,50],"floor_reached":51,"playtime":3183,"items_purged":["Injury","Decay","Pain"],"score":1109,"play_id":"fb254a14-3a7f-4b34-9044-8712463a92ce","local_time":"20190406111915","is_ascension_mode":true,"campfire_choices":[{"data":"Zap","floor":6.0,"key":"SMITH"},{"floor":10.0,"key":"REST"},{"floor":15.0,"key":"REST"},{"data":"Echo Form","floor":23.0,"key":"SMITH"},{"floor":29.0,"key":"REST"},{"data":"Fission","floor":32.0,"key":"SMITH"},{"data":"Fission","floor":41.0,"key":"SMITH"},{"data":"Glacier","floor":49,"key":"SMITH"}],"neow_cost":"CURSE","seed_source_timestamp":0,"circlet_count":0,"master_deck":["Strike_B+1","Strike_B+1","Strike_B+1","Defend_B+1","Defend_B+1","Defend_B+1","Defend_B+1","Zap+1","Cold Snap","Beam Cell+1","Sweeping Beam","Streamline+1","Defragment","Rebound+1","Fission+1","Coolheaded","Self Repair","Echo Form+1","Capacitor","Streamline+1","Redo","Ghostly","Ghostly","Ghostly","Ghostly","Ghostly","Fission+1","Coolheaded+1","Cold Snap","Stack","Seek","Sunder+1","Decay","Parasite","White Noise+1","Glacier+1","Force Field"],"special_seed":0,"relics":["Cracked Core","Dodecahedron","FossilizedHelix","Orichalcum","Anchor","Meat on the Bone","Tiny House","Whetstone","Bird Faced Urn","Symbiotic Virus","Mango","Cursed Key","Blood Vial","Boot","Bag of Preparation"],"potions_floor_usage":[47,50,50,50],"damage_taken":[{"damage":0.0,"enemies":"Small Slimes","floor":1.0,"turns":4.0},{"damage":15.0,"enemies":"Gremlin Nob","floor":7.0,"turns":4.0},{"damage":0.0,"enemies":"Jaw Worm","floor":8.0,"turns":3.0},{"damage":17.0,"enemies":"Lagavulin","floor":11.0,"turns":7.0},{"damage":0.0,"enemies":"Cultist","floor":12.0,"turns":2.0},{"damage":11.0,"enemies":"Lagavulin Event","floor":14.0,"turns":5.0},{"damage":16.0,"enemies":"Hexaghost","floor":16.0,"turns":10.0},{"damage":14.0,"enemies":"Shell Parasite","floor":18.0,"turns":5.0},{"damage":0.0,"enemies":"3 Byrds","floor":21.0,"turns":4.0},{"damage":36.0,"enemies":"Book of Stabbing","floor":24.0,"turns":5.0},{"damage":21.0,"enemies":"Cultist and Chosen","floor":25.0,"turns":6.0},{"damage":0.0,"enemies":"Snecko","floor":27.0,"turns":4.0},{"damage":0.0,"enemies":"Automaton","floor":33.0,"turns":10.0},{"damage":0.0,"enemies":"3 Darklings","floor":35.0,"turns":5.0},{"damage":0.0,"enemies":"Orb Walker","floor":39.0,"turns":4.0},{"damage":3.0,"enemies":"Reptomancer","floor":40.0,"turns":7.0},{"damage":0.0,"enemies":"Spire Growth","floor":42.0,"turns":4.0},{"damage":1,"enemies":"Maw","floor":44,"turns":8},{"damage":0,"enemies":"Writhing Mass","floor":46,"turns":7},{"damage":0,"enemies":"Jaw Worm Horde","floor":47,"turns":4},{"damage":0,"enemies":"Time Eater","floor":50,"turns":12}],"seed_played":"7010824698347077233","potions_obtained":[{"floor":8.0,"key":"Block Potion"},{"floor":14.0,"key":"Explosive Potion"},{"floor":16.0,"key":"SteroidPotion"},{"floor":17.0,"key":"SneckoOil"},{"floor":18.0,"key":"Weak Potion"},{"floor":24.0,"key":"Block Potion"},{"floor":35.0,"key":"Strength Potion"},{"floor":42.0,"key":"SteroidPotion"},{"floor":44,"key":"GamblersBrew"},{"floor":47,"key":"FocusPotion"}],"is_trial":false,"path_per_floor":["M","$","?","?","?","R","E","M","T","R","E","M","?","?","R","B",null,"M","?","?","M","$","R","E","M","T","M","$","R","?","?","R","B",null,"M","?","$","T","M","E","R","M","T","M","$","M","M","$","R","B",null],"character_chosen":"DEFECT","items_purchased":["Cold Snap","Beam Cell","Whetstone","Capacitor","Mango","Cold Snap","Force Field"],"campfire_rested":3,"item_purchase_floors":[2,2,22,22,28,37,48],"current_hp_per_floor":[68,68,57,50,50,50,35,35,35,57,40,40,40,29,51,47,73,59,59,59,66,66,66,42,57,57,61,75,94,94,47,47,47,47,47,47,47,47,47,47,47,47,47,47,47,47,47,47,47,47],"gold":50,"neow_bonus":"TWO_FIFTY_GOLD","is_prod":false,"is_daily":false,"chose_seed":false,"campfire_upgraded":5,"win_rate":0,"timestamp":1554558555,"path_taken":["M","$","?","?","?","R","E","M","T","R","E","?","?","?","R","BOSS","M","?","?","M","$","R","E","M","T","M","$","R","?","?","R","BOSS","M","?","$","?","M","E","R","M","T","M","$","?","M","$","R","BOSS"],"build_version":"2019-01-23","purchased_purges":3,"victory":true,"max_hp_per_floor":[75,75,75,75,75,75,75,75,75,75,75,75,75,75,75,75,80,80,80,80,80,80,80,80,80,80,80,94,94,94,47,47,47,47,47,47,47,47,47,47,47,47,47,47,47,47,47,47,47,47],"card_choices":[{"not_picked":["Compile Driver","Coolheaded"],"picked":"Cold Snap","floor":1.0},{"not_picked":["Hello World","Thunder Strike","Steam Power"],"picked":"SKIP","floor":7.0},{"not_picked":["Stack","Compile Driver"],"picked":"Sweeping Beam","floor":8.0},{"not_picked":["Sweeping Beam","Darkness"],"picked":"Streamline","floor":11.0},{"not_picked":["Steam","Sweeping Beam"],"picked":"Defragment","floor":12.0},{"not_picked":["Chill","Melter"],"picked":"Rebound","floor":14.0},{"not_picked":["Meteor Strike","Reboot"],"picked":"Fission","floor":16.0},{"not_picked":["Go for the Eyes","Reprogram"],"picked":"Coolheaded","floor":17.0},{"not_picked":["Stack","Compile Driver+1"],"picked":"Self Repair","floor":18.0},{"not_picked":["Cold Snap","Auto Shields+1"],"picked":"Echo Form","floor":21.0},{"not_picked":["Melter+1","Turbo"],"picked":"Streamline+1","floor":24.0},{"not_picked":["Auto Shields","Defragment","Sweeping Beam"],"picked":"SKIP","floor":25.0},{"not_picked":["Scrape","Steam","Reinforced Body"],"picked":"SKIP","floor":27.0},{"not_picked":["Reboot","Biased Cognition"],"picked":"Fission","floor":33.0},{"not_picked":["Sweeping Beam","Coolheaded+1","Cold Snap"],"picked":"SKIP","floor":35.0},{"not_picked":["Sweeping Beam","Cold Snap"],"picked":"Coolheaded+1","floor":35.0},{"not_picked":["Turbo+1","Barrage"],"picked":"Stack","floor":39.0},{"not_picked":["Doom and Gloom","Melter"],"picked":"Seek","floor":40.0},{"not_picked":["Coolheaded+1","Stack+1"],"picked":"Sunder+1","floor":42.0},{"not_picked":["Leap","Gash","Heatsinks"],"picked":"SKIP","floor":44},{"not_picked":["Stack+1","Reprogram"],"picked":"White Noise+1","floor":46},{"not_picked":["Blizzard+1","Genetic Algorithm+1"],"picked":"Glacier","floor":47}],"player_experience":1136413,"relics_obtained":[{"floor":7.0,"key":"FossilizedHelix"},{"floor":9.0,"key":"Orichalcum"},{"floor":11.0,"key":"Anchor"},{"floor":14.0,"key":"Meat on the Bone"},{"floor":24.0,"key":"Bird Faced Urn"},{"floor":26.0,"key":"Symbiotic Virus"},{"floor":38.0,"key":"Blood Vial"},{"floor":40.0,"key":"Boot"},{"floor":43.0,"key":"Bag of Preparation"}],"event_choices":[{"damage_healed":0.0,"max_hp_gain":0.0,"max_hp_loss":0.0,"gold_gain":75.0,"event_name":"World of Goop","player_choice":"Gather Gold","floor":3.0,"gold_loss":0.0,"damage_taken":11.0},{"cards_removed":["Strike_B"],"damage_healed":0.0,"max_hp_gain":0.0,"max_hp_loss":0.0,"gold_gain":0.0,"event_name":"Golden Wing","player_choice":"Card Removal","floor":4.0,"gold_loss":0.0,"damage_taken":7.0},{"cards_removed":["Cold Snap"],"damage_healed":0.0,"max_hp_gain":0.0,"max_hp_loss":0.0,"gold_gain":0.0,"event_name":"WeMeetAgain","player_choice":"Gave Card","floor":5.0,"gold_loss":0.0,"damage_taken":0.0,"relics_obtained":["Dodecahedron"]},{"damage_healed":0.0,"max_hp_gain":0.0,"max_hp_loss":0.0,"gold_gain":0.0,"event_name":"Liars Game","player_choice":"Ignored","floor":13.0,"gold_loss":0.0,"damage_taken":0.0},{"damage_healed":0.0,"max_hp_gain":0.0,"max_hp_loss":0.0,"gold_gain":0.0,"event_name":"Dead Adventurer","player_choice":"Searched \u00271\u0027 times","floor":14.0,"gold_loss":0.0,"damage_taken":0.0},{"damage_healed":0.0,"max_hp_gain":0.0,"max_hp_loss":0.0,"gold_gain":0.0,"event_name":"Back to Basics","player_choice":"Simplicity","floor":19.0,"gold_loss":0.0,"damage_taken":0.0,"cards_upgraded":["Strike_B","Strike_B","Strike_B","Defend_B","Defend_B","Defend_B","Defend_B"]},{"cards_removed":["Dualcast"],"damage_healed":0.0,"max_hp_gain":0.0,"max_hp_loss":0.0,"gold_gain":0.0,"event_name":"Beggar","player_choice":"Gave Gold","floor":20.0,"gold_loss":75.0,"damage_taken":0.0},{"damage_healed":0.0,"max_hp_gain":0.0,"max_hp_loss":0.0,"gold_gain":0.0,"event_name":"The Library","player_choice":"Read","floor":30.0,"gold_loss":0.0,"damage_taken":0.0,"cards_obtained":["Redo"]},{"damage_healed":0.0,"max_hp_gain":0.0,"max_hp_loss":47.0,"gold_gain":0.0,"event_name":"Ghosts","player_choice":"Became a Ghost","floor":31.0,"gold_loss":0.0,"damage_taken":0.0,"cards_obtained":["Ghostly","Ghostly","Ghostly","Ghostly","Ghostly"]},{"damage_healed":0.0,"max_hp_gain":0.0,"max_hp_loss":0.0,"gold_gain":0.0,"event_name":"Wheel of Change","player_choice":"Cursed","floor":36.0,"gold_loss":0.0,"damage_taken":0.0,"cards_obtained":["Decay"]}],"is_beta":false,"boss_relics":[{"not_picked":["Pandora\u0027s Box","Velvet Choker"],"picked":"Tiny House"},{"not_picked":["Lizard Tail","Runic Dome"],"picked":"Cursed Key"}],"items_purged_floors":[2,37,45],"is_endless":false,"potions_floor_spawned":[8,14,16,18,24,35,42,44,47],"ascension_level":6}