{"gold_per_floor":[116,135,310,323,337,365,32,58,83,83,103,103,118,130,130,232,232,245,256,55,69,84,84],"floor_reached":23,"playtime":1674,"items_purged":["Strike_B"],"score":238,"play_id":"50f372c2-305e-4e51-abb3-a24b153a702d","local_time":"20180909114138","is_ascension_mode":true,"campfire_choices":[{"floor":10,"key":"REST"},{"floor":12,"key":"REST"},{"floor":15,"key":"REST"}],"neow_cost":"CURSE","seed_source_timestamp":50227120898723,"circlet_count":0,"master_deck":["Strike_B","Strike_B","Strike_B","Defend_B","Defend_B","Defend_B","Defend_B","Zap","Dualcast","Clumsy","FTL","Consume","Doubt","Steam","Leap","Glacier","Self Repair","Defragment","Defragment","Thunder Strike","Streamline+1","Ball Lightning","Conserve Battery"],"relics":["FrozenCore","Lantern","Cables","Bag of Preparation","Vajra","Runic Capacitor"],"potions_floor_usage":[6,14,23],"damage_taken":[{"damage":0,"enemies":"Small Slimes","floor":1,"turns":3},{"damage":2,"enemies":"Jaw Worm","floor":2,"turns":2},{"damage":0,"enemies":"Cultist","floor":4,"turns":2},{"damage":39,"enemies":"Gremlin Gang","floor":5,"turns":4},{"damage":26,"enemies":"3 Sentries","floor":6,"turns":7},{"damage":4,"enemies":"Lagavulin","floor":8,"turns":12},{"damage":13,"enemies":"Lots of Slimes","floor":11,"turns":5},{"damage":2,"enemies":"Looter","floor":13,"turns":2},{"damage":17,"enemies":"3 Louse","floor":14,"turns":3},{"damage":73,"enemies":"Hexaghost","floor":16,"turns":13},{"damage":9,"enemies":"Shell Parasite","floor":18,"turns":10},{"damage":46,"enemies":"3 Byrds","floor":19,"turns":10},{"damage":0,"enemies":"Centurion and Healer","floor":21,"turns":11},{"damage":11,"enemies":"Cultist and Chosen","floor":22,"turns":5},{"damage":45,"enemies":"Gremlin Leader","floor":23,"turns":6}],"seed_played":"-1490144580454148375","potions_obtained":[{"floor":2,"key":"SteroidPotion"},{"floor":4,"key":"Explosive Potion"},{"floor":11,"key":"PowerPotion"},{"floor":19,"key":"EssenceOfSteel"}],"is_trial":false,"path_per_floor":["M","M","?","M","M","E","$","E","T","R","M","R","M","M","R","B",null,"M","M","$","M","M"],"character_chosen":"DEFECT","items_purchased":["Cables","Runic Capacitor"],"campfire_rested":3,"item_purchase_floors":[7,20],"current_hp_per_floor":[89,87,87,87,48,22,22,18,18,44,38,64,62,52,78,12,89,87,48,48,55,44,0],"gold":84,"neow_bonus":"TWENTY_PERCENT_HP_BONUS","is_prod":false,"is_daily":false,"chose_seed":false,"campfire_upgraded":0,"win_rate":0,"timestamp":1536507698,"path_taken":["M","M","?","?","?","E","$","E","T","R","M","R","M","M","R","BOSS","M","M","?","?","M","E"],"build_version":"2018-09-06","purchased_purges":1,"victory":false,"max_hp_per_floor":[89,89,89,89,89,89,89,89,89,89,89,89,89,89,89,89,89,89,89,89,89,89,89],"card_choices":[{"not_picked":["Force Field","Scrape"],"picked":"FTL","floor":1},{"not_picked":["Cold Snap","Darkness"],"picked":"Consume","floor":2},{"not_picked":["Beam Cell","Coolheaded"],"picked":"Steam","floor":4},{"not_picked":["Consume","Sweeping Beam"],"picked":"Leap","floor":5},{"not_picked":["Ball Lightning","Sweeping Beam"],"picked":"Glacier","floor":6},{"not_picked":["Sweeping Beam","Turbo"],"picked":"Self Repair","floor":8},{"not_picked":["Sweeping Beam","Loop"],"picked":"Defragment","floor":11},{"not_picked":["Cold Snap","Ball Lightning"],"picked":"Defragment","floor":13},{"not_picked":["Go for the Eyes","Cold Snap","Barrage"],"picked":"SKIP","floor":14},{"not_picked":["Seek","Amplify"],"picked":"Thunder Strike","floor":16},{"not_picked":["Hello World+1","Stack+1"],"picked":"Streamline+1","floor":18},{"not_picked":["Gash","Aggregate"],"picked":"Ball Lightning","floor":19},{"not_picked":["Gash","Chaos","Leap"],"picked":"SKIP","floor":21},{"not_picked":["Turbo","Hologram"],"picked":"Conserve Battery","floor":22}],"player_experience":787247,"relics_obtained":[{"floor":6,"key":"Lantern"},{"floor":8,"key":"Bag of Preparation"},{"floor":9,"key":"Vajra"}],"event_choices":[{"event_name":"Liars Game","player_choice":"agreed","floor":3,"damage_taken":0}],"is_beta":false,"boss_relics":[{"not_picked":["Sozu","Black Star"],"picked":"FrozenCore"}],"items_purged_floors":[7],"is_endless":false,"potions_floor_spawned":[2,4,11,19],"killed_by":"Gremlin Leader","ascension_level":3}