{"gold_per_floor":[112,36,51,51,71,71,100,120,167,167,186,186,170,186,186,281,281,301,301,47,57,0,0,30,30,30,30,30,42,42,24,24,122,122,140,156,34,34,48,48,48,67,91,11,43,43,78,90,90,90],"floor_reached":51,"playtime":3459,"items_purged":["Strike_G","Defend_G"],"score":1004,"play_id":"7b416722-446a-4055-b177-806aecdd8291","local_time":"20190424191646","is_ascension_mode":true,"campfire_choices":[{"data":"Infinite Blades","floor":6.0,"key":"SMITH"},{"data":"After Image","floor":10.0,"key":"SMITH"},{"floor":12.0,"key":"REST"},{"data":"Caltrops","floor":15.0,"key":"SMITH"},{"data":"After Image","floor":23.0,"key":"SMITH"},{"floor":25.0,"key":"REST"},{"floor":28.0,"key":"REST"},{"floor":32.0,"key":"REST"},{"data":"Backflip","floor":40.0,"key":"SMITH"},{"floor":46,"key":"REST"},{"data":"Choke","floor":49,"key":"SMITH"}],"neow_cost":"NONE","seed_source_timestamp":1197195493680843,"circlet_count":0,"master_deck":["Defend_G","Defend_G","Defend_G","Strike_G","Strike_G","Survivor","Neutralize","Dodge and Roll","Footwork","Cloak And Dagger","Infinite Blades+1","Deflect","After Image+1","Prepared","Slice","Caltrops+1","After Image+1","Slice","Flying Knee","Choke+1","Blade Dance+1","Dagger Spray+1","Dagger Throw+1","After Image","Slice+1","Backflip+1","Adrenaline","Cloak And Dagger+1","Footwork","Neutralize+1","Dash+1","Blade Dance","Parasite","Escape Plan+1"],"special_seed":0,"relics":["Ring of the Serpent","The Courier","Bronze Scales","Molten Egg 2","Oddly Smooth Stone","Paper Crane","Eternal Feather","Pen Nib","Bag of Preparation","Ornamental Fan"],"potions_floor_usage":[45,50],"damage_taken":[{"damage":0.0,"enemies":"Small Slimes","floor":1.0,"turns":3.0},{"damage":4.0,"enemies":"Cultist","floor":3.0,"turns":6.0},{"damage":5.0,"enemies":"Jaw Worm","floor":5.0,"turns":5.0},{"damage":25.0,"enemies":"Lagavulin","floor":7.0,"turns":11.0},{"damage":1.0,"enemies":"Blue Slaver","floor":8.0,"turns":5.0},{"damage":2.0,"enemies":"Looter","floor":11.0,"turns":5.0},{"damage":0.0,"enemies":"Exordium Thugs","floor":13.0,"turns":4.0},{"damage":0.0,"enemies":"Exordium Wildlife","floor":14.0,"turns":5.0},{"damage":22.0,"enemies":"The Guardian","floor":16.0,"turns":13.0},{"damage":3.0,"enemies":"3 Byrds","floor":18.0,"turns":3.0},{"damage":20.0,"enemies":"2 Thieves","floor":21.0,"turns":5.0},{"damage":37.0,"enemies":"Slavers","floor":24.0,"turns":6.0},{"damage":2.0,"enemies":"Chosen and Byrds","floor":29.0,"turns":7.0},{"damage":32.0,"enemies":"Automaton","floor":33.0,"turns":12.0},{"damage":5.0,"enemies":"Orb Walker","floor":35.0,"turns":6.0},{"damage":25.0,"enemies":"3 Darklings","floor":36.0,"turns":6.0},{"damage":30.0,"enemies":"4 Shapes","floor":39.0,"turns":10.0},{"damage":0.0,"enemies":"Maw","floor":42.0,"turns":9.0},{"damage":32,"enemies":"Reptomancer","floor":45,"turns":11},{"damage":20,"enemies":"Giant Head","floor":47,"turns":14},{"damage":0,"enemies":"Writhing Mass","floor":48,"turns":9},{"damage":19,"enemies":"Awakened One","floor":50,"turns":20}],"seed_played":"-273494683486437209","potions_obtained":[{"floor":3.0,"key":"SpeedPotion"},{"floor":5.0,"key":"Strength Potion"},{"floor":8.0,"key":"Explosive Potion"},{"floor":13.0,"key":"EssenceOfSteel"},{"floor":33.0,"key":"GamblersBrew"},{"floor":35.0,"key":"SpeedPotion"},{"floor":48,"key":"SkillPotion"}],"is_trial":false,"path_per_floor":["M","$","M","?","M","R","E","M","T","R","M","R","M","M","R","B",null,"M","?","$","M","?","R","E","R","T","$","R","M","?","$","R","B",null,"M","M","$","?","M","R","?","M","T","$","E","R","E","M","R","B",null],"character_chosen":"THE_SILENT","items_purchased":["Footwork","Molten Egg 2","Dagger Throw+1","Adrenaline"],"campfire_rested":5,"item_purchase_floors":[2,20,31,37],"current_hp_per_floor":[70,70,66,66,61,61,36,35,35,35,33,56,56,56,56,34,66,63,63,63,43,43,43,6,29,29,29,52,50,50,50,73,41,68,63,38,38,67,37,52,52,52,52,52,20,58,38,38,56,37],"gold":90,"neow_bonus":"TEN_PERCENT_HP_BONUS","is_prod":false,"is_daily":false,"chose_seed":false,"campfire_upgraded":6,"win_rate":0,"timestamp":1556142406,"path_taken":["M","$","M","?","M","R","E","M","T","R","?","R","M","M","R","BOSS","M","?","$","M","?","R","E","R","T","$","R","M","?","$","R","BOSS","M","M","$","?","M","R","?","M","T","$","E","R","E","M","R","BOSS"],"build_version":"2019-01-23","purchased_purges":2,"victory":true,"max_hp_per_floor":[77,77,77,77,77,77,77,77,77,77,77,77,77,77,77,77,77,77,77,77,77,77,77,77,77,77,77,77,77,77,77,77,77,77,77,77,77,67,67,67,67,67,67,67,67,67,67,67,67,67],"card_choices":[{"not_picked":["Flechettes","Terror"],"picked":"Dodge and Roll","floor":1.0},{"not_picked":["Outmaneuver","Backflip"],"picked":"Cloak And Dagger","floor":3.0},{"not_picked":["Expertise","Quick Slash"],"picked":"Infinite Blades","floor":5.0},{"not_picked":["Terror","Dagger Spray"],"picked":"Deflect","floor":7.0},{"not_picked":["Reflex","Slice"],"picked":"After Image","floor":8.0},{"not_picked":["Dagger Spray","Flying Knee"],"picked":"Prepared","floor":11.0},{"not_picked":["Sucker Punch","Masterful Stab"],"picked":"Slice","floor":13.0},{"not_picked":["Deadly Poison","Deflect"],"picked":"Caltrops","floor":14.0},{"not_picked":["Venomology","Wraith Form v2"],"picked":"After Image","floor":16.0},{"not_picked":["Expertise","All Out Attack"],"picked":"Slice","floor":18.0},{"not_picked":["Dash+1","Backflip+1"],"picked":"Blade Dance+1","floor":21.0},{"not_picked":["Bane+1","Concentrate","Glass Knife+1"],"picked":"SKIP","floor":24.0},{"not_picked":["Bouncing Flask","Blade Dance"],"picked":"Dagger Spray+1","floor":29.0},{"not_picked":["Die Die Die+1","Envenom"],"picked":"After Image","floor":33.0},{"not_picked":["Deflect","Backstab+1"],"picked":"Slice+1","floor":35.0},{"not_picked":["Deadly Poison+1","Quick Slash+1"],"picked":"Backflip","floor":36.0},{"not_picked":["Backstab+1","Blade Dance+1"],"picked":"Cloak And Dagger+1","floor":39.0},{"not_picked":["Reflex+1","Acrobatics","Sucker Punch+1"],"picked":"SKIP","floor":42.0},{"not_picked":["Caltrops+1","Slice+1"],"picked":"Dash+1","floor":45},{"not_picked":["Dagger Throw+1","Grand Finale+1"],"picked":"Blade Dance","floor":47},{"not_picked":["Heel Hook+1","Sucker Punch+1"],"picked":"Escape Plan+1","floor":48}],"player_experience":1152115,"relics_obtained":[{"floor":7.0,"key":"The Courier"},{"floor":9.0,"key":"Bronze Scales"},{"floor":24.0,"key":"Oddly Smooth Stone"},{"floor":26.0,"key":"Paper Crane"},{"floor":43.0,"key":"Pen Nib"},{"floor":45,"key":"Bag of Preparation"},{"floor":47,"key":"Ornamental Fan"}],"event_choices":[{"cards_removed":["Defend_G"],"damage_healed":0.0,"max_hp_gain":0.0,"max_hp_loss":0.0,"gold_gain":0.0,"event_name":"Bonfire Elementals","player_choice":"Offered Basic","floor":4.0,"gold_loss":0.0,"damage_taken":0.0},{"damage_healed":0.0,"max_hp_gain":0.0,"max_hp_loss":0.0,"gold_gain":0.0,"cards_transformed":["Strike_G","Strike_G"],"event_name":"Drug Dealer","player_choice":"Became Test Subject","floor":19.0,"gold_loss":0.0,"damage_taken":0.0,"cards_obtained":["Flying Knee","Choke"]},{"damage_healed":0.0,"max_hp_gain":0.0,"max_hp_loss":0.0,"gold_gain":0.0,"event_name":"Masked Bandits","player_choice":"Paid Fearfully","floor":22.0,"gold_loss":57.0,"damage_taken":0.0},{"damage_healed":67.0,"max_hp_gain":0.0,"max_hp_loss":10.0,"gold_gain":0.0,"event_name":"The Moai Head","player_choice":"Heal","floor":38.0,"gold_loss":0.0,"damage_taken":0.0},{"damage_healed":0.0,"max_hp_gain":0.0,"max_hp_loss":0.0,"gold_gain":0.0,"event_name":"Match and Keep!","player_choice":"2 cards matched","floor":41.0,"gold_loss":0.0,"damage_taken":0.0,"cards_obtained":["Footwork","Neutralize"]}],"is_beta":false,"boss_relics":[{"not_picked":["Tiny House","Philosopher\u0027s Stone"],"picked":"Ring of the Serpent"},{"not_picked":["Snecko Eye","Runic Pyramid"],"picked":"Eternal Feather"}],"items_purged_floors":[20,44],"is_endless":false,"potions_floor_spawned":[3,5,8,13,33,35,48],"ascension_level":9}