{"gold_per_floor":[116,116,38,52,66,66,66,80,80,92,92,92,92,65,65,167,167,181,181,147,165,180,180,200,20,44,44,44,44,44,57,57,57],"floor_reached":33,"playtime":2561,"items_purged":[],"score":353,"play_id":"473d2c5d-d067-41f9-9991-5b58bb1c4784","local_time":"20190307193041","is_ascension_mode":true,"campfire_choices":[{"data":"Neutralize","floor":6.0,"key":"SMITH"},{"data":"Footwork","floor":11.0,"key":"SMITH"},{"floor":15.0,"key":"REST"},{"floor":23.0,"key":"REST"},{"floor":28.0,"key":"REST"},{"floor":30.0,"key":"REST"},{"floor":32.0,"key":"REST"}],"neow_cost":"NONE","seed_source_timestamp":0,"circlet_count":0,"master_deck":["AscendersBane","Defend_G","Defend_G","Defend_G","Defend_G","Defend_G","Strike_G","Strike_G","Strike_G","Strike_G","Strike_G","Survivor","Neutralize+1","Infinite Blades+1","Infinite Blades","Terror","Backflip","Backstab","Footwork+1","Adrenaline","Neutralize","Deflect","Footwork","Dagger Spray+1","Riddle With Holes","Acrobatics","Acrobatics","Terror"],"special_seed":0,"relics":["Ring of the Snake","Centennial Puzzle","Question Card","Girya","Busted Crown","Juzu Bracelet","Ancient Tea Set","Happy Flower"],"potions_floor_usage":[33,33],"damage_taken":[{"damage":3.0,"enemies":"2 Louse","floor":1.0,"turns":3.0},{"damage":1.0,"enemies":"Cultist","floor":4.0,"turns":3.0},{"damage":7.0,"enemies":"Small Slimes","floor":5.0,"turns":4.0},{"damage":2.0,"enemies":"2 Fungi Beasts","floor":8.0,"turns":5.0},{"damage":9.0,"enemies":"Large Slime","floor":10.0,"turns":5.0},{"damage":30.0,"enemies":"The Guardian","floor":16.0,"turns":17.0},{"damage":29.0,"enemies":"Spheric Guardian","floor":18.0,"turns":6.0},{"damage":0.0,"enemies":"3 Byrds","floor":21.0,"turns":3.0},{"damage":13.0,"enemies":"Shelled Parasite and Fungi","floor":22.0,"turns":7.0},{"damage":18.0,"enemies":"Snecko","floor":24.0,"turns":7.0},{"damage":27.0,"enemies":"Snake Plant","floor":31.0,"turns":7.0},{"damage":57,"enemies":"Automaton","floor":33,"turns":6}],"seed_played":"-7031097640014244338","potions_obtained":[{"floor":4.0,"key":"Weak Potion"},{"floor":8.0,"key":"LiquidBronze"},{"floor":16.0,"key":"SkillPotion"},{"floor":18.0,"key":"AttackPotion"},{"floor":24.0,"key":"PowerPotion"}],"is_trial":false,"path_per_floor":["M","?","$","M","M","R","$","M","T","M","R","?","?","?","R","B",null,"M","?","$","M","M","R","M","$","T","?","R","$","R","M","R","B"],"character_chosen":"THE_SILENT","items_purchased":["Infinite Blades","Footwork","Juzu Bracelet","Acrobatics"],"campfire_rested":5,"item_purchase_floors":[3,20,25,25],"current_hp_per_floor":[60,60,60,59,52,52,52,50,50,41,41,16,16,16,37,7,54,25,25,25,25,12,33,15,15,15,15,36,36,57,30,51,0],"gold":57,"neow_bonus":"RANDOM_COMMON_RELIC","is_prod":false,"is_daily":false,"chose_seed":false,"campfire_upgraded":2,"win_rate":0,"timestamp":1552005041,"path_taken":["M","?","?","M","M","R","$","M","T","M","R","?","?","?","R","BOSS","M","?","$","M","?","R","M","$","T","?","R","$","R","M","R","BOSS"],"build_version":"2019-01-23","purchased_purges":0,"victory":false,"max_hp_per_floor":[70,70,70,70,70,70,70,70,70,70,70,70,70,70,70,70,70,70,70,70,70,70,70,70,70,70,70,70,70,70,70,70,70],"card_choices":[{"not_picked":["Backflip","Slice"],"picked":"Infinite Blades","floor":1.0},{"not_picked":["Bane","Leg Sweep"],"picked":"Terror","floor":4.0},{"not_picked":["Crippling Poison","Distraction"],"picked":"Backflip","floor":5.0},{"not_picked":["Quick Slash","Underhanded Strike"],"picked":"Backstab","floor":8.0},{"not_picked":["Skewer","Acrobatics","PiercingWail"],"picked":"Footwork","floor":10.0},{"not_picked":["Die Die Die","Glass Knife","Doppelganger"],"picked":"Adrenaline","floor":16.0},{"not_picked":["Expertise+1","Poisoned Stab"],"picked":"SKIP","floor":18.0},{"not_picked":["Sucker Punch"],"picked":"Dagger Spray+1","floor":21.0},{"not_picked":["Dagger Spray+1"],"picked":"Riddle With Holes","floor":22.0},{"not_picked":["Reflex"],"picked":"Acrobatics","floor":24.0},{"not_picked":["Deadly Poison"],"picked":"Terror","floor":31.0}],"player_experience":2362461,"relics_obtained":[{"floor":9.0,"key":"Question Card"},{"floor":26.0,"key":"Ancient Tea Set"}],"event_choices":[{"damage_healed":0.0,"max_hp_gain":0.0,"max_hp_loss":0.0,"gold_gain":0.0,"event_name":"Upgrade Shrine","player_choice":"Upgraded","floor":2.0,"gold_loss":0.0,"damage_taken":0.0,"cards_upgraded":["Infinite Blades"]},{"damage_healed":0.0,"max_hp_gain":0.0,"max_hp_loss":0.0,"gold_gain":0.0,"event_name":"Scrap Ooze","player_choice":"Success","floor":12.0,"gold_loss":0.0,"damage_taken":25.0,"relics_obtained":["Girya"]},{"damage_healed":0.0,"max_hp_gain":0.0,"max_hp_loss":0.0,"gold_gain":0.0,"event_name":"Liars Game","player_choice":"Ignored","floor":13.0,"gold_loss":0.0,"damage_taken":0.0},{"damage_healed":0.0,"max_hp_gain":0.0,"max_hp_loss":0.0,"gold_gain":0.0,"event_name":"World of Goop","player_choice":"Left Gold","floor":14.0,"gold_loss":27.0,"damage_taken":0.0},{"damage_healed":0.0,"max_hp_gain":0.0,"max_hp_loss":0.0,"gold_gain":0.0,"event_name":"Match and Keep!","player_choice":"2 cards matched","floor":19.0,"gold_loss":0.0,"damage_taken":0.0,"cards_obtained":["Neutralize","Deflect"]},{"damage_healed":0.0,"max_hp_gain":0.0,"max_hp_loss":0.0,"gold_gain":0.0,"event_name":"The Mausoleum","player_choice":"Opened","floor":27.0,"gold_loss":0.0,"damage_taken":0.0,"relics_obtained":["Happy Flower"]}],"is_beta":false,"boss_relics":[{"not_picked":["Pandora\u0027s Box","Snecko Eye"],"picked":"Busted Crown"}],"items_purged_floors":[],"is_endless":false,"potions_floor_spawned":[4,8,16,18,24],"killed_by":"Automaton","ascension_level":10}