{"gold_per_floor":[116,116,134,134,134,134,173,173,199,232,257,237,237,257,257,383,383,402,377,377,158,181,181],"floor_reached":23,"playtime":1679,"items_purged":["Strike_G"],"score":199,"play_id":"01ea03ac-63a3-43c9-822e-ec6912bcda9a","local_time":"20180725235038","is_ascension_mode":false,"campfire_choices":[{"floor":6,"key":"REST"},{"data":"Neutralize","floor":8,"key":"SMITH"},{"floor":15,"key":"REST"}],"neow_cost":"FIFTY_PERCENT_DAMAGE","seed_source_timestamp":38369799434992,"circlet_count":0,"master_deck":["Defend_G","Defend_G","Defend_G","Defend_G","Defend_G","Strike_G","Strike_G","Strike_G","Survivor","Neutralize+1","Noxious Fumes+1","Outmaneuver","Underhanded Strike","Injury","Doppelganger","Backflip","Bane","Wraith Form v2","Dodge and Roll"],"relics":["Ring of the Snake","Golden Idol","Pen Nib","Bag of Marbles","Blue Candle","Dead Branch","Busted Crown","Nilry\u0027s Codex","Regal Pillow"],"potions_floor_usage":[7,16,16,19,23],"damage_taken":[{"damage":2,"enemies":"Jaw Worm","floor":1,"turns":5},{"damage":1,"enemies":"Cultist","floor":3,"turns":5},{"damage":21,"enemies":"Lagavulin","floor":7,"turns":9},{"damage":35,"enemies":"Gremlin Nob","floor":10,"turns":5},{"damage":0,"enemies":"2 Louse","floor":11,"turns":3},{"damage":0,"enemies":"Blue Slaver","floor":14,"turns":4},{"damage":15,"enemies":"The Guardian","floor":16,"turns":11},{"damage":0,"enemies":"Chosen","floor":18,"turns":4},{"damage":2,"enemies":"2 Thieves","floor":19,"turns":5},{"damage":15,"enemies":"Snake Plant","floor":22,"turns":6},{"damage":53,"enemies":"Slavers","floor":23,"turns":3}],"seed_played":"-8152042719478923496","potions_obtained":[{"floor":1,"key":"GamblersBrew"},{"floor":3,"key":"Regen Potion"},{"floor":7,"key":"EssenceOfSteel"},{"floor":12,"key":"LiquidBronze"},{"floor":19,"key":"GhostInAJar"},{"floor":22,"key":"SpeedPotion"}],"is_trial":false,"path_per_floor":["M","?","M","?","?","R","E","R","T","E","M","?","?","M","R","B",null,"M","M","?","$","M"],"character_chosen":"THE_SILENT","items_purchased":["Regal Pillow"],"campfire_rested":2,"item_purchase_floors":[21],"current_hp_per_floor":[40,40,39,39,39,64,58,58,58,23,23,23,16,16,41,26,84,84,82,66,66,51,0],"gold":181,"neow_bonus":"TWENTY_PERCENT_HP_BONUS","is_prod":false,"is_daily":false,"chose_seed":false,"campfire_upgraded":1,"win_rate":0,"timestamp":1532577038,"path_taken":["M","?","M","?","?","R","E","R","T","E","?","?","?","M","R","BOSS","M","M","?","$","M","E"],"build_version":"2018-07-19v2","purchased_purges":1,"victory":false,"max_hp_per_floor":[84,84,84,84,84,84,84,84,84,84,84,84,84,84,84,84,84,84,84,84,84,84,84],"card_choices":[{"not_picked":["Expertise","Accuracy"],"picked":"Noxious Fumes","floor":1},{"not_picked":["Dagger Spray","Tactician"],"picked":"Outmaneuver","floor":3},{"not_picked":["Prepared","Outmaneuver"],"picked":"Doppelganger","floor":7},{"not_picked":["Quick Slash","Eviscerate"],"picked":"Backflip","floor":10},{"not_picked":["Quick Slash","Prepared","Escape Plan"],"picked":"SKIP","floor":11},{"not_picked":["Outmaneuver","Prepared"],"picked":"Bane","floor":14},{"not_picked":["Burst","Night Terror"],"picked":"Wraith Form v2","floor":16},{"not_picked":[],"picked":"Dodge and Roll","floor":18},{"not_picked":["Cloak And Dagger"],"picked":"SKIP","floor":19},{"not_picked":["Sucker Punch"],"picked":"SKIP","floor":22}],"player_experience":511268,"relics_obtained":[{"floor":7,"key":"Pen Nib"},{"floor":9,"key":"Bag of Marbles"},{"floor":10,"key":"Blue Candle"},{"floor":20,"key":"Nilry\u0027s Codex"}],"event_choices":[{"event_name":"Accursed Blacksmith","player_choice":"Forge","floor":2,"damage_taken":0},{"event_name":"Living Wall","player_choice":"Change","floor":4,"damage_taken":0},{"event_name":"Golden Idol","player_choice":"Take Wound","floor":5,"damage_taken":0},{"event_name":"The Woman in Blue","player_choice":"Bought 1 Potion","floor":12,"damage_taken":0},{"event_name":"Scrap Ooze","player_choice":"success","floor":13,"damage_taken":7},{"event_name":"Cursed Tome","player_choice":"Obtained Book","floor":20,"damage_taken":0}],"is_beta":false,"boss_relics":[{"not_picked":["Lizard Tail","Fusion Hammer"],"picked":"Busted Crown"}],"items_purged_floors":[21],"is_endless":false,"potions_floor_spawned":[1,3,7,19,22],"killed_by":"Slavers","ascension_level":0}