{"gold_per_floor":[10,21,196,42,54,54,54,69,69,69,83,83,99,146,146,241,241,254,179,197,6,6,6,19,19,19,39,49,64,64,78,78,183,183,203,252,252,252,266,266,294,294,366,380,380,380,398,428,428,428],"floor_reached":51,"playtime":9733,"items_purged":["Doubt"],"score":941,"play_id":"b8ebcdd6-1943-4a14-b943-6bbdb4ed81a7","local_time":"20190304165056","is_ascension_mode":true,"campfire_choices":[{"data":"Dagger Spray","floor":6.0,"key":"SMITH"},{"data":"Noxious Fumes","floor":10.0,"key":"SMITH"},{"data":"Bouncing Flask","floor":12.0,"key":"SMITH"},{"data":"Bane","floor":15.0,"key":"SMITH"},{"data":"Adrenaline","floor":23.0,"key":"SMITH"},{"floor":25.0,"key":"REST"},{"floor":32.0,"key":"REST"},{"floor":40,"key":"REST"},{"floor":42,"key":"REST"},{"data":"Neutralize","floor":46,"key":"SMITH"},{"floor":49,"key":"REST"}],"neow_cost":"NO_GOLD","seed_source_timestamp":0,"circlet_count":0,"master_deck":["Defend_G+1","Defend_G+1","Defend_G+1","Defend_G+1","Defend_G+1","Strike_G+1","Strike_G+1","Survivor","Neutralize+1","Bouncing Flask+1","Night Terror","Backstab","Dagger Spray+1","Noxious Fumes+1","Bane+1","Adrenaline+1","Backflip+1","Deadly Poison+1","Deadly Poison","Deadly Poison+1","Backflip","Bullet Time","Backflip","Caltrops","Caltrops+1","Blur+1","Discovery+1","Sadistic Nature","Noxious Fumes","Acrobatics+1"],"special_seed":0,"relics":["Ring of the Snake","Bronze Scales","Mercury Hourglass","Lantern","Happy Flower","White Beast Statue","Medical Kit","Snake Skull","Gremlin Horn","Runic Pyramid","Dead Branch","Toxic Egg 2","Shuriken","Ornamental Fan"],"potions_floor_usage":[36,41,41,47,47,47,48,50],"damage_taken":[{"damage":4.0,"enemies":"Jaw Worm","floor":1.0,"turns":7.0},{"damage":2.0,"enemies":"Cultist","floor":2.0,"turns":4.0},{"damage":0.0,"enemies":"2 Louse","floor":5.0,"turns":2.0},{"damage":3.0,"enemies":"Looter","floor":8.0,"turns":2.0},{"damage":4.0,"enemies":"Large Slime","floor":11.0,"turns":4.0},{"damage":0.0,"enemies":"Exordium Thugs","floor":13.0,"turns":2.0},{"damage":13.0,"enemies":"Hexaghost","floor":16.0,"turns":7.0},{"damage":2.0,"enemies":"Chosen","floor":18.0,"turns":4.0},{"damage":14.0,"enemies":"2 Thieves","floor":20.0,"turns":3.0},{"damage":4.0,"enemies":"Chosen and Byrds","floor":24.0,"turns":4.0},{"damage":21.0,"enemies":"Snake Plant","floor":27.0,"turns":3.0},{"damage":24.0,"enemies":"Centurion and Healer","floor":28.0,"turns":4.0},{"damage":5.0,"enemies":"Snecko","floor":29.0,"turns":3.0},{"damage":4.0,"enemies":"Cultist and Chosen","floor":31.0,"turns":5.0},{"damage":13.0,"enemies":"Collector","floor":33.0,"turns":7.0},{"damage":2.0,"enemies":"3 Darklings","floor":35.0,"turns":3.0},{"damage":28,"enemies":"2 Orb Walkers","floor":36,"turns":4},{"damage":0,"enemies":"3 Shapes","floor":39,"turns":3},{"damage":4,"enemies":"Reptomancer","floor":41,"turns":5},{"damage":0,"enemies":"Spire Growth","floor":44,"turns":4},{"damage":8,"enemies":"3 Darklings","floor":47,"turns":3},{"damage":26,"enemies":"Nemesis","floor":48,"turns":7},{"damage":21,"enemies":"Time Eater","floor":50,"turns":13}],"seed_played":"1087278852256105048","potions_obtained":[{"floor":1.0,"key":"Swift Potion"},{"floor":5.0,"key":"SkillPotion"},{"floor":18.0,"key":"Explosive Potion"},{"floor":27.0,"key":"Block Potion"},{"floor":29.0,"key":"AttackPotion"},{"floor":33.0,"key":"Explosive Potion"},{"floor":35,"key":"Explosive Potion"},{"floor":36,"key":"Energy Potion"},{"floor":39,"key":"AttackPotion"},{"floor":41,"key":"SpeedPotion"},{"floor":44,"key":"Explosive Potion"},{"floor":47,"key":"Energy Potion"},{"floor":48,"key":"GhostInAJar"}],"is_trial":false,"path_per_floor":["M","M","?","$","M","R","?","M","T","R","M","R","M","T","R","B",null,"M","$","M","$","?","R","M","R","T","M","M","M","?","M","R","B",null,"M","?","$","?","M","R","E","R","T","M","?","R","M","E","R","B",null],"character_chosen":"THE_SILENT","items_purchased":["Bronze Scales","Medical Kit"],"campfire_rested":5,"item_purchase_floors":[4,21],"current_hp_per_floor":[59,57,57,57,57,57,57,54,54,54,50,50,50,50,50,37,62,60,60,46,46,46,46,42,63,63,42,18,13,13,9,30,17,57,55,27,27,27,27,48,44,65,65,65,60,60,52,26,47,26],"gold":428,"neow_bonus":"TRANSFORM_TWO_CARDS","is_prod":false,"is_daily":false,"chose_seed":false,"campfire_upgraded":6,"win_rate":0,"timestamp":1551736256,"path_taken":["M","M","?","$","M","R","?","M","T","R","M","R","M","?","R","BOSS","M","$","M","$","?","R","M","R","T","M","M","?","?","M","R","BOSS","M","?","$","?","M","R","E","R","T","M","?","R","M","E","R","BOSS"],"build_version":"2019-01-23","purchased_purges":1,"victory":true,"max_hp_per_floor":[70,70,70,70,70,70,70,70,70,70,70,70,70,70,70,70,70,70,70,70,70,70,70,70,70,70,70,70,70,70,70,70,70,70,70,70,70,70,70,70,70,70,70,70,70,70,70,70,70,70],"card_choices":[{"not_picked":["Quick Slash","Concentrate"],"picked":"Backstab","floor":1.0},{"not_picked":["Reflex","Bane"],"picked":"Dagger Spray","floor":2.0},{"not_picked":["Calculated Gamble","Deflect","Underhanded Strike"],"picked":"SKIP","floor":5.0},{"not_picked":["Sucker Punch","Blade Dance"],"picked":"Noxious Fumes","floor":8.0},{"not_picked":["Poisoned Stab","Deflect"],"picked":"Bane","floor":11.0},{"not_picked":["Slice","Dagger Throw","Dagger Spray"],"picked":"SKIP","floor":13.0},{"not_picked":["Doppelganger","Storm of Steel"],"picked":"Adrenaline","floor":16.0},{"not_picked":["PiercingWail","Dagger Throw"],"picked":"Backflip+1","floor":18.0},{"not_picked":["Prepared+1","All Out Attack"],"picked":"Deadly Poison+1","floor":20.0},{"not_picked":["Flechettes","Eviscerate"],"picked":"Deadly Poison","floor":24.0},{"not_picked":["Envenom","Acrobatics"],"picked":"Deadly Poison+1","floor":27.0},{"not_picked":["Poisoned Stab","Acrobatics"],"picked":"Backflip","floor":28.0},{"not_picked":["Dagger Throw+1","Sucker Punch","Predator"],"picked":"SKIP","floor":29.0},{"not_picked":["Poisoned Stab+1","Underhanded Strike","Backflip"],"picked":"SKIP","floor":31.0},{"not_picked":["Venomology","A Thousand Cuts"],"picked":"Bullet Time","floor":33.0},{"not_picked":["Deflect","Blade Dance","Choke"],"picked":"SKIP","floor":35},{"not_picked":["Sucker Punch","Masterful Stab+1"],"picked":"Backflip","floor":36},{"not_picked":["Terror+1","Slice"],"picked":"Caltrops","floor":39},{"not_picked":["Outmaneuver+1","Sucker Punch+1"],"picked":"Caltrops+1","floor":41},{"not_picked":["Dagger Spray","Deflect+1"],"picked":"Blur+1","floor":44},{"not_picked":["Forethought+1","Flash of Steel"],"picked":"Discovery+1","floor":45},{"not_picked":["Good Instincts+1","Enlightenment+1"],"picked":"Sadistic Nature","floor":45},{"not_picked":["Well Laid Plans","Slice+1"],"picked":"Noxious Fumes","floor":47},{"not_picked":["Bane+1","Caltrops"],"picked":"Acrobatics+1","floor":48}],"player_experience":2342367,"relics_obtained":[{"floor":9.0,"key":"Lantern"},{"floor":14.0,"key":"Happy Flower"},{"floor":22.0,"key":"Snake Skull"},{"floor":26.0,"key":"Gremlin Horn"},{"floor":36,"key":"Dead Branch"},{"floor":41,"key":"Toxic Egg 2"},{"floor":43,"key":"Shuriken"},{"floor":48,"key":"Ornamental Fan"}],"event_choices":[{"damage_healed":0.0,"max_hp_gain":0.0,"max_hp_loss":0.0,"gold_gain":175.0,"event_name":"Liars Game","player_choice":"AGREE","floor":3.0,"gold_loss":0.0,"damage_taken":0.0,"cards_obtained":["Doubt"]},{"damage_healed":0.0,"max_hp_gain":0.0,"max_hp_loss":0.0,"gold_gain":0.0,"event_name":"Dead Adventurer","player_choice":"Searched \u00271\u0027 times","floor":7.0,"gold_loss":0.0,"damage_taken":0.0,"relics_obtained":["Mercury Hourglass"]},{"damage_healed":0.0,"max_hp_gain":0.0,"max_hp_loss":0.0,"gold_gain":0.0,"event_name":"Wheel of Change","player_choice":"Relic","floor":22.0,"gold_loss":0.0,"damage_taken":0.0},{"damage_healed":0.0,"max_hp_gain":0.0,"max_hp_loss":0.0,"gold_gain":0.0,"event_name":"Back to Basics","player_choice":"Simplicity","floor":30.0,"gold_loss":0.0,"damage_taken":0.0,"cards_upgraded":["Defend_G","Defend_G","Defend_G","Defend_G","Defend_G","Strike_G","Strike_G","Strike_G"]},{"damage_healed":0,"gold_gain":0,"player_choice":"Fight","damage_taken":0,"max_hp_gain":0,"max_hp_loss":0,"event_name":"Mysterious Sphere","floor":36,"gold_loss":0},{"cards_removed":["Strike_G"],"damage_healed":0,"gold_gain":0,"player_choice":"Removed Attack","damage_taken":0,"max_hp_gain":0,"max_hp_loss":0,"event_name":"Falling","floor":38,"gold_loss":0},{"damage_healed":0,"gold_gain":0,"player_choice":"Memory 2","damage_taken":5,"max_hp_gain":0,"max_hp_loss":0,"event_name":"SensoryStone","floor":45,"gold_loss":0}],"is_beta":false,"boss_relics":[{"not_picked":["Philosopher\u0027s Stone","Busted Crown"],"picked":"White Beast Statue"},{"not_picked":["Pandora\u0027s Box","Black Star"],"picked":"Runic Pyramid"}],"items_purged_floors":[19],"is_endless":false,"potions_floor_spawned":[1,5,18,20,24,27,28,29,31,33,35,36,39,41,44,47,48],"ascension_level":9}