{"gold_per_floor":[116,116,116,133,149,149,28,28,28,60,60,10,10,26,26,26],"floor_reached":16,"playtime":524,"items_purged":["Strike_R","Strike_R"],"score":172,"play_id":"acd7c93c-5223-4fff-9398-c89a7fd27d67","local_time":"20190520013749","is_ascension_mode":true,"campfire_choices":[{"data":"Carnage","floor":6,"key":"SMITH"},{"data":"Shrug It Off","floor":15,"key":"SMITH"}],"neow_cost":"NONE","seed_source_timestamp":4363736354027201,"circlet_count":0,"master_deck":["AscendersBane","Strike_R","Strike_R","Defend_R","Defend_R","Defend_R","Defend_R","Bash","Dark Embrace","Second Wind","Carnage+1","Shrug It Off+1","Exhume"],"relics":["Burning Blood","Sundial","Lantern","Bottled Lightning","Smiling Mask"],"potions_floor_usage":[10],"damage_taken":[{"damage":1,"enemies":"2 Louse","floor":1,"turns":4},{"damage":13,"enemies":"Jaw Worm","floor":4,"turns":4},{"damage":0,"enemies":"Cultist","floor":5,"turns":3},{"damage":30,"enemies":"Lagavulin","floor":10,"turns":5},{"damage":2,"enemies":"3 Louse","floor":14,"turns":5},{"damage":26,"enemies":"Slime Boss","floor":16,"turns":7}],"seed_played":"6132444385499371369","potions_obtained":[{"floor":1,"key":"SteroidPotion"}],"is_trial":false,"path_per_floor":["M","?","?","M","M","R","$","?","T","E","?","$","?","M","R","B"],"character_chosen":"IRONCLAD","items_purchased":["Shrug It Off"],"campfire_rested":0,"item_purchase_floors":[7],"current_hp_per_floor":[73,47,47,40,46,46,46,46,46,22,22,22,22,26,26,0],"gold":26,"neow_bonus":"ONE_RANDOM_RARE_CARD","is_prod":false,"is_daily":false,"chose_seed":false,"campfire_upgraded":2,"win_rate":0,"timestamp":1558309069,"path_taken":["M","?","?","?","M","R","$","?","T","E","?","$","?","M","R","BOSS"],"build_version":"2019-01-23","purchased_purges":2,"victory":false,"max_hp_per_floor":[75,75,75,75,75,75,75,75,75,75,75,75,75,75,75,75],"card_choices":[{"not_picked":["Combust","Clothesline"],"picked":"Second Wind","floor":1},{"not_picked":["Wild Strike","Shockwave"],"picked":"Carnage","floor":4},{"not_picked":["Perfected Strike","Headbutt","Sword Boomerang"],"picked":"SKIP","floor":5},{"not_picked":["Limit Break","Headbutt"],"picked":"Exhume","floor":10},{"not_picked":["Cleave","Anger","Armaments"],"picked":"SKIP","floor":14}],"player_experience":563100,"relics_obtained":[{"floor":9,"key":"Bottled Lightning"},{"floor":10,"key":"Smiling Mask"}],"event_choices":[{"damage_healed":0,"gold_gain":0,"player_choice":"Success","damage_taken":26,"relics_obtained":["Sundial"],"max_hp_gain":0,"max_hp_loss":0,"event_name":"Scrap Ooze","floor":2,"gold_loss":0},{"cards_removed":["Strike_R"],"damage_healed":0,"gold_gain":0,"player_choice":"Card Removal","damage_taken":0,"max_hp_gain":0,"max_hp_loss":0,"event_name":"Wheel of Change","floor":3,"gold_loss":0},{"damage_healed":0,"gold_gain":0,"player_choice":"Searched \u00271\u0027 times","damage_taken":0,"relics_obtained":["Lantern"],"max_hp_gain":0,"max_hp_loss":0,"event_name":"Dead Adventurer","floor":8,"gold_loss":0},{"damage_healed":0,"gold_gain":0,"player_choice":"Ignored","damage_taken":0,"max_hp_gain":0,"max_hp_loss":0,"event_name":"Shining Light","floor":11,"gold_loss":0},{"damage_healed":0,"gold_gain":0,"player_choice":"Leave","damage_taken":0,"max_hp_gain":0,"max_hp_loss":0,"event_name":"The Cleric","floor":13,"gold_loss":0}],"is_beta":false,"boss_relics":[],"items_purged_floors":[7,12],"is_endless":false,"potions_floor_spawned":[1],"killed_by":"Slime Boss","ascension_level":15}