{"gold_per_floor":[112,112,112,112,131,131,143,143,143,162,162,191,202,8,8,104,104,114,14,26,26,26,26,37,37,37,37,62,90,102,57,57,159,189,202,202,8,22,22,48,48,48],"floor_reached":42,"playtime":2564,"items_purged":["Strike_R","Strike_R","Strike_R"],"score":641,"play_id":"4c7d2542-5296-42c9-9bcf-a9003dcf4084","local_time":"20180626225513","is_ascension_mode":true,"campfire_choices":[{"data":"Defend_R","floor":6,"key":"SMITH"},{"data":"Fire Breathing","floor":8,"key":"SMITH"},{"data":"Defend_R","floor":11,"key":"SMITH"},{"floor":15,"key":"REST"},{"data":"Shrug It Off","floor":23,"key":"SMITH"},{"data":"Shockwave","floor":27,"key":"SMITH"},{"floor":32,"key":"REST"},{"data":"Shrug It Off","floor":41,"key":"SMITH"}],"neow_cost":"FIFTY_PERCENT_DAMAGE","seed_source_timestamp":867247778785723,"circlet_count":0,"master_deck":["Defend_R+1","Defend_R+1","Defend_R+1","Bash+1","Spot Weakness+1","Inflame","Fire Breathing+1","Cleave+1","Shrug It Off+1","Clash","Shockwave+1","Demon Form","Shrug It Off+1","Twin Strike","Rampage","Heavy Blade","Heavy Blade+1","Madness","Metallicize"],"relics":["Burning Blood","Gremlin Horn","Prayer Wheel","War Paint","Velvet Choker","Girya","Vajra","Question Card","Tiny House","Pantograph"],"potions_floor_usage":[5,13,29,33,33,38],"damage_taken":[{"damage":4,"enemies":"Jaw Worm","floor":1,"turns":8},{"damage":0,"enemies":"Small Slimes","floor":5,"turns":3},{"damage":0,"enemies":"2 Louse","floor":7,"turns":2},{"damage":4,"enemies":"Exordium Thugs","floor":10,"turns":5},{"damage":24,"enemies":"Lagavulin","floor":12,"turns":5},{"damage":0,"enemies":"Blue Slaver","floor":13,"turns":3},{"damage":18,"enemies":"The Guardian","floor":16,"turns":12},{"damage":6,"enemies":"2 Thieves","floor":18,"turns":4},{"damage":13,"enemies":"Spheric Guardian","floor":20,"turns":4},{"damage":4,"enemies":"Centurion and Healer","floor":24,"turns":6},{"damage":20,"enemies":"Slavers","floor":29,"turns":6},{"damage":18,"enemies":"Slaver and Parasite","floor":30,"turns":6},{"damage":40,"enemies":"Collector","floor":33,"turns":8},{"damage":48,"enemies":"3 Darklings","floor":35,"turns":4},{"damage":0,"enemies":"3 Shapes","floor":38,"turns":4},{"damage":50,"enemies":"Giant Head","floor":40,"turns":8},{"damage":52,"enemies":"Nemesis","floor":42,"turns":4}],"seed_played":"7092630805429740483","potions_obtained":[{"floor":1,"key":"Fire Potion"},{"floor":12,"key":"SteroidPotion"},{"floor":16,"key":"Explosive Potion"},{"floor":18,"key":"FearPotion"},{"floor":30,"key":"Fire Potion"},{"floor":34,"key":"Energy Potion"},{"floor":35,"key":"Ancient Potion"}],"is_trial":false,"path_per_floor":["M","?","?","?","M","R","M","R","T","M","R","E","M","$","R","B",null,"M","$","M","?","?","R","M","?","T","R","T","E","M","$","R","B",null,"M","?","$","M","?","E","R"],"character_chosen":"IRONCLAD","items_purchased":["Clash","Shockwave","Heavy Blade","Metallicize"],"campfire_rested":2,"item_purchase_floors":[14,14,31,37],"current_hp_per_floor":[38,31,15,15,21,21,27,27,27,29,29,11,17,17,41,29,67,67,67,60,45,45,45,47,47,47,47,47,33,21,21,46,12,72,30,30,30,36,79,35,35,0],"gold":48,"neow_bonus":"REMOVE_TWO","is_prod":false,"is_daily":false,"chose_seed":false,"campfire_upgraded":6,"win_rate":0,"timestamp":1530046513,"path_taken":["M","?","?","?","M","R","M","R","T","?","R","E","M","$","R","BOSS","M","$","M","?","?","R","M","?","T","R","?","E","?","?","R","BOSS","M","?","$","M","?","E","R","E"],"build_version":"2018-06-21v2","purchased_purges":3,"victory":false,"max_hp_per_floor":[80,80,80,80,80,80,80,80,80,80,80,80,80,80,80,80,80,80,80,80,85,85,85,85,85,85,85,85,85,85,85,85,85,90,90,90,90,90,79,79,79,79],"card_choices":[{"not_picked":["Havoc","Twin Strike"],"picked":"Spot Weakness","floor":1},{"not_picked":["Shrug It Off","Body Slam"],"picked":"Inflame","floor":5},{"not_picked":["Intimidate","Anger"],"picked":"Fire Breathing","floor":7},{"not_picked":["Flex","Havoc"],"picked":"Cleave","floor":10},{"not_picked":["Wild Strike","True Grit","Pommel Strike"],"picked":"SKIP","floor":10},{"not_picked":["Headbutt","Exhume","Iron Wave"],"picked":"SKIP","floor":12},{"not_picked":["Havoc","Warcry"],"picked":"Shrug It Off","floor":13},{"not_picked":["Pommel Strike","Sever Soul","Flex"],"picked":"SKIP","floor":13},{"not_picked":["Dark Embrace","Feed"],"picked":"Demon Form","floor":16},{"not_picked":["Combust","Power Through+1","Reckless Charge"],"picked":"SKIP","floor":18},{"not_picked":["Flex","Sever Soul","Power Through"],"picked":"SKIP","floor":18},{"not_picked":["Uppercut","Power Through"],"picked":"Shrug It Off","floor":20},{"not_picked":["Reckless Charge+1","Clothesline","Body Slam+1"],"picked":"SKIP","floor":20},{"not_picked":["Body Slam+1","Pommel Strike"],"picked":"Twin Strike","floor":24},{"not_picked":["Spot Weakness","Wild Strike","Corruption"],"picked":"SKIP","floor":24},{"not_picked":["Sword Boomerang","True Grit","Blood for Blood"],"picked":"SKIP","floor":29},{"not_picked":["Metallicize","Havoc","Perfected Strike"],"picked":"Rampage","floor":30},{"not_picked":["Cleave","Iron Wave","Anger","True Grit+1"],"picked":"SKIP","floor":30},{"not_picked":["Shrug It Off+1","Body Slam+1","Metallicize"],"picked":"Heavy Blade+1","floor":35},{"not_picked":["Thunderclap+1","Whirlwind","Flame Barrier+1","Fire Breathing"],"picked":"SKIP","floor":35},{"not_picked":["Trip","Dark Shackles","Apotheosis"],"picked":"Madness","floor":36},{"not_picked":["Shrug It Off+1","Ghostly Armor","Armaments","Thunderclap+1"],"picked":"SKIP","floor":38},{"not_picked":["Sever Soul","Pummel","Twin Strike","Dropkick"],"picked":"SKIP","floor":38},{"not_picked":["Disarm","Combust+1","Anger","Clothesline"],"picked":"SKIP","floor":40}],"player_experience":362017,"relics_obtained":[{"floor":9,"key":"Prayer Wheel"},{"floor":12,"key":"War Paint"},{"floor":26,"key":"Girya"},{"floor":28,"key":"Vajra"},{"floor":29,"key":"Question Card"},{"floor":40,"key":"Pantograph"}],"event_choices":[{"event_name":"Scrap Ooze","player_choice":"success","floor":2,"damage_taken":7},{"event_name":"Shining Light","player_choice":"Entered Light","floor":3,"damage_taken":0},{"event_name":"Living Wall","player_choice":"Forget","floor":4,"damage_taken":0},{"event_name":"Forgotten Altar","player_choice":"Shed Blood","floor":21,"damage_taken":0},{"event_name":"Beggar","player_choice":"Ignored","floor":22,"damage_taken":0},{"event_name":"Ghosts","player_choice":"Ignored","floor":25,"damage_taken":0},{"event_name":"SensoryStone","player_choice":"Memory 1","floor":36,"damage_taken":0},{"event_name":"The Moai Head","player_choice":"Heal","floor":39,"damage_taken":0}],"boss_relics":[{"not_picked":["Black Blood","White Beast Statue"],"picked":"Velvet Choker"},{"not_picked":["Runic Dome","Eternal Feather"],"picked":"Tiny House"}],"items_purged_floors":[14,19,37],"is_endless":false,"potions_floor_spawned":[1,12,16,18,30,35],"killed_by":"Nemesis","ascension_level":9}