{"gold_per_floor":[211,187,187,15,15,15,54,92,92,152,197,6,21,66,66,168,168,211,211,211,228,33,73,110,153,201,239,264,309,230,245,245,340,390,409,509,509,509],"floor_reached":39,"playtime":2718,"items_purged":[],"score":622,"play_id":"62e1c5ca-18cc-4911-86c4-bba61d148cc9","local_time":"20190329030533","is_ascension_mode":false,"campfire_choices":[{"data":"HandOfGreed","floor":6,"key":"SMITH"},{"data":"Defragment","floor":15,"key":"SMITH"},{"floor":32,"key":"REST"}],"neow_cost":"NONE","seed_source_timestamp":235771245023000,"circlet_count":0,"master_deck":["Strike_B","Strike_B","Strike_B","Defend_B+1","Defend_B","Defend_B","Defend_B","Zap","Dualcast","Self Repair","Coolheaded","HandOfGreed+1","FTL","Double Energy","Capacitor","Compile Driver","Coolheaded","Defragment+1","Machine Learning","Redo","Writhe","Fusion+1","Beam Cell","Glacier+1","Chaos+1","Rainbow","BootSequence","Leap","Defragment","Conserve Battery","Echo Form","White Noise+1","FTL+1","Chaos+1"],"relics":["Cracked Core","Anchor","Pocketwatch","MealTicket","Inserter","Darkstone Periapt","Toolbox","Potion Belt","Bottled Lightning","Tiny House","Bird Faced Urn"],"potions_floor_usage":[31,33,33,36,38,38],"damage_taken":[{"damage":6,"enemies":"Cultist","floor":1,"turns":3},{"damage":2,"enemies":"Jaw Worm","floor":7,"turns":3},{"damage":0,"enemies":"2 Louse","floor":8,"turns":2},{"damage":2,"enemies":"Exordium Thugs","floor":10,"turns":4},{"damage":1,"enemies":"Large Slime","floor":11,"turns":4},{"damage":0,"enemies":"Red Slaver","floor":13,"turns":2},{"damage":1,"enemies":"2 Fungi Beasts","floor":14,"turns":3},{"damage":31,"enemies":"Hexaghost","floor":16,"turns":11},{"damage":8,"enemies":"Shell Parasite","floor":18,"turns":9},{"damage":14,"enemies":"Spheric Guardian","floor":21,"turns":5},{"damage":34,"enemies":"Chosen and Byrds","floor":23,"turns":9},{"damage":6,"enemies":"Cultist and Chosen","floor":24,"turns":5},{"damage":15,"enemies":"Centurion and Healer","floor":25,"turns":9},{"damage":13,"enemies":"Shelled Parasite and Fungi","floor":27,"turns":4},{"damage":16,"enemies":"Book of Stabbing","floor":28,"turns":7},{"damage":4,"enemies":"Cultist and Chosen","floor":29,"turns":6},{"damage":25,"enemies":"Sentry and Sphere","floor":31,"turns":5},{"damage":48,"enemies":"Automaton","floor":33,"turns":13},{"damage":22,"enemies":"3 Darklings","floor":35,"turns":10},{"damage":20,"enemies":"Mind Bloom Boss Battle","floor":36,"turns":10},{"damage":16,"enemies":"Time Eater","floor":38,"turns":10}],"seed_played":"-8978487665885057801","potions_obtained":[{"floor":7,"key":"Block Potion"},{"floor":10,"key":"Regen Potion"},{"floor":14,"key":"SmokeBomb"},{"floor":27,"key":"Explosive Potion"},{"floor":28,"key":"Weak Potion"},{"floor":29,"key":"LiquidBronze"},{"floor":33,"key":"GamblersBrew"},{"floor":34,"key":"Explosive Potion"}],"is_trial":false,"path_per_floor":["M","$","?","$","?","R","M","M","T","M","M","$","M","M","R","B",null,"M","?","?","M","$","M","M","M","T","M","E","M","$","M","R","B",null,"M","?","?","B",null],"character_chosen":"DEFECT","items_purchased":["Coolheaded","HandOfGreed","MealTicket","Toolbox","Defragment"],"campfire_rested":1,"item_purchase_floors":[2,4,12,22,30],"current_hp_per_floor":[69,69,62,62,44,44,49,56,56,61,67,67,67,66,66,42,75,74,80,65,58,73,46,47,39,39,36,27,23,38,13,38,12,91,69,56,56,52],"gold":509,"neow_bonus":"HUNDRED_GOLD","is_prod":false,"is_daily":false,"chose_seed":false,"campfire_upgraded":2,"win_rate":0,"timestamp":1553843133,"path_taken":["M","?","?","$","?","R","?","M","T","M","M","$","M","M","R","BOSS","M","?","?","M","$","M","M","M","T","M","E","M","$","M","R","BOSS","M","?","?","BOSS"],"build_version":"2019-01-23","purchased_purges":0,"victory":true,"max_hp_per_floor":[75,75,75,75,75,75,75,75,75,75,75,75,75,75,75,75,75,75,81,86,86,86,86,86,86,86,86,86,86,86,86,86,86,91,91,91,91,91],"card_choices":[{"not_picked":["Sweeping Beam","Turbo"],"picked":"Self Repair","floor":1},{"not_picked":["Loop","Fusion"],"picked":"FTL","floor":7},{"not_picked":["Chaos","Cold Snap"],"picked":"Double Energy","floor":8},{"not_picked":["Steam","Consume"],"picked":"Capacitor","floor":10},{"not_picked":["Gash","Undo"],"picked":"Compile Driver","floor":11},{"not_picked":["Rebound","Gash"],"picked":"Coolheaded","floor":13},{"not_picked":["Barrage","Tempest"],"picked":"Defragment","floor":14},{"not_picked":["Rainbow","Meteor Strike"],"picked":"Machine Learning","floor":16},{"not_picked":["Gash+1","Steam Power"],"picked":"Redo","floor":18},{"not_picked":["Streamline+1","Darkness"],"picked":"Fusion+1","floor":21},{"not_picked":["Stack","Redo"],"picked":"Beam Cell","floor":23},{"not_picked":["Capacitor","Conserve Battery"],"picked":"Glacier+1","floor":24},{"not_picked":["Turbo","Steam"],"picked":"Chaos+1","floor":25},{"not_picked":["White Noise","Stack+1"],"picked":"Rainbow","floor":27},{"not_picked":["Ball Lightning+1","Gash"],"picked":"BootSequence","floor":28},{"not_picked":["Gash","Rebound"],"picked":"Leap","floor":29},{"not_picked":["Hologram","Ball Lightning"],"picked":"Conserve Battery","floor":31},{"not_picked":["Rainbow","Biased Cognition"],"picked":"Echo Form","floor":33},{"not_picked":["Coolheaded","Scrape"],"picked":"White Noise+1","floor":34},{"not_picked":["Coolheaded","Turbo+1"],"picked":"FTL+1","floor":35},{"not_picked":["Go for the Eyes","Turbo+1"],"picked":"Chaos+1","floor":36}],"player_experience":2538764,"relics_obtained":[{"floor":9,"key":"Pocketwatch"},{"floor":26,"key":"Potion Belt"},{"floor":28,"key":"Bottled Lightning"},{"floor":36,"key":"Bird Faced Urn"}],"event_choices":[{"cards_removed":["Strike_B"],"damage_healed":0,"gold_gain":0,"player_choice":"Card Removal","damage_taken":7,"max_hp_gain":0,"max_hp_loss":0,"event_name":"Golden Wing","floor":3,"gold_loss":0},{"damage_healed":0,"gold_gain":0,"player_choice":"Success","damage_taken":18,"relics_obtained":["Anchor"],"max_hp_gain":0,"max_hp_loss":0,"event_name":"Scrap Ooze","floor":5,"gold_loss":0},{"damage_healed":0,"gold_gain":0,"player_choice":"Opened","damage_taken":0,"relics_obtained":["Darkstone Periapt"],"max_hp_gain":0,"max_hp_loss":0,"event_name":"The Mausoleum","floor":19,"gold_loss":0,"cards_obtained":["Writhe"]},{"damage_healed":0,"gold_gain":0,"player_choice":"Shed Blood","damage_taken":20,"max_hp_gain":5,"max_hp_loss":0,"event_name":"Forgotten Altar","floor":20,"gold_loss":0},{"damage_healed":0,"gold_gain":0,"player_choice":"Fight","damage_taken":0,"max_hp_gain":0,"max_hp_loss":0,"event_name":"MindBloom","floor":36,"gold_loss":0},{"damage_healed":0,"gold_gain":0,"player_choice":"Took Portal","damage_taken":0,"max_hp_gain":0,"max_hp_loss":0,"event_name":"SecretPortal","floor":37,"gold_loss":0}],"is_beta":false,"boss_relics":[{"not_picked":["Eternal Feather","Ectoplasm"],"picked":"Inserter"},{"not_picked":["FrozenCore","Velvet Choker"],"picked":"Tiny House"}],"items_purged_floors":[],"is_endless":false,"potions_floor_spawned":[7,10,14,16,18,24,27,28,29,33],"ascension_level":0}