{"gold_per_floor":[112,126,126,201,48,82,82,102,102,119,151,151,186,201,201,305,305,317,336,336,355,355,355,389,402,402,427,427,459,459,459,459,459],"floor_reached":33,"playtime":2521,"items_purged":[],"score":379,"play_id":"50ef4e3d-10c6-4fbe-b131-09184779aa77","local_time":"20181228091758","is_ascension_mode":true,"campfire_choices":[{"floor":7.0,"key":"REST"},{"data":"Terror","floor":12.0,"key":"SMITH"},{"data":"Glass Knife","floor":15.0,"key":"SMITH"},{"floor":23,"key":"REST"},{"data":"1","floor":28,"key":"LIFT"},{"data":"2","floor":32,"key":"LIFT"}],"neow_cost":"NONE","seed_source_timestamp":0,"circlet_count":0,"master_deck":["Defend_G","Defend_G","Defend_G+1","Defend_G","Defend_G","Strike_G","Strike_G","Strike_G","Strike_G","Strike_G","Survivor+1","Neutralize","Leg Sweep","All Out Attack","Terror+1","Deflect","Crippling Poison","Noxious Fumes","Glass Knife+1","Dagger Spray","A Thousand Cuts","Decay","Parasite","Leg Sweep","Deflect","Escape Plan","Leg Sweep","Cloak And Dagger+1"],"special_seed":0,"relics":["Eternal Feather","Bag of Preparation","Meat on the Bone","Vajra","Smiling Mask","Mummified Hand","Calling Bell","Omamori","Letter Opener","Girya","Anchor","Tough Bandages","Darkstone Periapt","Red Mask","Incense Burner","Molten Egg 2"],"potions_floor_usage":[19,27,27,33],"damage_taken":[{"damage":0.0,"enemies":"Small Slimes","floor":1.0,"turns":4.0},{"damage":0.0,"enemies":"2 Louse","floor":2.0,"turns":4.0},{"damage":40.0,"enemies":"Gremlin Nob","floor":6.0,"turns":7.0},{"damage":0.0,"enemies":"Cultist","floor":8.0,"turns":2.0},{"damage":6.0,"enemies":"2 Fungi Beasts","floor":10.0,"turns":3.0},{"damage":7.0,"enemies":"Lagavulin","floor":11.0,"turns":9.0},{"damage":32.0,"enemies":"Gremlin Nob","floor":13.0,"turns":5.0},{"damage":4.0,"enemies":"Large Slime","floor":14.0,"turns":5.0},{"damage":10.0,"enemies":"Hexaghost","floor":16.0,"turns":9.0},{"damage":25,"enemies":"3 Byrds","floor":18,"turns":4},{"damage":9,"enemies":"2 Thieves","floor":19,"turns":3},{"damage":38,"enemies":"Snake Plant","floor":21,"turns":5},{"damage":41,"enemies":"Book of Stabbing","floor":24,"turns":7},{"damage":9,"enemies":"3 Cultists","floor":25,"turns":5},{"damage":0,"enemies":"Masked Bandits","floor":27,"turns":3},{"damage":23,"enemies":"Gremlin Leader","floor":29,"turns":5},{"damage":65,"enemies":"Automaton","floor":33,"turns":10}],"seed_played":"1654975061517040823","potions_obtained":[{"floor":6.0,"key":"Strength Potion"},{"floor":11.0,"key":"Ancient Potion"},{"floor":16.0,"key":"GhostInAJar"},{"floor":24,"key":"Ancient Potion"},{"floor":29,"key":"GhostInAJar"}],"is_trial":false,"path_per_floor":["M","M","?","?","$","E","R","M","T","M","E","R","E","M","R","B",null,"M","M","?","M","?","R","E","M","T","?","R","E","T","?","R","B"],"character_chosen":"THE_SILENT","items_purchased":["Bag of Preparation"],"campfire_rested":2,"item_purchase_floors":[5],"current_hp_per_floor":[70,70,56,45,45,5,35,47,47,41,46,55,35,43,55,45,64,39,42,42,16,16,52,23,26,26,38,53,42,42,42,57,0],"gold":459,"neow_bonus":"BOSS_RELIC","is_prod":false,"is_daily":false,"chose_seed":false,"campfire_upgraded":2,"win_rate":0,"timestamp":1546010278,"path_taken":["M","M","?","?","$","E","R","M","T","M","E","R","E","M","R","BOSS","M","M","?","M","?","R","E","M","T","?","R","E","?","?","R","BOSS"],"build_version":"2018-12-20","purchased_purges":0,"victory":false,"max_hp_per_floor":[70,70,70,70,70,70,70,70,70,70,70,70,70,70,70,70,70,70,70,70,70,70,70,70,70,70,70,70,70,70,70,70,70],"card_choices":[{"not_picked":["Deflect","Acrobatics"],"picked":"Leg Sweep","floor":1.0},{"not_picked":["Dodge and Roll","Finisher"],"picked":"All Out Attack","floor":2.0},{"not_picked":["Slice","Outmaneuver"],"picked":"Terror","floor":6.0},{"not_picked":["Endless Agony","PiercingWail"],"picked":"Deflect","floor":8.0},{"not_picked":["Predator","Quick Slash"],"picked":"Crippling Poison","floor":10.0},{"not_picked":["PiercingWail","Blur"],"picked":"Noxious Fumes","floor":11.0},{"not_picked":["Setup","Acrobatics"],"picked":"Glass Knife","floor":13.0},{"not_picked":["Crippling Poison","Finisher"],"picked":"Dagger Spray","floor":14.0},{"not_picked":["Night Terror","Bullet Time"],"picked":"A Thousand Cuts","floor":16.0},{"not_picked":["Flechettes+1","Poisoned Stab+1"],"picked":"Leg Sweep","floor":18},{"not_picked":["Expertise","Deadly Poison"],"picked":"Deflect","floor":19},{"not_picked":["Dagger Throw","Flying Knee"],"picked":"Escape Plan","floor":21},{"not_picked":["Distraction+1","Doppelganger"],"picked":"Leg Sweep","floor":24},{"not_picked":["Choke+1","Setup"],"picked":"Cloak And Dagger+1","floor":25},{"not_picked":["Setup","Deadly Poison+1","Flying Knee"],"picked":"SKIP","floor":29}],"player_experience":355268,"relics_obtained":[{"floor":6.0,"key":"Meat on the Bone"},{"floor":9.0,"key":"Vajra"},{"floor":11.0,"key":"Smiling Mask"},{"floor":13.0,"key":"Mummified Hand"},{"floor":17,"key":"Omamori"},{"floor":17,"key":"Letter Opener"},{"floor":17,"key":"Girya"},{"floor":24,"key":"Tough Bandages"},{"floor":26,"key":"Darkstone Periapt"},{"floor":27,"key":"Red Mask"},{"floor":29,"key":"Incense Burner"},{"floor":30,"key":"Molten Egg 2"}],"event_choices":[{"damage_healed":0.0,"max_hp_gain":0.0,"max_hp_loss":0.0,"gold_gain":0.0,"event_name":"Shining Light","player_choice":"Entered Light","floor":3.0,"gold_loss":0.0,"damage_taken":14.0,"cards_upgraded":["Survivor","Defend_G"]},{"damage_healed":0.0,"max_hp_gain":0.0,"max_hp_loss":0.0,"gold_gain":75.0,"event_name":"World of Goop","player_choice":"Gather Gold","floor":4.0,"gold_loss":0.0,"damage_taken":11.0},{"damage_healed":0,"gold_gain":0,"player_choice":"Opened","damage_taken":0,"relics_obtained":["Anchor"],"max_hp_gain":0,"max_hp_loss":0,"event_name":"The Mausoleum","floor":20,"gold_loss":0},{"cards_removed":["Regret"],"damage_healed":0,"gold_gain":0,"player_choice":"Elegance","damage_taken":0,"max_hp_gain":0,"max_hp_loss":0,"event_name":"Back to Basics","floor":22,"gold_loss":0},{"damage_healed":0,"gold_gain":0,"player_choice":"Fought Bandits","damage_taken":0,"max_hp_gain":0,"max_hp_loss":0,"event_name":"Masked Bandits","floor":27,"gold_loss":0},{"damage_healed":0,"gold_gain":0,"player_choice":"Ignored","damage_taken":0,"max_hp_gain":0,"max_hp_loss":0,"event_name":"Ghosts","floor":31,"gold_loss":0}],"is_beta":false,"boss_relics":[{"not_picked":["Tiny House","Coffee Dripper"],"picked":"Calling Bell"}],"items_purged_floors":[],"is_endless":false,"potions_floor_spawned":[6,11,16,24,29],"killed_by":"Automaton","ascension_level":5}