{"gold_per_floor":[116,127,52,52,52,52,70,70,94,94,94,94,94,120,120,215,215,225,242,253,153,153],"floor_reached":22,"playtime":714,"items_purged":["Strike_R","Strike_R"],"score":258,"play_id":"bf2ece5b-0e98-43e5-a19c-1830b9236ecd","local_time":"20180802211427","is_ascension_mode":true,"campfire_choices":[{"data":"Cleave","floor":6,"key":"SMITH"},{"data":"Rampage","floor":8,"key":"SMITH"},{"data":"Bash","floor":11,"key":"SMITH"},{"data":"Defend_R","floor":15,"key":"SMITH"}],"neow_cost":"","seed_source_timestamp":4059856150846650,"circlet_count":0,"master_deck":["Strike_R","Strike_R","Strike_R","Defend_R+1","Defend_R+1","Defend_R+1","Bash+1","AscendersBane","Cleave+1","Rampage+1","Twin Strike+1","Demon Form","Pommel Strike+1"],"relics":["Burning Blood","War Paint","Lantern","Odd Mushroom","Busted Crown"],"potions_floor_usage":[20,20,22],"damage_taken":[{"damage":3,"enemies":"2 Louse","floor":1,"turns":3},{"damage":6,"enemies":"Jaw Worm","floor":2,"turns":5},{"damage":3,"enemies":"Small Slimes","floor":7,"turns":3},{"damage":20,"floor":14,"turns":3},{"damage":48,"enemies":"Hexaghost","floor":16,"turns":8},{"damage":10,"enemies":"3 Byrds","floor":18,"turns":5},{"damage":25,"enemies":"Spheric Guardian","floor":19,"turns":4},{"damage":31,"enemies":"Slaver and Parasite","floor":20,"turns":4},{"damage":35,"floor":22,"turns":3}],"seed_played":"1999891263401200065","potions_obtained":[{"floor":14,"key":"SteroidPotion"},{"floor":19,"key":"Energy Potion"},{"floor":20,"key":"Energy Potion"}],"is_trial":false,"path_per_floor":["M","M","$","?","?","R","M","R","T","?","R","$","?","?","R","B",null,"M","M","M","$"],"character_chosen":"IRONCLAD","items_purchased":[],"campfire_rested":0,"item_purchase_floors":[],"current_hp_per_floor":[75,75,75,72,72,72,75,75,75,75,75,75,75,61,61,19,65,61,42,17,17,0],"gold":153,"neow_bonus":"","is_prod":false,"is_daily":false,"chose_seed":false,"campfire_upgraded":4,"win_rate":0,"timestamp":1533237267,"path_taken":["M","M","$","?","?","R","M","R","T","?","R","$","?","?","R","BOSS","M","M","M","$","?"],"build_version":"2018-07-26","purchased_purges":2,"victory":false,"max_hp_per_floor":[80,80,80,80,80,80,80,80,80,80,80,80,80,80,80,80,80,80,80,80,80,80],"card_choices":[{"not_picked":["Power Through","Pummel"],"picked":"Cleave","floor":1},{"not_picked":["Heavy Blade","Headbutt","Sword Boomerang"],"picked":"SKIP","floor":2},{"not_picked":["Shrug It Off","Cleave"],"picked":"Rampage","floor":7},{"not_picked":["Reaper","Dark Embrace"],"picked":"Demon Form","floor":16},{"not_picked":[],"picked":"Pommel Strike+1","floor":18},{"not_picked":["Clothesline"],"picked":"SKIP","floor":19},{"not_picked":["Heavy Blade"],"picked":"SKIP","floor":20}],"player_experience":432215,"relics_obtained":[{"floor":9,"key":"Lantern"},{"floor":14,"key":"Odd Mushroom"}],"event_choices":[{"event_name":"Scrap Ooze","player_choice":"success","floor":4,"damage_taken":3},{"event_name":"Living Wall","player_choice":"Forget","floor":5,"damage_taken":0},{"event_name":"Match and Keep!","player_choice":"1 cards matched","floor":10,"damage_taken":0},{"event_name":"Accursed Blacksmith","player_choice":"Forge","floor":13,"damage_taken":0},{"event_name":"Mushrooms","player_choice":"Fought Mushrooms","floor":14,"damage_taken":0},{"event_name":"Masked Bandits","player_choice":"Fought over 153 gold","floor":22,"damage_taken":0}],"is_beta":false,"boss_relics":[{"not_picked":["Snecko Eye","Black Star"],"picked":"Busted Crown"}],"items_purged_floors":[3,21],"is_endless":false,"potions_floor_spawned":[14,19,20],"ascension_level":10}