{"gold_per_floor":[119,119,134,148,38,70,81,81,81,81,81,0,0,0,0,73,73,92,92,92,92,106,106,138,153,180,180,200,100,100,60,60,134,134,153,153,165,180,180,180,192,192,239,239,239,239,253,253],"floor_reached":48,"playtime":9510,"items_purged":["Strike_B","Strike_B+1"],"score":783,"play_id":"ceed7267-73ab-403e-913a-27bdcd5735d7","local_time":"20190408220623","is_ascension_mode":true,"campfire_choices":[{"data":"Buffer","floor":8.0,"key":"SMITH"},{"data":"Dualcast","floor":10.0,"key":"SMITH"},{"data":"Zap","floor":15.0,"key":"SMITH"},{"floor":23.0,"key":"REST"},{"data":"Static Discharge","floor":30.0,"key":"SMITH"},{"data":"Thunder Strike","floor":32.0,"key":"SMITH"},{"data":"Capacitor","floor":40,"key":"SMITH"}],"neow_cost":"NONE","seed_source_timestamp":0,"circlet_count":0,"master_deck":["AscendersBane","Defend_B+1","Defend_B+1","Zap+1","Dualcast+1","Self Repair","Rip and Tear","Self Repair","FTL","Heatsinks","Buffer+1","Glacier","Static Discharge+1","Thunder Strike+1","Auto Shields","Turbo","Genetic Algorithm","Static Discharge+1","Ball Lightning","Capacitor+1","Reboot","Ball Lightning","Madness","Madness","Reinforced Body+1","Parasite","Magnetism","Panache"],"special_seed":0,"relics":["Cracked Core","Pen Nib","Bag of Preparation","Centennial Puzzle","Singing Bowl","Velvet Choker","Dodecahedron","DataDisk","Nuclear Battery","Bronze Scales"],"potions_floor_usage":[38],"damage_taken":[{"damage":2.0,"enemies":"Jaw Worm","floor":1.0,"turns":3.0},{"damage":1.0,"enemies":"Cultist","floor":3.0,"turns":3.0},{"damage":0.0,"enemies":"2 Louse","floor":4.0,"turns":1.0},{"damage":35.0,"enemies":"3 Sentries","floor":6.0,"turns":6.0},{"damage":6.0,"enemies":"Blue Slaver","floor":7.0,"turns":4.0},{"damage":5.0,"enemies":"The Guardian","floor":16.0,"turns":15.0},{"damage":30.0,"enemies":"2 Thieves","floor":18.0,"turns":4.0},{"damage":18.0,"enemies":"3 Byrds","floor":22.0,"turns":5.0},{"damage":30.0,"enemies":"Slavers","floor":24.0,"turns":4.0},{"damage":12.0,"enemies":"Cultist and Chosen","floor":25.0,"turns":6.0},{"damage":0.0,"enemies":"Snecko","floor":28.0,"turns":5.0},{"damage":53.0,"enemies":"Collector","floor":33.0,"turns":14.0},{"damage":0,"enemies":"Orb Walker","floor":35,"turns":5},{"damage":0,"enemies":"3 Shapes","floor":37,"turns":7},{"damage":28,"enemies":"Writhing Mass","floor":38,"turns":6},{"damage":40,"enemies":"Jaw Worm Horde","floor":41,"turns":6},{"damage":19,"enemies":"Transient","floor":47,"turns":5},{"damage":27,"enemies":"3 Darklings","floor":48,"turns":2}],"seed_played":"-6149306814992526998","potions_obtained":[{"floor":4.0,"key":"SmokeBomb"},{"floor":11.0,"key":"Poison Potion"},{"floor":11.0,"key":"AttackPotion"},{"floor":28.0,"key":"Dexterity Potion"},{"floor":38,"key":"LiquidBronze"}],"is_trial":false,"path_per_floor":["M","?","M","M","$","E","M","R","T","R","?","$","?","?","R","B",null,"M","?","$","?","M","R","E","M","T","?","M","$","R","$","R","B",null,"M","?","M","M","$","R","M","?","T","?","?","?","M","M"],"character_chosen":"DEFECT","items_purchased":["Heatsinks","Static Discharge","Capacitor"],"campfire_rested":1,"item_purchase_floors":[5,12,31],"current_hp_per_floor":[62,62,68,68,68,47,55,55,55,55,55,55,30,30,30,39,63,40,40,40,40,36,57,43,45,45,45,61,61,61,61,61,22,62,75,66,75,63,63,63,39,39,39,39,39,34,24,0],"gold":253,"neow_bonus":"RANDOM_COMMON_RELIC","is_prod":false,"is_daily":false,"chose_seed":false,"campfire_upgraded":6,"win_rate":0,"timestamp":1554775583,"path_taken":["M","?","M","?","$","E","?","R","T","R","?","?","?","?","R","BOSS","M","?","$","?","M","R","E","M","T","?","M","$","R","?","R","BOSS","M","?","M","M","$","R","M","?","T","?","?","?","M","M"],"build_version":"2019-01-23","purchased_purges":2,"victory":false,"max_hp_per_floor":[71,71,71,71,71,71,71,71,71,71,71,71,71,71,71,71,71,71,71,71,71,71,71,73,73,73,73,75,75,75,75,75,75,75,75,75,75,77,77,77,79,79,79,79,79,79,81,81],"card_choices":[{"not_picked":["Streamline","Storm"],"picked":"Self Repair","floor":1.0},{"not_picked":["Hologram","Coolheaded"],"picked":"Self Repair","floor":3.0},{"not_picked":["Leap","Steam Power"],"picked":"FTL","floor":4.0},{"not_picked":["Loop","Cold Snap"],"picked":"Buffer","floor":6.0},{"not_picked":["Leap","Rebound"],"picked":"Glacier","floor":7.0},{"not_picked":["Buffer","Seek"],"picked":"Thunder Strike","floor":16.0},{"not_picked":["Beam Cell","Compile Driver"],"picked":"Auto Shields","floor":18.0},{"not_picked":["Beam Cell","Rebound"],"picked":"Static Discharge","floor":22.0},{"not_picked":["Redo","Barrage","Coolheaded+1"],"picked":"Singing Bowl","floor":24.0},{"not_picked":["Redo","Capacitor"],"picked":"Ball Lightning","floor":25.0},{"not_picked":["Steam Power","Doom and Gloom","Tempest"],"picked":"Singing Bowl","floor":28.0},{"not_picked":["Rainbow","Seek"],"picked":"Reboot","floor":33.0},{"not_picked":["Compile Driver","Genetic Algorithm"],"picked":"Ball Lightning","floor":35},{"not_picked":["Aggregate+1","Ball Lightning+1"],"picked":"Reinforced Body+1","floor":37},{"not_picked":["Steam","Redo+1","Steam Power"],"picked":"Singing Bowl","floor":38},{"not_picked":["Sunder","Coolheaded","Steam"],"picked":"Singing Bowl","floor":41},{"not_picked":["Trip","Mind Blast"],"picked":"Magnetism","floor":46},{"not_picked":["Impatience","Forethought"],"picked":"Panache","floor":46},{"not_picked":["Rip and Tear+1","Hologram+1","Go for the Eyes"],"picked":"Singing Bowl","floor":47}],"player_experience":2616449,"relics_obtained":[{"floor":6.0,"key":"Bag of Preparation"},{"floor":9.0,"key":"Centennial Puzzle"},{"floor":24.0,"key":"Dodecahedron"},{"floor":26.0,"key":"DataDisk"},{"floor":43,"key":"Bronze Scales"}],"event_choices":[{"damage_healed":0.0,"max_hp_gain":0.0,"max_hp_loss":0.0,"gold_gain":0.0,"cards_transformed":["Strike_B"],"event_name":"Transmorgrifier","player_choice":"Transformed","floor":2.0,"gold_loss":0.0,"damage_taken":0.0,"cards_obtained":["Rip and Tear"]},{"damage_healed":0.0,"max_hp_gain":0.0,"max_hp_loss":0.0,"gold_gain":0.0,"event_name":"Lab","player_choice":"Got Potions","floor":11.0,"gold_loss":0.0,"damage_taken":0.0},{"damage_healed":0.0,"max_hp_gain":0.0,"max_hp_loss":0.0,"gold_gain":0.0,"event_name":"Scrap Ooze","player_choice":"Success","floor":13.0,"gold_loss":0.0,"damage_taken":25.0,"relics_obtained":["Singing Bowl"]},{"damage_healed":0.0,"max_hp_gain":0.0,"max_hp_loss":0.0,"gold_gain":0.0,"event_name":"Living Wall","player_choice":"Grow","floor":14.0,"gold_loss":0.0,"damage_taken":0.0,"cards_upgraded":["Static Discharge"]},{"damage_healed":0.0,"max_hp_gain":0.0,"max_hp_loss":0.0,"gold_gain":0.0,"cards_transformed":["Strike_B","Defend_B"],"event_name":"Drug Dealer","player_choice":"Became Test Subject","floor":19.0,"gold_loss":0.0,"damage_taken":0.0,"cards_obtained":["Turbo","Genetic Algorithm"]},{"damage_healed":0.0,"max_hp_gain":0.0,"max_hp_loss":0.0,"gold_gain":0.0,"event_name":"Back to Basics","player_choice":"Simplicity","floor":21.0,"gold_loss":0.0,"damage_taken":0.0,"cards_upgraded":["Strike_B","Defend_B","Defend_B","Defend_B"]},{"damage_healed":0.0,"max_hp_gain":0.0,"max_hp_loss":0.0,"gold_gain":0.0,"event_name":"Vampires","player_choice":"Ignored","floor":27.0,"gold_loss":0.0,"damage_taken":0.0},{"damage_healed":0,"gold_gain":0,"player_choice":"Embrace Madness","damage_taken":9,"max_hp_gain":0,"max_hp_loss":0,"event_name":"Winding Halls","floor":36,"gold_loss":0,"cards_obtained":["Madness","Madness"]},{"damage_healed":0,"gold_gain":0,"player_choice":"Ignored","damage_taken":0,"max_hp_gain":0,"max_hp_loss":0,"event_name":"Mysterious Sphere","floor":42,"gold_loss":0},{"damage_healed":0,"gold_gain":0,"player_choice":"Ignored","damage_taken":0,"max_hp_gain":0,"max_hp_loss":0,"event_name":"Tomb of Lord Red Mask","floor":44,"gold_loss":0},{"cards_removed":["Defend_B"],"damage_healed":0,"gold_gain":0,"player_choice":"Removed Skill","damage_taken":0,"max_hp_gain":0,"max_hp_loss":0,"event_name":"Falling","floor":45,"gold_loss":0},{"damage_healed":0,"gold_gain":0,"player_choice":"Memory 2","damage_taken":5,"max_hp_gain":0,"max_hp_loss":0,"event_name":"SensoryStone","floor":46,"gold_loss":0}],"is_beta":false,"boss_relics":[{"not_picked":["FrozenCore","White Beast Statue"],"picked":"Velvet Choker"},{"not_picked":["Coffee Dripper","Calling Bell"],"picked":"Nuclear Battery"}],"items_purged_floors":[5,29],"is_endless":false,"potions_floor_spawned":[4,28,35,38],"killed_by":"3 Darklings","ascension_level":14}