{"gold_per_floor":[112,128,128,145,70,70,98,50,75,94,94,110,127,27,27,130,130,145,145,156,31,31,31,47,47],"floor_reached":25,"playtime":1233,"items_purged":["Defend_R","Defend_R","Defend_R"],"score":308,"play_id":"dde1baee-ea93-4c6a-84b8-6d195c4a03f1","local_time":"20180727142206","is_ascension_mode":true,"campfire_choices":[{"data":"Rage","floor":6,"key":"SMITH"},{"data":"Rampage","floor":15,"key":"SMITH"},{"floor":23,"key":"REST"}],"neow_cost":"NONE","seed_source_timestamp":3516207924677815,"circlet_count":0,"master_deck":["Strike_R","Strike_R","Strike_R","Strike_R","Bash","AscendersBane","Rage+1","Rampage+1","Headbutt","Battle Trance","True Grit","Warcry","Barricade","Fiend Fire"],"relics":["Burning Blood","Vajra","Omamori","Happy Flower","Sozu"],"potions_floor_usage":[16,22],"damage_taken":[{"damage":15,"enemies":"Cultist","floor":1,"turns":5},{"damage":11,"enemies":"Jaw Worm","floor":2,"turns":6},{"damage":1,"enemies":"2 Louse","floor":4,"turns":3},{"damage":32,"enemies":"Gremlin Nob","floor":7,"turns":4},{"damage":7,"enemies":"Exordium Thugs","floor":10,"turns":4},{"damage":3,"enemies":"Blue Slaver","floor":12,"turns":3},{"damage":5,"enemies":"Exordium Wildlife","floor":13,"turns":4},{"damage":33,"enemies":"Slime Boss","floor":16,"turns":9},{"damage":39,"enemies":"2 Thieves","floor":18,"turns":4},{"damage":16,"enemies":"Shell Parasite","floor":20,"turns":4},{"damage":0,"enemies":"Chosen and Byrds","floor":22,"turns":1},{"damage":8,"enemies":"Sentry and Sphere","floor":24,"turns":6},{"damage":59,"enemies":"Gremlin Leader","floor":25,"turns":2}],"seed_played":"-5122369847292658529","potions_obtained":[{"floor":4,"key":"SmokeBomb"},{"floor":7,"key":"FairyPotion"},{"floor":10,"key":"Explosive Potion"}],"is_trial":false,"path_per_floor":["M","M","?","M","$","R","E","$","T","M","?","M","M","$","R","B",null,"M","?","M","$","M","R","M"],"character_chosen":"IRONCLAD","items_purchased":["True Grit"],"campfire_rested":1,"item_purchase_floors":[8],"current_hp_per_floor":[63,58,58,63,63,63,37,37,37,36,36,39,40,40,40,13,63,30,30,20,20,26,50,48,0],"gold":47,"neow_bonus":"REMOVE_CARD","is_prod":false,"is_daily":false,"chose_seed":false,"campfire_upgraded":2,"win_rate":0,"timestamp":1532694126,"path_taken":["M","M","?","M","$","R","E","?","T","M","?","M","M","$","R","BOSS","M","?","M","$","M","R","M","E"],"build_version":"2018-07-26","purchased_purges":3,"victory":false,"max_hp_per_floor":[80,80,80,80,80,80,80,80,80,80,80,80,80,80,80,80,80,80,80,80,80,80,80,80,80],"card_choices":[{"not_picked":["Body Slam","Sword Boomerang"],"picked":"Rage","floor":1},{"not_picked":["Sword Boomerang","Warcry"],"picked":"Rampage","floor":2},{"not_picked":["Hemokinesis","Anger"],"picked":"Headbutt","floor":4},{"not_picked":["Exhume","Heavy Blade"],"picked":"Battle Trance","floor":7},{"not_picked":["Hemokinesis","Feel No Pain","Anger"],"picked":"SKIP","floor":10},{"not_picked":["Reckless Charge","Perfected Strike","Armaments"],"picked":"SKIP","floor":12},{"not_picked":["Shrug It Off","Cleave"],"picked":"Warcry","floor":13},{"not_picked":["Limit Break","Reaper"],"picked":"Barricade","floor":16},{"not_picked":["Thunderclap","Havoc","Headbutt"],"picked":"SKIP","floor":18},{"not_picked":["Clothesline","True Grit"],"picked":"Fiend Fire","floor":20},{"not_picked":["Havoc","Perfected Strike","Flex"],"picked":"SKIP","floor":24}],"player_experience":390194,"relics_obtained":[{"floor":7,"key":"Vajra"},{"floor":9,"key":"Omamori"}],"event_choices":[{"event_name":"Living Wall","player_choice":"Forget","floor":3,"damage_taken":0},{"event_name":"WeMeetAgain","player_choice":"Potion","floor":11,"damage_taken":0},{"event_name":"The Mausoleum","player_choice":"No","floor":19,"damage_taken":0}],"is_beta":false,"boss_relics":[{"not_picked":["White Beast Statue","Astrolabe"],"picked":"Sozu"}],"items_purged_floors":[5,14,21],"is_endless":false,"potions_floor_spawned":[4,7,10,12,20,24],"killed_by":"Gremlin Leader","ascension_level":10}