{"gold_per_floor":[111,36,211,211,211,211,240,252,276,229,241,255,271,326,326,431,431,450,72,122,134,98,98,116,116,116,133,133,146,0,99,99,196,196,215,11,29,29,29],"floor_reached":39,"playtime":2932,"items_purged":["Strike_G","Defend_G"],"score":436,"play_id":"1451984d-8c91-4788-9108-1af19418e9f5","local_time":"20180922234521","is_ascension_mode":true,"campfire_choices":[{"floor":6,"key":"REST"},{"floor":15,"key":"REST"},{"floor":23,"key":"REST"},{"data":"Footwork","floor":25,"key":"SMITH"},{"floor":32,"key":"REST"}],"neow_cost":"PERCENT_DAMAGE","seed_source_timestamp":138055587968000,"circlet_count":0,"master_deck":["Defend_G+1","Defend_G+1","Defend_G","Defend_G","Survivor","Neutralize","Bane","Flying Knee","Concentrate","Dodge and Roll","All Out Attack","Deflect","Backflip","Backstab","After Image","Deadly Poison","Backflip","Caltrops","Footwork+1","PiercingWail","Flying Knee+1","Well Laid Plans","Envenom","Deadly Poison"],"relics":["Ring of the Snake","Lantern","Centennial Puzzle","Empty Cage","Gremlin Horn","Meat on the Bone","Eternal Feather","PrismaticShard"],"potions_floor_usage":[16,16,16,24,33,33,35,35],"damage_taken":[{"damage":0,"enemies":"Cultist","floor":1,"turns":4},{"damage":48,"enemies":"3 Sentries","floor":7,"turns":15},{"damage":0,"enemies":"Small Slimes","floor":8,"turns":4},{"damage":0,"enemies":"2 Louse","floor":11,"turns":2},{"damage":0,"enemies":"Exordium Wildlife","floor":12,"turns":5},{"damage":6,"enemies":"2 Fungi Beasts","floor":13,"turns":3},{"damage":14,"enemies":"Slime Boss","floor":16,"turns":12},{"damage":18,"enemies":"Spheric Guardian","floor":18,"turns":16},{"damage":8,"enemies":"Shell Parasite","floor":21,"turns":7},{"damage":19,"enemies":"3 Cultists","floor":24,"turns":7},{"damage":18,"enemies":"Chosen and Byrds","floor":27,"turns":9},{"damage":7,"enemies":"Snake Plant","floor":29,"turns":4},{"damage":24,"enemies":"Collector","floor":33,"turns":16},{"damage":13,"enemies":"3 Shapes","floor":35,"turns":9},{"damage":28,"enemies":"3 Darklings","floor":37,"turns":7},{"damage":53,"enemies":"Maw","floor":39,"turns":9}],"seed_played":"8335754193469109090","potions_obtained":[{"floor":8,"key":"EssenceOfSteel"},{"floor":11,"key":"Poison Potion"},{"floor":12,"key":"AttackPotion"},{"floor":21,"key":"EssenceOfSteel"},{"floor":28,"key":"SteroidPotion"},{"floor":28,"key":"Fire Potion"},{"floor":28,"key":"Energy Potion"},{"floor":29,"key":"Strength Potion"},{"floor":33,"key":"SpeedPotion"}],"is_trial":false,"path_per_floor":["M","$","?","?","?","R","E","M","T","?","M","M","M","?","R","B",null,"M","$","?","M","$","R","M","R","T","M","?","M","?","?","R","B",null,"M","$","M","$"],"character_chosen":"THE_SILENT","items_purchased":["Gremlin Horn","Backflip","Footwork","PrismaticShard"],"campfire_rested":4,"item_purchase_floors":[19,19,22,36],"current_hp_per_floor":[49,49,49,49,35,56,8,8,8,8,8,8,2,2,23,9,70,52,52,52,44,44,65,46,46,46,40,40,45,45,45,66,42,70,57,57,41,41,0],"gold":29,"neow_bonus":"TRANSFORM_TWO_CARDS","is_prod":false,"is_daily":false,"chose_seed":false,"campfire_upgraded":1,"win_rate":0,"timestamp":1537674321,"path_taken":["M","$","?","?","?","R","E","?","T","?","M","M","M","?","R","BOSS","M","$","?","M","$","R","M","R","T","M","?","M","?","?","R","BOSS","M","?","M","$","?"],"build_version":"2018-09-20","purchased_purges":2,"victory":false,"max_hp_per_floor":[70,70,70,70,70,70,70,70,70,70,70,70,70,70,70,70,70,70,70,70,70,70,70,70,70,70,70,70,70,70,70,70,70,70,70,70,70,70,70],"card_choices":[{"not_picked":["Backflip","Bane"],"picked":"Concentrate","floor":1},{"not_picked":["Outmaneuver","Well Laid Plans"],"picked":"Dodge and Roll","floor":7},{"not_picked":["Quick Slash","Deflect"],"picked":"All Out Attack","floor":8},{"not_picked":["Glass Knife","Choke"],"picked":"Deflect","floor":11},{"not_picked":["Bane","Riddle With Holes"],"picked":"Backflip","floor":12},{"not_picked":["Dagger Spray","Sucker Punch"],"picked":"Backstab","floor":13},{"not_picked":["Bullet Time","Night Terror"],"picked":"After Image","floor":16},{"not_picked":["Sucker Punch","Backflip"],"picked":"Deadly Poison","floor":18},{"not_picked":["Sucker Punch","Escape Plan"],"picked":"Caltrops","floor":21},{"not_picked":["Skewer","Finisher"],"picked":"PiercingWail","floor":24},{"not_picked":["Cloak And Dagger+1","Calculated Gamble"],"picked":"Flying Knee+1","floor":27},{"not_picked":["Poisoned Stab+1","Bane"],"picked":"Well Laid Plans","floor":29},{"not_picked":["Night Terror","Storm of Steel"],"picked":"Envenom","floor":33},{"not_picked":["Poisoned Stab","Blade Dance","Heel Hook"],"picked":"SKIP","floor":35},{"not_picked":["Backflip","Force Field"],"picked":"Deadly Poison","floor":37}],"player_experience":881850,"relics_obtained":[{"floor":7,"key":"Lantern"},{"floor":9,"key":"Centennial Puzzle"},{"floor":26,"key":"Meat on the Bone"}],"event_choices":[{"event_name":"Liars Game","player_choice":"agreed","floor":3,"damage_taken":0},{"event_name":"Living Wall","player_choice":"Forget","floor":4,"damage_taken":0},{"event_name":"Shining Light","player_choice":"Entered Light","floor":5,"damage_taken":0},{"event_name":"World of Goop","player_choice":"Left","floor":10,"damage_taken":0},{"event_name":"Golden Wing","player_choice":"Gained Gold","floor":14,"damage_taken":0},{"event_name":"The Joust","player_choice":"Bet on Murderer","floor":20,"damage_taken":0},{"event_name":"The Lab","player_choice":"Got Potions","floor":28,"damage_taken":0},{"event_name":"Masked Bandits","player_choice":"Paid Fearfully","floor":30,"damage_taken":0},{"event_name":"Nest","player_choice":"Stole From Cult","floor":31,"damage_taken":0}],"is_beta":false,"boss_relics":[{"not_picked":["Orrery","Snecko Eye"],"picked":"Empty Cage"},{"not_picked":["Pandora\u0027s Box","Tiny House"],"picked":"Eternal Feather"}],"items_purged_floors":[2,19],"is_endless":false,"potions_floor_spawned":[8,11,12,21,29,33],"killed_by":"Maw","ascension_level":3}