{"gold_per_floor":[114,129,48,61,81,81,99,99,99,99,99,114,155,178,178,268,268,292,567,588,613,633,633,652,652],"floor_reached":25,"playtime":1225,"items_purged":[],"score":443,"play_id":"e184b308-dc18-41b8-8487-5217847a2dca","local_time":"20190514121458","is_ascension_mode":true,"campfire_choices":[{"data":"Blood for Blood","floor":6,"key":"SMITH"},{"data":"True Grit","floor":11,"key":"SMITH"},{"floor":15,"key":"REST"},{"floor":23,"key":"REST"}],"neow_cost":"TEN_PERCENT_HP_LOSS","seed_source_timestamp":1619163972770642,"circlet_count":0,"master_deck":["AscendersBane","Strike_R","Strike_R","Strike_R","Strike_R","Defend_R","Defend_R","Defend_R","Bash","Feed","Limit Break","Cleave","Clash","Blood for Blood+1","Flame Barrier","Anger","True Grit+1","Hemokinesis","Shrug It Off","Immolate","Regret","Shrug It Off","Cleave+1"],"relics":["Burning Blood","Golden Idol","Singing Bowl","Blue Candle","Sozu"],"potions_floor_usage":[7,13,16,25],"damage_taken":[{"damage":12,"enemies":"Jaw Worm","floor":1,"turns":2},{"damage":0,"enemies":"Small Slimes","floor":2,"turns":2},{"damage":13,"enemies":"Cultist","floor":4,"turns":5},{"damage":13,"enemies":"Blue Slaver","floor":5,"turns":6},{"damage":6,"enemies":"Large Slime","floor":7,"turns":6},{"damage":0,"enemies":"Looter","floor":12,"turns":3},{"damage":11,"enemies":"Gremlin Nob","floor":13,"turns":3},{"damage":20,"enemies":"Lots of Slimes","floor":14,"turns":4},{"damage":68,"enemies":"Slime Boss","floor":16,"turns":13},{"damage":28,"enemies":"Spheric Guardian","floor":18,"turns":4},{"damage":18,"enemies":"3 Byrds","floor":20,"turns":3},{"damage":37,"enemies":"Centurion and Healer","floor":21,"turns":4},{"damage":10,"enemies":"Snake Plant","floor":22,"turns":2},{"damage":37,"enemies":"Snecko","floor":24,"turns":6},{"damage":19,"enemies":"Centurion and Healer","floor":25,"turns":4}],"seed_played":"-517193810034297441","potions_obtained":[{"floor":1,"key":"SkillPotion"},{"floor":2,"key":"FearPotion"},{"floor":12,"key":"BloodPotion"},{"floor":14,"key":"Weak Potion"}],"is_trial":false,"path_per_floor":["M","M","$","M","M","R","M","?","T","?","R","M","E","M","R","B",null,"M","?","M","M","M","R","M","M"],"character_chosen":"IRONCLAD","items_purchased":["Blood for Blood"],"campfire_rested":2,"item_purchase_floors":[3],"current_hp_per_floor":[65,74,74,70,66,66,69,69,69,62,62,71,68,57,84,34,79,59,59,47,21,19,49,18,0],"gold":652,"neow_bonus":"TRANSFORM_TWO_CARDS","is_prod":false,"is_daily":false,"chose_seed":false,"campfire_upgraded":2,"win_rate":0,"timestamp":1557845098,"path_taken":["M","M","$","M","M","R","M","?","T","?","R","M","E","M","R","BOSS","M","?","?","M","M","R","M","M"],"build_version":"2019-01-23","purchased_purges":0,"victory":false,"max_hp_per_floor":[71,74,74,77,80,80,83,83,83,83,83,86,88,91,91,94,94,96,96,96,101,103,103,103,103],"card_choices":[{"not_picked":["Bloodletting","Entrench"],"picked":"Cleave","floor":1},{"not_picked":["Thunderclap","Feel No Pain"],"picked":"Clash","floor":2},{"not_picked":["Perfected Strike","Cleave"],"picked":"Flame Barrier","floor":4},{"not_picked":["Shockwave","Perfected Strike"],"picked":"Anger","floor":5},{"not_picked":["Carnage","Warcry"],"picked":"True Grit","floor":7},{"not_picked":["Shrug It Off","Combust"],"picked":"Hemokinesis","floor":12},{"not_picked":["Reckless Charge","Demon Form","Twin Strike"],"picked":"Singing Bowl","floor":13},{"not_picked":["Wild Strike","True Grit"],"picked":"Shrug It Off","floor":14},{"not_picked":["Reaper","Juggernaut"],"picked":"Immolate","floor":16},{"not_picked":["Twin Strike","Clash","Armaments"],"picked":"Singing Bowl","floor":18},{"not_picked":["Dual Wield","Pummel"],"picked":"Shrug It Off","floor":20},{"not_picked":["True Grit","Cleave","Sword Boomerang"],"picked":"Singing Bowl","floor":21},{"not_picked":["Anger","Havoc","Intimidate"],"picked":"Singing Bowl","floor":22},{"not_picked":["Warcry","Fire Breathing"],"picked":"Cleave+1","floor":24}],"player_experience":1207766,"relics_obtained":[{"floor":9,"key":"Singing Bowl"},{"floor":13,"key":"Blue Candle"}],"event_choices":[{"damage_healed":0,"gold_gain":0,"player_choice":"Take Wound","damage_taken":0,"relics_obtained":["Golden Idol"],"max_hp_gain":0,"max_hp_loss":0,"event_name":"Golden Idol","floor":8,"gold_loss":0,"cards_obtained":["Injury"]},{"cards_removed":["Injury"],"damage_healed":0,"gold_gain":0,"player_choice":"Card Removal","damage_taken":7,"max_hp_gain":0,"max_hp_loss":0,"event_name":"Golden Wing","floor":10,"gold_loss":0},{"damage_healed":0,"gold_gain":275,"player_choice":"Desecrate","damage_taken":0,"max_hp_gain":0,"max_hp_loss":0,"event_name":"Golden Shrine","floor":19,"gold_loss":0,"cards_obtained":["Regret"]}],"is_beta":false,"boss_relics":[{"not_picked":["Velvet Choker","Eternal Feather"],"picked":"Sozu"}],"items_purged_floors":[],"is_endless":false,"potions_floor_spawned":[1,2,5,12,14,18,20],"killed_by":"Centurion and Healer","ascension_level":20}