{"gold_per_floor":[113,113,51,61,71,71,102,102,102,102,115,125,18,87,87,188,188,207,222,33,33,53,53],"floor_reached":23,"playtime":2848,"items_purged":[],"score":227,"play_id":"4574baef-d1fd-4f87-8810-86abfa57153c","local_time":"20190202132841","is_ascension_mode":true,"campfire_choices":[{"data":"Envenom","floor":6,"key":"SMITH"},{"floor":8,"key":"REST"},{"floor":15,"key":"REST"}],"neow_cost":"TEN_PERCENT_HP_LOSS","seed_source_timestamp":92057340382908,"circlet_count":0,"master_deck":["Defend_G","Defend_G","Defend_G","Defend_G","Defend_G","Strike_G","Strike_G","Strike_G","Strike_G","Strike_G","Survivor","Neutralize","Envenom+1","Dagger Spray","Regret","Skewer","Well Laid Plans","Riddle With Holes","Slice","Crippling Poison","Bouncing Flask","Prepared","Catalyst","Noxious Fumes","Tools of the Trade","Outmaneuver+1","Dodge and Roll+1","Backstab","Magnetism"],"relics":["Ring of the Snake","Kunai","Ancient Tea Set","Prayer Wheel","Bottled Tornado","Meat on the Bone","Eternal Feather"],"potions_floor_usage":[18,18,18],"damage_taken":[{"damage":5,"enemies":"Small Slimes","floor":1,"turns":4},{"damage":7,"enemies":"Jaw Worm","floor":4,"turns":5},{"damage":5,"enemies":"Cultist","floor":5,"turns":4},{"damage":16,"enemies":"Gremlin Nob","floor":7,"turns":4},{"damage":0,"enemies":"Exordium Wildlife","floor":11,"turns":2},{"damage":19,"enemies":"Exordium Thugs","floor":12,"turns":4},{"damage":7,"enemies":"Slime Boss","floor":16,"turns":8},{"damage":34,"enemies":"3 Byrds","floor":18,"turns":5},{"damage":14,"enemies":"Chosen","floor":19,"turns":4},{"damage":34,"enemies":"Colosseum Slavers","floor":22,"turns":5},{"damage":20,"enemies":"Book of Stabbing","floor":23,"turns":4}],"seed_played":"5387470112883656565","potions_obtained":[{"floor":5,"key":"Dexterity Potion"},{"floor":11,"key":"EssenceOfSteel"},{"floor":12,"key":"EssenceOfSteel"}],"is_trial":false,"path_per_floor":["M","?","?","M","M","R","E","R","T","?","M","M","$","T","R","B",null,"M","M","$","?","?","E"],"character_chosen":"THE_SILENT","items_purchased":["Catalyst","Noxious Fumes","Magnetism"],"campfire_rested":2,"item_purchase_floors":[13,13,20],"current_hp_per_floor":[58,58,58,51,46,46,30,48,48,48,48,29,29,29,47,40,63,41,39,39,39,17,0],"gold":53,"neow_bonus":"THREE_RARE_CARDS","is_prod":false,"is_daily":false,"chose_seed":false,"campfire_upgraded":1,"win_rate":0,"timestamp":1549132121,"path_taken":["M","?","?","M","?","R","E","R","T","?","M","M","?","?","R","BOSS","M","M","$","?","?","E"],"build_version":"2019-01-23","purchased_purges":0,"victory":false,"max_hp_per_floor":[63,63,63,63,63,63,63,63,63,63,63,63,63,63,63,63,63,63,63,63,63,63,63],"card_choices":[{"not_picked":["Doppelganger","Wraith Form v2"],"picked":"Envenom","floor":0},{"not_picked":["Quick Slash","Skewer"],"picked":"Dagger Spray","floor":1},{"not_picked":["Masterful Stab","Deadly Poison"],"picked":"Skewer","floor":4},{"not_picked":["Underhanded Strike","Predator"],"picked":"Well Laid Plans","floor":5},{"not_picked":["Glass Knife","Dagger Spray"],"picked":"Riddle With Holes","floor":7},{"not_picked":["Outmaneuver","Blade Dance"],"picked":"Slice","floor":11},{"not_picked":["Cloak And Dagger","Underhanded Strike"],"picked":"Crippling Poison","floor":11},{"not_picked":["Underhanded Strike","Bane"],"picked":"Bouncing Flask","floor":12},{"not_picked":["Underhanded Strike","Finisher"],"picked":"Prepared","floor":12},{"not_picked":["Storm of Steel","Grand Finale"],"picked":"Tools of the Trade","floor":16},{"not_picked":["Dodge and Roll","Heel Hook"],"picked":"Outmaneuver+1","floor":18},{"not_picked":["Blade Dance","Underhanded Strike","Skewer"],"picked":"SKIP","floor":18},{"not_picked":["Riddle With Holes","Bane"],"picked":"Dodge and Roll+1","floor":19},{"not_picked":["Eviscerate","Calculated Gamble"],"picked":"Backstab","floor":19}],"player_experience":2075587,"relics_obtained":[{"floor":7,"key":"Prayer Wheel"},{"floor":9,"key":"Bottled Tornado"},{"floor":14,"key":"Meat on the Bone"}],"event_choices":[{"damage_healed":0,"gold_gain":0,"player_choice":"Box","damage_taken":0,"relics_obtained":["Kunai"],"max_hp_gain":0,"max_hp_loss":0,"event_name":"Big Fish","floor":2,"gold_loss":0,"cards_obtained":["Regret"]},{"damage_healed":0,"gold_gain":0,"player_choice":"Paid Gold","damage_taken":0,"relics_obtained":["Ancient Tea Set"],"max_hp_gain":0,"max_hp_loss":0,"event_name":"WeMeetAgain","floor":3,"gold_loss":62},{"damage_healed":0,"gold_gain":0,"player_choice":"Bought 0 Potions","damage_taken":0,"max_hp_gain":0,"max_hp_loss":0,"event_name":"The Woman in Blue","floor":10,"gold_loss":0},{"damage_healed":0,"gold_gain":0,"player_choice":"Ignored","damage_taken":0,"max_hp_gain":0,"max_hp_loss":0,"event_name":"Ghosts","floor":21,"gold_loss":0},{"damage_healed":0,"gold_gain":0,"player_choice":"Fight","damage_taken":0,"max_hp_gain":0,"max_hp_loss":0,"event_name":"Colosseum","floor":22,"gold_loss":0},{"damage_healed":0,"gold_gain":0,"player_choice":"Fled From Nobs","damage_taken":0,"max_hp_gain":0,"max_hp_loss":0,"event_name":"Colosseum","floor":22,"gold_loss":0}],"is_beta":false,"boss_relics":[{"not_picked":["Tiny House","Busted Crown"],"picked":"Eternal Feather"}],"items_purged_floors":[],"is_endless":false,"potions_floor_spawned":[5,11,12,16,22],"killed_by":"Book of Stabbing","ascension_level":4}