{"gold_per_floor":[114,114,132,142,155,155,172,137,219,235,235,252,328,403,403,498,498,518,553,553,553,356,356,372,372,372,372,406,272,272,285,285,388,438,451,467,481,498,544,544,554,554,554,588,588,588,612,624,624,624],"floor_reached":50,"playtime":5334,"items_purged":[],"score":603,"play_id":"4ec54091-6d57-4b6f-943d-a934e902c6d4","local_time":"20190220185328","is_ascension_mode":true,"campfire_choices":[{"data":"1","floor":6,"key":"LIFT"},{"data":"2","floor":15,"key":"LIFT"},{"data":"3","floor":23,"key":"LIFT"},{"floor":25,"key":"REST"},{"data":"Glass Knife","floor":27,"key":"SMITH"},{"data":"Envenom","floor":30,"key":"SMITH"},{"data":"Bandage Up","floor":32,"key":"SMITH"},{"floor":40,"key":"REST"},{"floor":45,"key":"REST"},{"floor":49,"key":"REST"}],"neow_cost":"TEN_PERCENT_HP_LOSS","seed_source_timestamp":170450356975100,"circlet_count":0,"master_deck":["Defend_G","Defend_G","Defend_G","Defend_G","Strike_G","Strike_G","Strike_G","Survivor","Neutralize","Infinite Blades","Masterful Stab","Slice","Quick Slash","Glass Knife+1","PiercingWail","Acrobatics+1","Envenom+1","Flechettes+1","Riddle With Holes+1","Night Terror","Sadistic Nature","Prepared+1","Terror","Bandage Up+1","Skewer","Unload","Dodge and Roll+1","Riddle With Holes+1","Caltrops","Well Laid Plans","Caltrops","Magnetism","Magnetism","Dodge and Roll+1"],"relics":["Ring of the Snake","Girya","Singing Bowl","Thread and Needle","Bottled Lightning","Lizard Tail","Red Mask","MutagenicStrength","Nunchaku","Blood Vial","Tiny House","Ice Cream","Dodecahedron","Gremlin Horn","Bag of Marbles"],"potions_floor_usage":[16,19,19,19,19,19,19,28,33,33,35,38,41,44,50],"damage_taken":[{"damage":3,"enemies":"Jaw Worm","floor":1,"turns":3},{"damage":0,"enemies":"Small Slimes","floor":3,"turns":5},{"damage":0,"enemies":"2 Louse","floor":4,"turns":2},{"damage":4,"enemies":"Looter","floor":5,"turns":3},{"damage":7,"enemies":"3 Louse","floor":7,"turns":4},{"damage":13,"enemies":"Exordium Thugs","floor":10,"turns":3},{"damage":0,"enemies":"2 Fungi Beasts","floor":12,"turns":2},{"damage":18,"enemies":"Hexaghost","floor":16,"turns":12},{"damage":11,"enemies":"Shell Parasite","floor":18,"turns":5},{"damage":0,"enemies":"Masked Bandits","floor":19,"turns":3},{"damage":0,"enemies":"Chosen","floor":24,"turns":2},{"damage":1,"enemies":"Slavers","floor":28,"turns":5},{"damage":11,"enemies":"Centurion and Healer","floor":31,"turns":4},{"damage":61,"enemies":"Automaton","floor":33,"turns":8},{"damage":18,"enemies":"3 Shapes","floor":35,"turns":2},{"damage":0,"enemies":"Orb Walker","floor":36,"turns":2},{"damage":0,"enemies":"Transient","floor":37,"turns":5},{"damage":0,"enemies":"Jaw Worm Horde","floor":38,"turns":2},{"damage":45,"enemies":"2 Orb Walkers","floor":39,"turns":5},{"damage":14,"enemies":"Maw","floor":41,"turns":6},{"damage":45,"enemies":"Giant Head","floor":44,"turns":7},{"damage":4,"enemies":"4 Shapes","floor":48,"turns":4},{"damage":112,"enemies":"Time Eater","floor":50,"turns":10}],"seed_played":"-2182059852754910973","potions_obtained":[{"floor":1,"key":"EssenceOfSteel"},{"floor":7,"key":"EntropicBrew"},{"floor":10,"key":"Block Potion"},{"floor":18,"key":"Strength Potion"},{"floor":24,"key":"Energy Potion"},{"floor":33,"key":"Regen Potion"},{"floor":34,"key":"FairyPotion"},{"floor":35,"key":"Energy Potion"},{"floor":39,"key":"SkillPotion"},{"floor":41,"key":"Weak Potion"},{"floor":44,"key":"SmokeBomb"},{"floor":48,"key":"Ancient Potion"}],"is_trial":false,"path_per_floor":["M","?","M","M","M","R","M","?","T","M","?","M","T","?","R","B",null,"M","?","?","?","$","R","M","R","T","R","E","$","R","M","R","B",null,"M","M","M","M","?","R","M","?","T","E","R","?","T","M","R","B"],"character_chosen":"THE_SILENT","items_purchased":["Sadistic Nature","Bandage Up","Skewer"],"campfire_rested":4,"item_purchase_floors":[22,29,29],"current_hp_per_floor":[60,53,53,53,49,49,42,57,57,44,41,41,41,35,35,17,52,41,41,41,41,41,41,41,59,59,59,58,58,58,55,55,2,56,51,55,63,71,29,51,45,40,40,3,25,25,25,25,47,0],"gold":624,"neow_bonus":"ONE_RARE_RELIC","is_prod":false,"is_daily":false,"chose_seed":false,"campfire_upgraded":3,"win_rate":0,"timestamp":1550706808,"path_taken":["M","?","M","M","M","R","M","?","T","M","?","M","?","?","R","BOSS","M","?","?","?","$","R","M","R","T","R","E","$","R","M","R","BOSS","M","?","M","M","?","R","M","?","T","E","R","?","?","M","R","BOSS"],"build_version":"2019-01-23","purchased_purges":0,"victory":false,"max_hp_per_floor":[63,63,63,63,63,63,63,63,63,63,63,63,63,63,63,63,63,63,63,63,63,63,63,63,63,63,63,63,63,63,65,65,65,72,72,74,74,74,74,74,74,74,74,74,74,74,74,76,76,76],"card_choices":[{"not_picked":["Concentrate","Finisher"],"picked":"Infinite Blades","floor":1},{"not_picked":["Eviscerate","Deadly Poison"],"picked":"Masterful Stab","floor":3},{"not_picked":["Underhanded Strike","Poisoned Stab"],"picked":"Slice","floor":4},{"not_picked":["Expertise","Catalyst"],"picked":"Quick Slash","floor":5},{"not_picked":["Deadly Poison","Predator"],"picked":"Glass Knife","floor":7},{"not_picked":["Bane","Deadly Poison"],"picked":"PiercingWail","floor":10},{"not_picked":["Outmaneuver","Flying Knee"],"picked":"Acrobatics","floor":12},{"not_picked":["Malaise","Storm of Steel"],"picked":"Envenom","floor":16},{"not_picked":["Acrobatics","Calculated Gamble"],"picked":"Flechettes+1","floor":18},{"not_picked":["Skewer","Reflex"],"picked":"Riddle With Holes+1","floor":19},{"not_picked":["Dagger Throw+1","Acrobatics"],"picked":"Prepared+1","floor":24},{"not_picked":["Deadly Poison","Acrobatics"],"picked":"Terror","floor":28},{"not_picked":["Cloak And Dagger","Outmaneuver","Choke"],"picked":"Singing Bowl","floor":31},{"not_picked":["Venomology","Wraith Form v2"],"picked":"Unload","floor":33},{"not_picked":["Blade Dance","Underhanded Strike+1","Eviscerate+1"],"picked":"Singing Bowl","floor":34},{"not_picked":["Dagger Throw","Prepared"],"picked":"Dodge and Roll+1","floor":35},{"not_picked":["Quick Slash","Blade Dance","Cloak And Dagger"],"picked":"Singing Bowl","floor":36},{"not_picked":["Blade Dance+1","Dodge and Roll"],"picked":"Riddle With Holes+1","floor":37},{"not_picked":["Backflip","PiercingWail"],"picked":"Caltrops","floor":38},{"not_picked":["Skewer+1","Dagger Spray"],"picked":"Well Laid Plans","floor":39},{"not_picked":["Quick Slash+1","Bouncing Flask+1"],"picked":"Caltrops","floor":41},{"not_picked":["Master of Strategy","Impatience"],"picked":"Magnetism","floor":42},{"not_picked":["Secret Technique","PanicButton"],"picked":"Magnetism","floor":42},{"not_picked":["Deflect","Caltrops"],"picked":"Dodge and Roll+1","floor":44},{"not_picked":["Underhanded Strike+1","Prepared+1","Blade Dance"],"picked":"Singing Bowl","floor":48}],"player_experience":2189646,"relics_obtained":[{"floor":9,"key":"Singing Bowl"},{"floor":13,"key":"Bottled Lightning"},{"floor":19,"key":"Red Mask"},{"floor":26,"key":"Nunchaku"},{"floor":28,"key":"Blood Vial"},{"floor":39,"key":"Ice Cream"},{"floor":43,"key":"Dodecahedron"},{"floor":44,"key":"Gremlin Horn"},{"floor":47,"key":"Bag of Marbles"}],"event_choices":[{"cards_removed":["Strike_G"],"damage_healed":0,"gold_gain":0,"player_choice":"Card Removal","damage_taken":7,"max_hp_gain":0,"max_hp_loss":0,"event_name":"Golden Wing","floor":2,"gold_loss":0},{"damage_healed":15,"gold_gain":0,"player_choice":"Healed","damage_taken":0,"max_hp_gain":0,"max_hp_loss":0,"event_name":"The Cleric","floor":8,"gold_loss":35},{"damage_healed":0,"gold_gain":0,"player_choice":"Success","damage_taken":3,"relics_obtained":["Thread and Needle"],"max_hp_gain":0,"max_hp_loss":0,"event_name":"Scrap Ooze","floor":11,"gold_loss":0},{"damage_healed":0,"gold_gain":75,"player_choice":"Touch","damage_taken":6,"max_hp_gain":0,"max_hp_loss":0,"event_name":"FaceTrader","floor":14,"gold_loss":0},{"damage_healed":0,"gold_gain":0,"player_choice":"Fought Bandits","damage_taken":0,"max_hp_gain":0,"max_hp_loss":0,"event_name":"Masked Bandits","floor":19,"gold_loss":0},{"damage_healed":0,"gold_gain":0,"player_choice":"Inject Mutagens","damage_taken":0,"relics_obtained":["MutagenicStrength"],"max_hp_gain":0,"max_hp_loss":0,"event_name":"Drug Dealer","floor":20,"gold_loss":0},{"damage_healed":0,"gold_gain":0,"cards_transformed":["Strike_G"],"player_choice":"Transformed","damage_taken":0,"max_hp_gain":0,"max_hp_loss":0,"event_name":"Transmorgrifier","floor":21,"gold_loss":0,"cards_obtained":["Night Terror"]},{"damage_healed":0,"gold_gain":0,"player_choice":"Fight","damage_taken":0,"max_hp_gain":0,"max_hp_loss":0,"event_name":"Mysterious Sphere","floor":39,"gold_loss":0},{"damage_healed":0,"gold_gain":0,"player_choice":"Memory 2","damage_taken":5,"max_hp_gain":0,"max_hp_loss":0,"event_name":"SensoryStone","floor":42,"gold_loss":0},{"cards_removed":["Defend_G"],"damage_healed":0,"gold_gain":0,"player_choice":"Removed Skill","damage_taken":0,"max_hp_gain":0,"max_hp_loss":0,"event_name":"Falling","floor":46,"gold_loss":0}],"is_beta":false,"boss_relics":[{"not_picked":["Ectoplasm","HoveringKite"],"picked":"Lizard Tail"},{"not_picked":["Runic Dome","Velvet Choker"],"picked":"Tiny House"}],"items_purged_floors":[],"is_endless":false,"potions_floor_spawned":[1,7,10,18,24,33,35,39,41,44,48],"killed_by":"Time Eater","ascension_level":5}