{"gold_per_floor":[16,16,27,77,97,97,247,265,265,265,265,285,305,325,325,404,404,419,432,447,177,187,187,221,235,235,235,235],"floor_reached":28,"playtime":4830,"items_purged":[],"score":421,"play_id":"f2c5085e-5831-4ab6-b634-3214df0d5336","local_time":"20190505222120","is_ascension_mode":true,"campfire_choices":[{"data":"Dualcast","floor":6.0,"key":"SMITH"},{"data":"Zap","floor":15.0,"key":"SMITH"},{"floor":23.0,"key":"REST"},{"floor":27.0,"key":"REST"}],"neow_cost":"NO_GOLD","seed_source_timestamp":0,"circlet_count":0,"master_deck":["AscendersBane","Strike_B","Strike_B","Strike_B","Defend_B","Defend_B","Defend_B","Defend_B","Zap+1","Dualcast+1","Melter","Leap","Chill","Defragment+1","Biased Cognition+1","Biased Cognition+1","Capacitor+1","Hello World+1","Conserve Battery","Heatsinks+1","Force Field"],"special_seed":0,"relics":["Cracked Core","Matryoshka","Frozen Egg 2","Empty Cage","Mummified Hand","Dodecahedron","Smiling Mask","Emotion Chip"],"potions_floor_usage":[28],"damage_taken":[{"damage":7.0,"enemies":"Small Slimes","floor":1.0,"turns":3.0},{"damage":4.0,"enemies":"Jaw Worm","floor":3.0,"turns":3.0},{"damage":0.0,"enemies":"Cultist","floor":5.0,"turns":4.0},{"damage":7.0,"enemies":"Large Slime","floor":8.0,"turns":4.0},{"damage":3.0,"enemies":"3 Louse","floor":12.0,"turns":4.0},{"damage":2.0,"enemies":"Blue Slaver","floor":13.0,"turns":3.0},{"damage":4.0,"enemies":"Looter","floor":14.0,"turns":4.0},{"damage":42.0,"enemies":"Slime Boss","floor":16.0,"turns":7.0},{"damage":2.0,"enemies":"3 Byrds","floor":18.0,"turns":3.0},{"damage":13.0,"enemies":"Shell Parasite","floor":19.0,"turns":7.0},{"damage":21.0,"enemies":"Centurion and Healer","floor":20.0,"turns":7.0},{"damage":19.0,"enemies":"Snecko","floor":22.0,"turns":5.0},{"damage":28.0,"enemies":"Book of Stabbing","floor":24.0,"turns":7.0},{"damage":0.0,"enemies":"3 Cultists","floor":25.0,"turns":4.0},{"damage":42,"enemies":"Gremlin Leader","floor":28,"turns":7}],"seed_played":"3364865336499543468","potions_obtained":[{"floor":1.0,"key":"FairyPotion"},{"floor":13.0,"key":"LiquidBronze"},{"floor":14.0,"key":"EssenceOfSteel"},{"floor":18.0,"key":"Weak Potion"},{"floor":19.0,"key":"LiquidBronze"},{"floor":20.0,"key":"Explosive Potion"},{"floor":25.0,"key":"Dexterity Potion"}],"is_trial":false,"path_per_floor":["M","?","M","?","M","R","?","M","T","?","?","M","M","M","R","B",null,"M","M","M","$","M","R","E","M","T","R","E"],"character_chosen":"DEFECT","items_purchased":["Mummified Hand"],"campfire_rested":2,"item_purchase_floors":[21],"current_hp_per_floor":[71,71,67,59,59,59,59,52,52,52,52,49,47,43,43,1,64,62,49,28,28,9,34,6,6,6,31,0],"gold":235,"neow_bonus":"TWENTY_PERCENT_HP_BONUS","is_prod":false,"is_daily":false,"chose_seed":false,"campfire_upgraded":2,"win_rate":0,"timestamp":1557109280,"path_taken":["M","?","M","?","?","R","?","M","T","?","?","M","?","M","R","BOSS","M","M","M","$","M","R","E","M","T","R","E"],"build_version":"2019-01-23","purchased_purges":0,"victory":false,"max_hp_per_floor":[85,85,85,85,85,85,85,85,85,85,85,85,85,85,85,85,85,85,85,85,85,85,85,85,85,85,85,85],"card_choices":[{"not_picked":["Tempest","Go for the Eyes"],"picked":"Melter","floor":1.0},{"not_picked":["Beam Cell","Cold Snap"],"picked":"Leap","floor":3.0},{"not_picked":["Consume","Recycle"],"picked":"Chill","floor":5.0},{"not_picked":["Turbo","Streamline","Rebound"],"picked":"SKIP","floor":8.0},{"not_picked":["Double Energy","Scrape"],"picked":"Defragment+1","floor":12.0},{"not_picked":["Consume","Turbo","Stack"],"picked":"SKIP","floor":13.0},{"not_picked":["Hologram","Melter"],"picked":"Biased Cognition+1","floor":14.0},{"not_picked":["Buffer+1","Reboot"],"picked":"Biased Cognition+1","floor":16.0},{"not_picked":["Barrage","Conserve Battery"],"picked":"Capacitor+1","floor":18.0},{"not_picked":["Stack","Melter"],"picked":"Hello World+1","floor":19.0},{"not_picked":["Barrage","Steam"],"picked":"Conserve Battery","floor":20.0},{"not_picked":["Scrape","Gash","Sunder"],"picked":"SKIP","floor":22.0},{"not_picked":["Turbo","Go for the Eyes"],"picked":"Heatsinks+1","floor":24.0},{"not_picked":["Meteor Strike","Capacitor+1"],"picked":"Force Field","floor":25.0}],"player_experience":2894228,"relics_obtained":[{"floor":9.0,"key":"Matryoshka"},{"floor":24.0,"key":"Dodecahedron"},{"floor":26.0,"key":"Smiling Mask"},{"floor":26.0,"key":"Emotion Chip"}],"event_choices":[{"damage_healed":0.0,"max_hp_gain":0.0,"max_hp_loss":0.0,"gold_gain":0.0,"event_name":"Shining Light","player_choice":"Ignored","floor":2.0,"gold_loss":0.0,"damage_taken":0.0},{"damage_healed":0.0,"max_hp_gain":0.0,"max_hp_loss":0.0,"gold_gain":50.0,"event_name":"FaceTrader","player_choice":"Touch","floor":4.0,"gold_loss":0.0,"damage_taken":8.0},{"damage_healed":0.0,"max_hp_gain":0.0,"max_hp_loss":0.0,"gold_gain":150.0,"event_name":"Liars Game","player_choice":"AGREE","floor":7.0,"gold_loss":0.0,"damage_taken":0.0,"cards_obtained":["Doubt"]},{"cards_removed":["Doubt"],"damage_healed":0.0,"max_hp_gain":0.0,"max_hp_loss":0.0,"gold_gain":0.0,"event_name":"Living Wall","player_choice":"Forget","floor":10.0,"gold_loss":0.0,"damage_taken":0.0},{"damage_healed":0.0,"max_hp_gain":0.0,"max_hp_loss":0.0,"gold_gain":0.0,"event_name":"Big Fish","player_choice":"Box","floor":11.0,"gold_loss":0.0,"damage_taken":0.0,"relics_obtained":["Frozen Egg 2"],"cards_obtained":["Regret"]}],"is_beta":false,"boss_relics":[{"not_picked":["Lizard Tail","Velvet Choker"],"picked":"Empty Cage"}],"items_purged_floors":[],"is_endless":false,"potions_floor_spawned":[1,13,14,18,19,20,25],"killed_by":"Gremlin Leader","ascension_level":16}