{"path_per_floor":["M","?","?","M","?","R","?","M","T","R","M","R","?","M","R","B",null,"M","?","M"],"character_chosen":"THE_SILENT","items_purchased":[],"gold_per_floor":[111,111,111,131,131,131,81,96,96,96,116,116,116,129,129,253,253,267,267,292,292],"floor_reached":21,"campfire_rested":2,"playtime":1083,"item_purchase_floors":[],"current_hp_per_floor":[63,63,56,56,56,65,65,65,65,65,65,65,52,52,65,65,65,63,63,30,0],"items_purged":[],"gold":292,"score":285,"play_id":"df74c6c2-60a8-42ef-a809-0fbcbb3feb15","local_time":"20180609024629","is_prod":false,"is_daily":false,"chose_seed":false,"is_ascension_mode":true,"campfire_upgraded":2,"win_rate":0,"timestamp":1528505189,"campfire_choices":[{"floor":6,"key":"REST"},{"data":"Cloak And Dagger","floor":10,"key":"SMITH"},{"data":"Blur","floor":12,"key":"SMITH"},{"floor":15,"key":"REST"}],"path_taken":["M","?","?","?","?","R","?","?","T","R","M","R","?","M","R","BOSS","M","?","M","M"],"build_version":"2018-06-07v3","seed_source_timestamp":2004411442154816,"purchased_purges":0,"victory":false,"master_deck":["Defend_G","Defend_G","Defend_G","Defend_G","Strike_G","Strike_G+1","Strike_G","Strike_G+1","Survivor","Neutralize+1","Cloak And Dagger+1","Blur","Blur+1","Prepared","A Thousand Cuts","Bouncing Flask+1","Acrobatics"],"max_hp_per_floor":[70,65,65,65,65,65,65,65,65,65,65,65,65,65,65,65,65,65,65,65,65],"relics":["Ring of the Snake","Golden Idol","Dodecahedron","Kunai","Philosopher\u0027s Stone"],"card_choices":[{"not_picked":["Flying Knee","Outmaneuver"],"picked":"Cloak And Dagger","floor":1},{"not_picked":["Deadly Poison","Sucker Punch","Endless Agony"],"picked":"SKIP","floor":4},{"not_picked":["Quick Slash","Crippling Poison"],"picked":"Blur","floor":8},{"not_picked":["Expertise","Cloak And Dagger"],"picked":"Blur","floor":11},{"not_picked":["Dagger Throw","Heel Hook"],"picked":"Prepared","floor":14},{"not_picked":["Venomology","Bullet Time"],"picked":"A Thousand Cuts","floor":16},{"not_picked":["Deadly Poison","Bane"],"picked":"Bouncing Flask+1","floor":18},{"not_picked":["Poisoned Stab","Flying Knee"],"picked":"Acrobatics","floor":20}],"player_experience":269986,"potions_floor_usage":[20,21],"damage_taken":[{"damage":0,"enemies":"Jaw Worm","floor":1,"turns":5},{"damage":0,"enemies":"2 Louse","floor":4,"turns":2},{"damage":0,"enemies":"Small Slimes","floor":8,"turns":4},{"damage":0,"enemies":"Red Slaver","floor":11,"turns":4},{"damage":0,"enemies":"2 Fungi Beasts","floor":14,"turns":4},{"damage":0,"enemies":"The Guardian","floor":16,"turns":21},{"damage":2,"enemies":"Spheric Guardian","floor":18,"turns":4},{"damage":33,"enemies":"3 Byrds","floor":20,"turns":4},{"damage":30,"enemies":"Centurion and Healer","floor":21,"turns":7}],"relics_obtained":[{"floor":9,"key":"Kunai"}],"event_choices":[{"event_name":"Golden Idol","player_choice":"Lose Max HP","floor":2,"damage_taken":0},{"event_name":"Scrap Ooze","player_choice":"success","floor":3,"damage_taken":7},{"event_name":"Accursed Blacksmith","player_choice":"Forge","floor":5,"damage_taken":0},{"event_name":"The Cleric","player_choice":"Card Removal","floor":7,"damage_taken":0},{"event_name":"Shining Light","player_choice":"Entered Light","floor":13,"damage_taken":0},{"event_name":"Drug Dealer","player_choice":"Ignored","floor":19,"damage_taken":0}],"boss_relics":[{"not_picked":["Astrolabe","Runic Pyramid"],"picked":"Philosopher\u0027s Stone"}],"items_purged_floors":[],"potions_floor_spawned":[1,16],"seed_played":"9168878285278415973","killed_by":"Centurion and Healer","ascension_level":6,"potions_obtained":[{"floor":1,"key":"Poison Potion"},{"floor":16,"key":"SteroidPotion"}],"is_trial":false}