{"gold_per_floor":[219,9,284,299,310,335,69,100,123,123,48,48,198,236,236,236],"floor_reached":16,"playtime":699,"items_purged":["Regret"],"score":180,"play_id":"41f568ed-1a93-459e-b047-af8e1c5bd24c","local_time":"20190503223342","is_ascension_mode":true,"campfire_choices":[{"floor":10,"key":"REST"},{"floor":15,"key":"REST"}],"neow_cost":"NONE","seed_source_timestamp":1472362258440900,"circlet_count":0,"master_deck":["AscendersBane","Strike_B","Strike_B","Strike_B","Defend_B","Defend_B","Defend_B","Defend_B","Zap","Dualcast","Glacier","Panache","Static Discharge","Gash","Double Energy","HandOfGreed","Defragment","Doubt","Hologram"],"relics":["Cracked Core","PreservedInsect","Smiling Mask"],"potions_floor_usage":[6,14],"damage_taken":[{"damage":2,"enemies":"2 Louse","floor":1,"turns":2},{"damage":2,"enemies":"Cultist","floor":4,"turns":4},{"damage":8,"enemies":"Small Slimes","floor":5,"turns":4},{"damage":34,"enemies":"Lagavulin","floor":6,"turns":10},{"damage":2,"enemies":"2 Fungi Beasts","floor":8,"turns":4},{"damage":12,"enemies":"Large Slime","floor":14,"turns":6},{"damage":50,"enemies":"The Guardian","floor":16,"turns":13}],"seed_played":"6678372873773446880","potions_obtained":[{"floor":4,"key":"Energy Potion"},{"floor":6,"key":"SkillPotion"}],"is_trial":false,"path_per_floor":["M","$","?","M","M","E","$","M","T","R","?","?","?","M","R","B"],"character_chosen":"DEFECT","items_purchased":["Panache","HandOfGreed"],"campfire_rested":2,"item_purchase_floors":[2,7],"current_hp_per_floor":[62,62,62,60,52,18,18,16,16,37,37,37,37,25,46,0],"gold":236,"neow_bonus":"HUNDRED_GOLD","is_prod":false,"is_daily":false,"chose_seed":false,"campfire_upgraded":0,"win_rate":0,"timestamp":1556937222,"path_taken":["M","$","?","M","M","E","$","?","T","R","?","?","?","M","R","BOSS"],"build_version":"2019-01-23","purchased_purges":1,"victory":false,"max_hp_per_floor":[71,71,71,71,71,71,71,71,71,71,71,71,71,71,71,71],"card_choices":[{"not_picked":["Leap","Coolheaded"],"picked":"Glacier","floor":1},{"not_picked":["Melter","Redo"],"picked":"Static Discharge","floor":4},{"not_picked":["Heatsinks","Consume"],"picked":"Gash","floor":5},{"not_picked":["Lockon","Undo"],"picked":"Double Energy","floor":6},{"not_picked":["Auto Shields","Compile Driver"],"picked":"Defragment","floor":8},{"not_picked":["Auto Shields","Chill"],"picked":"Hologram","floor":14}],"player_experience":2884025,"relics_obtained":[{"floor":6,"key":"PreservedInsect"},{"floor":9,"key":"Smiling Mask"}],"event_choices":[{"damage_healed":0,"gold_gain":275,"player_choice":"Desecrate","damage_taken":0,"max_hp_gain":0,"max_hp_loss":0,"event_name":"Golden Shrine","floor":3,"gold_loss":0,"cards_obtained":["Regret"]},{"cards_removed":["Strike_B"],"damage_healed":0,"gold_gain":0,"player_choice":"Card Removal","damage_taken":0,"max_hp_gain":0,"max_hp_loss":0,"event_name":"The Cleric","floor":11,"gold_loss":75},{"damage_healed":0,"gold_gain":0,"player_choice":"Ignored","damage_taken":0,"max_hp_gain":0,"max_hp_loss":0,"event_name":"Shining Light","floor":12,"gold_loss":0},{"damage_healed":0,"gold_gain":150,"player_choice":"AGREE","damage_taken":0,"max_hp_gain":0,"max_hp_loss":0,"event_name":"Liars Game","floor":13,"gold_loss":0,"cards_obtained":["Doubt"]}],"is_beta":false,"boss_relics":[],"items_purged_floors":[7],"is_endless":false,"potions_floor_spawned":[4,6],"killed_by":"The Guardian","ascension_level":16}