{"path_per_floor":["M","M","?","M","M","E","?","M","T"],"character_chosen":"IRONCLAD","items_purchased":[],"gold_per_floor":[111,131,131,141,153,182,247,265,265,265],"floor_reached":10,"campfire_rested":0,"playtime":840,"item_purchase_floors":[],"current_hp_per_floor":[80,71,71,76,75,29,11,9,9,0],"items_purged":[],"gold":265,"score":70,"play_id":"2321f5d6-872b-4129-bdba-158063eb7f59","local_time":"20180622224735","is_prod":false,"is_daily":false,"chose_seed":false,"is_ascension_mode":false,"campfire_upgraded":0,"win_rate":0.0,"timestamp":1529722055,"campfire_choices":[],"path_taken":["M","M","?","M","M","E","?","M","T","M"],"build_version":"2018-06-21","seed_source_timestamp":67362926824705,"purchased_purges":0,"circlet_count":0,"victory":false,"master_deck":["Strike_R","Strike_R","Strike_R","Strike_R","Strike_R","Defend_R","Defend_R","Defend_R","Defend_R","Bash","Double Tap","Thunderclap","Battle Trance","Regret","Iron Wave","Uppercut","Iron Wave","Clothesline","Intimidate"],"max_hp_per_floor":[80,80,80,80,80,80,80,85,85,85],"relics":["Burning Blood","Gremlin Horn","Centennial Puzzle","Kunai","Bottled Lightning"],"card_choices":[{"not_picked":["Corruption","Heavy Blade"],"picked":"Thunderclap","floor":1},{"not_picked":["Spot Weakness","Clash"],"picked":"Battle Trance","floor":2},{"not_picked":["Headbutt","Corruption"],"picked":"Iron Wave","floor":4},{"not_picked":["Shockwave","Headbutt"],"picked":"Uppercut","floor":5},{"not_picked":["True Grit","Heavy Blade"],"picked":"Iron Wave","floor":6},{"not_picked":["Burning Pact","Headbutt"],"picked":"Clothesline","floor":7},{"not_picked":["Clash","Thunderclap"],"picked":"Intimidate","floor":8}],"player_experience":29578,"potions_floor_usage":[7,8,8],"damage_taken":[{"damage":0,"enemies":"Small Slimes","floor":1,"turns":5},{"damage":15,"enemies":"Jaw Worm","floor":2,"turns":5},{"damage":1,"enemies":"Cultist","floor":4,"turns":3},{"damage":7,"enemies":"Looter","floor":5,"turns":5},{"damage":52,"enemies":"Gremlin Nob","floor":6,"turns":6},{"damage":24,"enemies":"Gremlin Nob","floor":7,"turns":5},{"damage":13,"enemies":"2 Fungi Beasts","floor":8,"turns":3},{"damage":9,"enemies":"3 Louse","floor":10,"turns":1}],"relics_obtained":[{"floor":6,"key":"Centennial Puzzle"},{"floor":7,"key":"Kunai"},{"floor":9,"key":"Bottled Lightning"}],"event_choices":[{"event_name":"Big Fish","player_choice":"Box","floor":3,"damage_taken":0},{"event_name":"Dead Adventurer","player_choice":"Searched \u00273\u0027 times","floor":7,"damage_taken":0}],"boss_relics":[],"items_purged_floors":[],"is_endless":false,"potions_floor_spawned":[1,2,4,6],"seed_played":"-6738362790709500948","killed_by":"3 Louse","ascension_level":0,"potions_obtained":[{"floor":1,"key":"Fruit Juice"},{"floor":2,"key":"Fire Potion"},{"floor":4,"key":"FearPotion"},{"floor":6,"key":"Dexterity Potion"}],"is_trial":false}