{"gold_per_floor":[112,126,201,201,50,50,61,91,115,125,155,56,71,105,105,205,205,218,218,218,143,198,198,181,181],"floor_reached":25,"playtime":2999,"items_purged":["Strike_G"],"score":351,"play_id":"b8b510c3-af5d-4969-af24-b368296f9e04","local_time":"20181220213132","is_ascension_mode":true,"campfire_choices":[{"data":"Neutralize","floor":6.0,"key":"SMITH"},{"floor":15.0,"key":"DIG"},{"floor":23.0,"key":"DIG"}],"neow_cost":"NONE","seed_source_timestamp":803792223151334,"circlet_count":0,"master_deck":["AscendersBane","Defend_G","Defend_G","Defend_G","Defend_G","Defend_G","Strike_G","Strike_G","Survivor","Neutralize+1","Slice","Infinite Blades","Cloak And Dagger","Footwork","Blur","Dodge and Roll","Quick Slash","Deadly Poison","Cloak And Dagger","Backflip","Slice","Accuracy","Glass Knife","Deflect+1","Backflip+1"],"special_seed":0,"relics":["Ring of the Snake","Oddly Smooth Stone","Dodecahedron","Pen Nib","Shovel","Meat on the Bone","Empty Cage","Nilry\u0027s Codex","Strawberry","Bag of Marbles"],"potions_floor_usage":[24,25],"damage_taken":[{"damage":4.0,"enemies":"2 Louse","floor":1.0,"turns":4.0},{"damage":0.0,"enemies":"Jaw Worm","floor":2.0,"turns":4.0},{"damage":0.0,"enemies":"Small Slimes","floor":7.0,"turns":5.0},{"damage":10.0,"enemies":"3 Sentries","floor":8.0,"turns":12.0},{"damage":1.0,"enemies":"Looter","floor":10.0,"turns":4.0},{"damage":0.0,"enemies":"2 Fungi Beasts","floor":13.0,"turns":4.0},{"damage":0.0,"enemies":"Lagavulin","floor":14.0,"turns":8.0},{"damage":2.0,"enemies":"Hexaghost","floor":16.0,"turns":12.0},{"damage":8.0,"enemies":"3 Byrds","floor":18.0,"turns":7.0},{"damage":8,"enemies":"2 Thieves","floor":24,"turns":4},{"damage":49,"enemies":"Gremlin Leader","floor":25,"turns":10}],"seed_played":"7698555875302354929","potions_obtained":[{"floor":2.0,"key":"GhostInAJar"},{"floor":8.0,"key":"Strength Potion"},{"floor":10.0,"key":"GhostInAJar"}],"is_trial":false,"path_per_floor":["M","M","?","?","$","R","M","E","T","M","?","$","M","E","R","B",null,"M","?","?","$","T","R","M","E"],"character_chosen":"THE_SILENT","items_purchased":["Footwork","Blur","Cloak And Dagger","Backflip"],"campfire_rested":0,"item_purchase_floors":[5,5,12,12],"current_hp_per_floor":[59,59,48,45,45,45,45,35,35,34,34,34,34,34,34,44,64,56,40,40,40,47,47,39,0],"gold":181,"neow_bonus":"THREE_CARDS","is_prod":false,"is_daily":false,"chose_seed":false,"campfire_upgraded":1,"win_rate":0,"timestamp":1545370292,"path_taken":["M","M","?","?","$","R","M","E","T","M","?","$","M","E","R","BOSS","M","?","?","$","?","R","M","E"],"build_version":"2018-12-20","purchased_purges":1,"victory":false,"max_hp_per_floor":[70,70,70,70,70,70,70,70,70,70,70,70,70,70,70,70,70,70,70,70,70,77,77,77,77],"card_choices":[{"not_picked":["Deflect","Backflip"],"picked":"Slice","floor":0.0},{"not_picked":["Sucker Punch","Blade Dance"],"picked":"Infinite Blades","floor":1.0},{"not_picked":["Concentrate","Slice"],"picked":"Cloak And Dagger","floor":2.0},{"not_picked":["Calculated Gamble","Bane"],"picked":"Dodge and Roll","floor":7.0},{"not_picked":["Flechettes","Well Laid Plans"],"picked":"Quick Slash","floor":8.0},{"not_picked":["Dagger Spray","Prepared"],"picked":"Deadly Poison","floor":10.0},{"not_picked":["Masterful Stab","Distraction"],"picked":"Slice","floor":13.0},{"not_picked":["Poisoned Stab","Sucker Punch"],"picked":"Accuracy","floor":14.0},{"not_picked":["Storm of Steel","Grand Finale"],"picked":"Glass Knife","floor":16.0},{"not_picked":["Prepared","Quick Slash"],"picked":"Deflect+1","floor":18.0},{"not_picked":["Calculated Gamble","Slice"],"picked":"Backflip+1","floor":24}],"player_experience":578108,"relics_obtained":[{"floor":8.0,"key":"Dodecahedron"},{"floor":9.0,"key":"Pen Nib"},{"floor":14.0,"key":"Shovel"},{"floor":15.0,"key":"Meat on the Bone"},{"floor":19.0,"key":"Nilry\u0027s Codex"},{"floor":22.0,"key":"Strawberry"},{"floor":23.0,"key":"Bag of Marbles"}],"event_choices":[{"damage_healed":0.0,"max_hp_gain":0.0,"max_hp_loss":0.0,"gold_gain":75.0,"event_name":"World of Goop","player_choice":"Gather Gold","floor":3.0,"gold_loss":0.0,"damage_taken":11.0},{"damage_healed":0.0,"max_hp_gain":0.0,"max_hp_loss":0.0,"gold_gain":0.0,"event_name":"Scrap Ooze","player_choice":"Success","floor":4.0,"gold_loss":0.0,"damage_taken":3.0,"relics_obtained":["Oddly Smooth Stone"]},{"damage_healed":0.0,"max_hp_gain":0.0,"max_hp_loss":0.0,"gold_gain":30.0,"event_name":"Dead Adventurer","player_choice":"Searched \u00271\u0027 times","floor":11.0,"gold_loss":0.0,"damage_taken":0.0},{"damage_healed":0.0,"max_hp_gain":0.0,"max_hp_loss":0.0,"gold_gain":0.0,"event_name":"Cursed Tome","player_choice":"Obtained Book","floor":19.0,"gold_loss":0.0,"damage_taken":16.0},{"damage_healed":0.0,"max_hp_gain":0.0,"max_hp_loss":0.0,"gold_gain":0.0,"event_name":"Ghosts","player_choice":"Ignored","floor":20.0,"gold_loss":0.0,"damage_taken":0.0}],"is_beta":false,"boss_relics":[{"not_picked":["Ring of the Serpent","Cursed Key"],"picked":"Empty Cage"}],"items_purged_floors":[21],"is_endless":false,"potions_floor_spawned":[2,8,10,14],"killed_by":"Gremlin Leader","ascension_level":10}