{"gold_per_floor":[115,126,126,301,316,316,348,348,348,29,90,109,74,89,89,190,190,209,209,227,258,56,56,56,68,68,87,106,29,29,44,44,44],"floor_reached":33,"playtime":1677,"items_purged":["Doubt"],"score":408,"play_id":"354ddf05-d60b-4077-bfc6-567455d5855c","local_time":"20190308221102","is_ascension_mode":true,"campfire_choices":[{"data":"Noxious Fumes","floor":6,"key":"SMITH"},{"data":"Bouncing Flask","floor":8,"key":"SMITH"},{"floor":15,"key":"REST"},{"floor":24,"key":"REST"},{"floor":30,"key":"REST"},{"floor":32,"key":"REST"}],"neow_cost":"NONE","seed_source_timestamp":130062921480172,"circlet_count":0,"master_deck":["AscendersBane","Defend_G","Defend_G","Defend_G","Defend_G","Strike_G","Strike_G","Survivor","Neutralize+1","Noxious Fumes+1","Deadly Poison","Bouncing Flask+1","Bane","Caltrops","Tactician","Bullet Time","Bouncing Flask+1","Distraction+1","Choke+1","Crippling Poison","Deadly Poison","Deflect","Acrobatics","Catalyst","Noxious Fumes","Bouncing Flask+1"],"relics":["Ring of the Snake","Whetstone","Bottled Tornado","Regal Pillow","TwistedFunnel","Snake Skull","Astrolabe","Red Mask","Medical Kit","Darkstone Periapt"],"potions_floor_usage":[7,16,21,28],"damage_taken":[{"damage":0,"enemies":"Cultist","floor":1,"turns":3},{"damage":6,"enemies":"2 Louse","floor":2,"turns":3},{"damage":0,"enemies":"Small Slimes","floor":5,"turns":4},{"damage":24,"enemies":"Gremlin Nob","floor":7,"turns":5},{"damage":17,"enemies":"Lagavulin Event","floor":11,"turns":6},{"damage":0,"enemies":"2 Fungi Beasts","floor":12,"turns":2},{"damage":2,"enemies":"Exordium Wildlife","floor":14,"turns":4},{"damage":14,"enemies":"Hexaghost","floor":16,"turns":7},{"damage":36,"enemies":"2 Thieves","floor":18,"turns":3},{"damage":0,"enemies":"Spheric Guardian","floor":20,"turns":2},{"damage":18,"enemies":"Masked Bandits","floor":21,"turns":3},{"damage":6,"enemies":"Snake Plant","floor":25,"turns":2},{"damage":28,"enemies":"Sentry and Sphere","floor":27,"turns":4},{"damage":23,"enemies":"Centurion and Healer","floor":28,"turns":4},{"damage":14,"enemies":"Snecko","floor":31,"turns":4},{"damage":73,"enemies":"Champ","floor":33,"turns":8}],"seed_played":"6758442729067171636","potions_obtained":[{"floor":5,"key":"Block Potion"},{"floor":11,"key":"GamblersBrew"},{"floor":20,"key":"Regen Potion"},{"floor":25,"key":"Ancient Potion"},{"floor":28,"key":"Fruit Juice"}],"is_trial":false,"path_per_floor":["M","M","?","?","M","R","E","R","T","$","?","M","?","M","R","B",null,"M","?","M","?","$","?","R","M","T","M","M","$","R","M","R","B"],"character_chosen":"THE_SILENT","items_purchased":["TwistedFunnel","Caltrops","Medical Kit","Noxious Fumes"],"campfire_rested":4,"item_purchase_floors":[10,10,22,29],"current_hp_per_floor":[63,57,57,57,57,57,33,33,33,33,16,16,33,31,67,53,66,30,30,30,24,24,24,60,54,54,26,8,8,45,31,68,0],"gold":44,"neow_bonus":"RANDOM_COMMON_RELIC","is_prod":false,"is_daily":false,"chose_seed":false,"campfire_upgraded":2,"win_rate":0,"timestamp":1552101062,"path_taken":["M","?","?","?","M","R","E","R","T","$","?","M","?","?","R","BOSS","M","?","M","?","$","?","R","M","T","M","M","?","R","M","R","BOSS"],"build_version":"2019-01-23","purchased_purges":1,"victory":false,"max_hp_per_floor":[70,70,70,70,70,70,70,70,70,70,70,70,70,70,70,70,70,70,70,70,70,70,70,70,70,70,70,75,75,75,75,75,75],"card_choices":[{"not_picked":["Dagger Spray","Backstab"],"picked":"Noxious Fumes","floor":1},{"not_picked":["Poisoned Stab","Endless Agony"],"picked":"Deadly Poison","floor":2},{"not_picked":["Heel Hook","Underhanded Strike"],"picked":"Bane","floor":5},{"not_picked":["Underhanded Strike","Flechettes","Quick Slash"],"picked":"SKIP","floor":7},{"not_picked":["Quick Slash","Escape Plan"],"picked":"Tactician","floor":11},{"not_picked":["All Out Attack","Dagger Throw","Blade Dance"],"picked":"SKIP","floor":12},{"not_picked":["Eviscerate","Finisher","Terror"],"picked":"SKIP","floor":14},{"not_picked":["Adrenaline","Phantasmal Killer"],"picked":"Bullet Time","floor":16},{"not_picked":["PiercingWail","Riddle With Holes"],"picked":"Crippling Poison","floor":18},{"not_picked":["Outmaneuver","Calculated Gamble"],"picked":"Deadly Poison","floor":20},{"not_picked":["Distraction","Quick Slash"],"picked":"Deflect","floor":21},{"not_picked":["Masterful Stab","Infinite Blades"],"picked":"Acrobatics","floor":25},{"not_picked":["Predator","Quick Slash+1"],"picked":"Catalyst","floor":27},{"not_picked":["Cloak And Dagger","Underhanded Strike","Slice+1"],"picked":"SKIP","floor":28},{"not_picked":["Sucker Punch","Endless Agony"],"picked":"Bouncing Flask+1","floor":31}],"player_experience":2381602,"relics_obtained":[{"floor":7,"key":"Bottled Tornado"},{"floor":9,"key":"Regal Pillow"},{"floor":11,"key":"Snake Skull"},{"floor":21,"key":"Red Mask"},{"floor":26,"key":"Darkstone Periapt"}],"event_choices":[{"damage_healed":0,"gold_gain":0,"cards_transformed":["Strike_G"],"player_choice":"Change","damage_taken":0,"max_hp_gain":0,"max_hp_loss":0,"event_name":"Living Wall","floor":3,"gold_loss":0,"cards_obtained":["Bouncing Flask"]},{"damage_healed":0,"gold_gain":175,"player_choice":"AGREE","damage_taken":0,"max_hp_gain":0,"max_hp_loss":0,"event_name":"Liars Game","floor":4,"gold_loss":0,"cards_obtained":["Doubt"]},{"damage_healed":0,"gold_gain":0,"player_choice":"Searched \u00271\u0027 times","damage_taken":0,"max_hp_gain":0,"max_hp_loss":0,"event_name":"Dead Adventurer","floor":11,"gold_loss":0},{"damage_healed":17,"gold_gain":0,"player_choice":"Healed","damage_taken":0,"max_hp_gain":0,"max_hp_loss":0,"event_name":"The Cleric","floor":13,"gold_loss":35},{"damage_healed":0,"gold_gain":0,"player_choice":"Ignored","damage_taken":0,"max_hp_gain":0,"max_hp_loss":0,"event_name":"Ghosts","floor":19,"gold_loss":0},{"damage_healed":0,"gold_gain":0,"player_choice":"Fought Bandits","damage_taken":0,"max_hp_gain":0,"max_hp_loss":0,"event_name":"Masked Bandits","floor":21,"gold_loss":0},{"damage_healed":0,"gold_gain":0,"player_choice":"Ignored","damage_taken":0,"max_hp_gain":0,"max_hp_loss":0,"event_name":"Beggar","floor":23,"gold_loss":0}],"is_beta":false,"boss_relics":[{"not_picked":["Tiny House","Philosopher\u0027s Stone"],"picked":"Astrolabe"}],"items_purged_floors":[10],"is_endless":false,"potions_floor_spawned":[5,11,20,25,28],"killed_by":"Champ","ascension_level":10}