{"path_per_floor":["M","?","?","?","$","E","?","M","T","?","M","M","M","M","R","B",null,"M","$","?","M","?","R","?","M","T","M"],"character_chosen":"THE_SILENT","items_purchased":["Footwork","Lantern"],"gold_per_floor":[115,115,115,115,40,70,70,90,141,141,160,173,192,212,212,315,315,330,57,57,67,67,67,67,83,83,102,102],"floor_reached":28,"campfire_rested":1,"playtime":2241,"item_purchase_floors":[19,19],"current_hp_per_floor":[62,55,55,42,42,29,22,22,22,22,22,22,22,22,40,14,51,41,41,41,31,31,31,31,43,43,44,0],"items_purged":["Defend_G","Strike_G"],"gold":102,"score":344,"play_id":"130049d6-08c7-42eb-b402-cda4557db7e8","local_time":"20180615005623","is_prod":false,"is_daily":false,"chose_seed":false,"is_ascension_mode":true,"campfire_upgraded":1,"win_rate":0,"timestamp":1529016983,"campfire_choices":[{"floor":15.0,"key":"REST"},{"data":"Footwork","floor":23,"key":"SMITH"}],"path_taken":["M","?","?","?","$","E","?","M","T","?","M","?","M","M","R","BOSS","M","$","?","?","?","R","?","?","T","M","E"],"build_version":"2018-06-07v3","seed_source_timestamp":0,"purchased_purges":2,"victory":false,"master_deck":["Defend_G","Defend_G+1","Survivor","Neutralize","Tools of the Trade","Blur","Dagger Throw","Acrobatics","Predator","Backflip","Die Die Die","Backflip+1","Footwork+1","Cloak And Dagger+1","Poisoned Stab","Bite","Bite","Bite","Bite","Bite","Blur","Decay","Bouncing Flask+1"],"max_hp_per_floor":[63,63,63,63,63,63,63,63,63,63,63,63,63,63,63,63,63,63,63,63,63,63,63,44,44,44,44,44],"relics":["Ring of the Snake","Pantograph","Smiling Mask","Ancient Tea Set","Cursed Key","Lantern","Regal Pillow"],"card_choices":[{"not_picked":["Phantasmal Killer","Grand Finale"],"picked":"Tools of the Trade","floor":0.0},{"not_picked":["Setup","Heel Hook"],"picked":"Blur","floor":1.0},{"not_picked":["Quick Slash","Slice"],"picked":"Dagger Throw","floor":6.0},{"not_picked":["Endless Agony","Dagger Throw","Deflect"],"picked":"SKIP","floor":8.0},{"not_picked":["Slice","Backstab"],"picked":"Acrobatics","floor":11.0},{"not_picked":["Dagger Spray","Bane"],"picked":"Predator","floor":12.0},{"not_picked":["Reflex","PiercingWail","Quick Slash"],"picked":"SKIP","floor":13.0},{"not_picked":["Dagger Throw","Bane"],"picked":"Backflip","floor":14.0},{"not_picked":["Venomology","Corpse Explosion"],"picked":"Die Die Die","floor":16.0},{"not_picked":["Deadly Poison","Slice"],"picked":"Backflip+1","floor":18},{"not_picked":["Slice","Setup+1"],"picked":"Cloak And Dagger+1","floor":21},{"not_picked":["Cloak And Dagger","Skewer+1"],"picked":"Blur","floor":25},{"not_picked":["Blade Dance+1","Cloak And Dagger+1"],"picked":"Bouncing Flask+1","floor":27}],"player_experience":325970,"potions_floor_usage":[18,25,28],"damage_taken":[{"damage":1.0,"enemies":"Small Slimes","floor":1.0,"turns":6.0},{"damage":13.0,"enemies":"Gremlin Nob","floor":6.0,"turns":4.0},{"damage":0.0,"enemies":"Jaw Worm","floor":8.0,"turns":5.0},{"damage":0.0,"enemies":"2 Louse","floor":11.0,"turns":3.0},{"damage":0.0,"enemies":"Exordium Wildlife","floor":12.0,"turns":6.0},{"damage":0.0,"enemies":"Blue Slaver","floor":13.0,"turns":4.0},{"damage":0.0,"enemies":"Looter","floor":14.0,"turns":4.0},{"damage":49.0,"enemies":"The Guardian","floor":16.0,"turns":22.0},{"damage":10,"enemies":"Spheric Guardian","floor":18,"turns":7},{"damage":10,"enemies":"3 Byrds","floor":21,"turns":10},{"damage":0,"enemies":"Snake Plant","floor":25,"turns":6},{"damage":6,"enemies":"Centurion and Healer","floor":27,"turns":11},{"damage":72,"enemies":"Gremlin Leader","floor":28,"turns":8}],"relics_obtained":[{"floor":6.0,"key":"Pantograph"},{"floor":9.0,"key":"Ancient Tea Set"},{"floor":26,"key":"Regal Pillow"}],"event_choices":[{"event_name":"Golden Wing","player_choice":"Card Removal","floor":2.0,"damage_taken":0.0},{"event_name":"Living Wall","player_choice":"Forget","floor":3.0,"damage_taken":0.0},{"event_name":"Shining Light","player_choice":"Entered Light","floor":4.0,"damage_taken":0.0},{"event_name":"Scrap Ooze","player_choice":"success","floor":7.0,"damage_taken":7.0},{"event_name":"The Lab","player_choice":"Got Potions","floor":10.0,"damage_taken":0.0},{"event_name":"Drug Dealer","player_choice":"Ignored","floor":20,"damage_taken":0},{"event_name":"Transmorgrifier","player_choice":"Transform","floor":22,"damage_taken":0},{"event_name":"Vampires","player_choice":"Became a vampire","floor":24,"damage_taken":0}],"boss_relics":[{"not_picked":["Eternal Feather","Velvet Choker"],"picked":"Cursed Key"}],"items_purged_floors":[],"potions_floor_spawned":[1,13,14,16,18,21],"seed_played":"-7220888100315300270","killed_by":"Gremlin Leader","ascension_level":9,"potions_obtained":[{"floor":1.0,"key":"SteroidPotion"},{"floor":10.0,"key":"Weak Potion"},{"floor":10.0,"key":"EntropicBrew"},{"floor":10.0,"key":"SpeedPotion"},{"floor":13.0,"key":"Ancient Potion"},{"floor":14.0,"key":"SkillPotion"},{"floor":16.0,"key":"GhostInAJar"},{"floor":18,"key":"Explosive Potion"},{"floor":21,"key":"SkillPotion"}],"is_trial":false}