{"gold_per_floor":[215,215,234,245,259,259,68,87,87,99,99,174,174,185,185,185],"floor_reached":16,"playtime":1036,"items_purged":[],"score":141,"play_id":"6184376e-045a-4fbe-907d-4b4489283782","local_time":"20190113145157","is_ascension_mode":true,"campfire_choices":[{"data":"Armaments","floor":6,"key":"SMITH"},{"floor":13,"key":"REST"},{"floor":15,"key":"REST"}],"neow_cost":"NONE","seed_source_timestamp":0,"circlet_count":0,"master_deck":["AscendersBane","Strike_R","Strike_R","Strike_R","Strike_R","Defend_R","Defend_R","Defend_R","Defend_R","Bash","Clothesline","Armaments+1","Mayhem","Clothesline","Battle Trance+1"],"special_seed":0,"relics":["Burning Blood","Toxic Egg 2"],"potions_floor_usage":[5,10,16],"damage_taken":[{"damage":1,"enemies":"Cultist","floor":1,"turns":4},{"damage":10,"enemies":"Jaw Worm","floor":3,"turns":4},{"damage":0,"enemies":"Small Slimes","floor":4,"turns":3},{"damage":10,"enemies":"3 Louse","floor":5,"turns":4},{"damage":27,"enemies":"Exordium Thugs","floor":8,"turns":5},{"damage":40,"enemies":"Gremlin Gang","floor":10,"turns":8},{"damage":12,"enemies":"3 Louse","floor":14,"turns":5},{"damage":57,"enemies":"Slime Boss","floor":16,"turns":7}],"seed_played":"5250610698653383712","potions_obtained":[{"floor":1,"key":"AttackPotion"},{"floor":5,"key":"Block Potion"},{"floor":14,"key":"PowerPotion"}],"is_trial":false,"path_per_floor":["M","?","M","M","M","R","$","M","T","M","?","?","R","M","R","B"],"character_chosen":"IRONCLAD","items_purchased":["Mayhem"],"campfire_rested":2,"item_purchase_floors":[7],"current_hp_per_floor":[77,77,73,79,75,75,75,54,54,20,20,12,36,30,54,0],"gold":185,"neow_bonus":"HUNDRED_GOLD","is_prod":false,"is_daily":false,"chose_seed":false,"campfire_upgraded":1,"win_rate":0,"timestamp":1547409117,"path_taken":["M","?","?","?","M","R","$","M","T","M","?","?","R","M","R","BOSS"],"build_version":"2019-01-10","purchased_purges":0,"victory":false,"max_hp_per_floor":[80,80,80,80,80,80,80,80,80,80,80,80,80,80,80,80],"card_choices":[{"not_picked":["Pummel","Ghostly Armor"],"picked":"Clothesline","floor":1},{"not_picked":["Heavy Blade","Sword Boomerang","Headbutt"],"picked":"SKIP","floor":3},{"not_picked":["Body Slam","Warcry"],"picked":"Armaments","floor":4},{"not_picked":["Dual Wield","Headbutt","Anger"],"picked":"SKIP","floor":5},{"not_picked":["Blood for Blood","Wild Strike","Power Through"],"picked":"SKIP","floor":8},{"not_picked":["Havoc+1","Body Slam"],"picked":"Clothesline","floor":10},{"not_picked":["Wild Strike","Anger"],"picked":"Battle Trance+1","floor":14}],"player_experience":1745164,"relics_obtained":[{"floor":9,"key":"Toxic Egg 2"}],"event_choices":[{"damage_healed":0,"gold_gain":0,"player_choice":"Bought 0 Potions","damage_taken":0,"max_hp_gain":0,"max_hp_loss":0,"event_name":"The Woman in Blue","floor":2,"gold_loss":0},{"cards_removed":["Strike_R"],"damage_healed":0,"gold_gain":0,"player_choice":"Forget","damage_taken":0,"max_hp_gain":0,"max_hp_loss":0,"event_name":"Living Wall","floor":11,"gold_loss":0},{"damage_healed":0,"gold_gain":75,"player_choice":"Touch","damage_taken":8,"max_hp_gain":0,"max_hp_loss":0,"event_name":"FaceTrader","floor":12,"gold_loss":0}],"is_beta":false,"boss_relics":[],"items_purged_floors":[],"is_endless":false,"potions_floor_spawned":[1,5,14],"killed_by":"Slime Boss","ascension_level":10}