{"gold_per_floor":[362,377,377,153,168,168,68,79,79,107,107,107,121,71,71,71],"floor_reached":16,"playtime":611,"items_purged":["Strike_R","Strike_R"],"score":170,"play_id":"60d1a46b-d552-4083-a1ee-2349b19d715d","local_time":"20190513143422","is_ascension_mode":true,"campfire_choices":[{"data":"Cleave","floor":6,"key":"SMITH"},{"data":"Clothesline","floor":11,"key":"SMITH"},{"data":"Barricade","floor":15,"key":"SMITH"}],"neow_cost":"TEN_PERCENT_HP_LOSS","seed_source_timestamp":3805419256479057,"circlet_count":0,"master_deck":["AscendersBane","Strike_R","Defend_R","Defend_R","Defend_R","Defend_R","Bash","Clothesline+1","Cleave+1","Metallicize","Barricade+1"],"relics":["Burning Blood","Bronze Scales","Bag of Preparation","Darkstone Periapt","Blood Vial"],"potions_floor_usage":[16,16],"damage_taken":[{"damage":3,"enemies":"Jaw Worm","floor":1,"turns":5},{"damage":0,"enemies":"Small Slimes","floor":2,"turns":3},{"damage":6,"enemies":"2 Louse","floor":5,"turns":2},{"damage":19,"enemies":"Large Slime","floor":8,"turns":7},{"damage":28,"enemies":"Gremlin Nob","floor":10,"turns":4},{"damage":15,"enemies":"3 Louse","floor":13,"turns":2},{"damage":25,"enemies":"Slime Boss","floor":16,"turns":10}],"seed_played":"4027208805023318661","potions_obtained":[{"floor":8,"key":"Energy Potion"},{"floor":13,"key":"FearPotion"}],"is_trial":false,"path_per_floor":["M","M","?","$","M","R","$","M","T","E","R","?","M","?","R","B"],"character_chosen":"IRONCLAD","items_purchased":["Bronze Scales"],"campfire_rested":0,"item_purchase_floors":[4],"current_hp_per_floor":[68,68,61,61,61,61,61,48,48,26,26,26,19,19,19,0],"gold":71,"neow_bonus":"TWO_FIFTY_GOLD","is_prod":false,"is_daily":false,"chose_seed":false,"campfire_upgraded":3,"win_rate":0,"timestamp":1557750862,"path_taken":["M","M","?","$","M","R","$","M","T","E","R","?","M","?","R","BOSS"],"build_version":"2019-01-23","purchased_purges":2,"victory":false,"max_hp_per_floor":[68,68,68,68,68,68,68,68,68,68,68,68,68,68,68,68],"card_choices":[{"not_picked":["Flex","Infernal Blade"],"picked":"Clothesline","floor":1},{"not_picked":["Carnage","Pommel Strike"],"picked":"Cleave","floor":2},{"not_picked":["Havoc","Disarm","Ghostly Armor"],"picked":"SKIP","floor":5},{"not_picked":["Wild Strike","Second Wind","Flex"],"picked":"SKIP","floor":8},{"not_picked":["Bloodletting","Anger"],"picked":"Metallicize","floor":10},{"not_picked":["Whirlwind","Clash"],"picked":"Barricade","floor":13}],"player_experience":546695,"relics_obtained":[{"floor":9,"key":"Bag of Preparation"},{"floor":10,"key":"Darkstone Periapt"}],"event_choices":[{"cards_removed":["Strike_R"],"damage_healed":0,"gold_gain":0,"player_choice":"Card Removal","damage_taken":7,"max_hp_gain":0,"max_hp_loss":0,"event_name":"Golden Wing","floor":3,"gold_loss":0},{"damage_healed":0,"gold_gain":0,"player_choice":"Searched \u00271\u0027 times","damage_taken":0,"relics_obtained":["Blood Vial"],"max_hp_gain":0,"max_hp_loss":0,"event_name":"Dead Adventurer","floor":12,"gold_loss":0},{"cards_removed":["Strike_R"],"damage_healed":0,"gold_gain":0,"player_choice":"Card Removal","damage_taken":0,"max_hp_gain":0,"max_hp_loss":0,"event_name":"The Cleric","floor":14,"gold_loss":50}],"is_beta":false,"boss_relics":[],"items_purged_floors":[4,7],"is_endless":false,"potions_floor_spawned":[8,13],"killed_by":"Slime Boss","ascension_level":14}