{"gold_per_floor":[113,127,127,142,156,156,85,120,146,146,146,163,20,33,33,131,131,71,21,21,21,21,21,21,21,21,21,21,21,21,21,21,21],"floor_reached":33,"playtime":4812,"items_purged":[],"score":287,"play_id":"fbcc7de7-e6d9-44ba-b895-05963f8f3e47","local_time":"20190521153250","is_ascension_mode":false,"campfire_choices":[{"data":"Body Slam","floor":6,"key":"SMITH"},{"data":"Rage","floor":10,"key":"SMITH"},{"data":"Armaments","floor":15,"key":"SMITH"},{"data":"Double Tap","floor":24,"key":"SMITH"},{"data":"Warcry","floor":27,"key":"SMITH"},{"floor":32,"key":"REST"}],"neow_cost":"NONE","seed_source_timestamp":482836760755446,"circlet_count":0,"master_deck":["Strike_R+1","Strike_R+1","Strike_R+1","Strike_R+1","Strike_R+1","Defend_R+1","Defend_R+1","Defend_R+1","Defend_R+1","Bash","Rage+1","Body Slam+1","Armaments+1","Seeing Red","Body Slam","Shrug It Off","Iron Wave","Warcry+1","Shrug It Off","Double Tap+1","Iron Wave","Shrug It Off","Shockwave","Flame Barrier","Feel No Pain+1","Rage+1","Warcry+1","Metallicize+1"],"relics":["Burning Blood","NeowsBlessing","Potion Belt","Omamori","Frozen Egg 2","Oddly Smooth Stone","Ectoplasm","MutagenicStrength","Orichalcum","Vajra","Red Skull"],"potions_floor_usage":[16,25,33,33],"damage_taken":[{"damage":0,"enemies":"2 Louse","floor":1,"turns":1},{"damage":0,"enemies":"Jaw Worm","floor":2,"turns":1},{"damage":0,"enemies":"Small Slimes","floor":4,"turns":1},{"damage":0,"enemies":"2 Fungi Beasts","floor":5,"turns":4},{"damage":19,"enemies":"3 Sentries","floor":8,"turns":9},{"damage":0,"enemies":"Blue Slaver","floor":12,"turns":4},{"damage":3,"enemies":"Gremlin Gang","floor":14,"turns":5},{"damage":75,"enemies":"Hexaghost","floor":16,"turns":18},{"damage":25,"enemies":"2 Thieves","floor":18,"turns":4},{"damage":15,"enemies":"3 Byrds","floor":21,"turns":6},{"damage":0,"enemies":"Snecko","floor":22,"turns":6},{"damage":12,"enemies":"Book of Stabbing","floor":25,"turns":5},{"damage":0,"enemies":"Shelled Parasite and Fungi","floor":28,"turns":3},{"damage":7,"enemies":"Gremlin Leader","floor":29,"turns":8},{"damage":14,"enemies":"Centurion and Healer","floor":31,"turns":6},{"damage":90,"enemies":"Collector","floor":33,"turns":7}],"seed_played":"-8940755498541849222","potions_obtained":[{"floor":2,"key":"SteroidPotion"},{"floor":14,"key":"Regen Potion"},{"floor":25,"key":"SkillPotion"},{"floor":29,"key":"Poison Potion"},{"floor":31,"key":"SmokeBomb"}],"is_trial":false,"path_per_floor":["M","M","?","M","M","R","$","E","T","R","T","M","$","M","R","B",null,"M","$","?","M","M","?","R","E","T","R","M","E","$","M","R","B"],"character_chosen":"IRONCLAD","items_purchased":["Body Slam","Shrug It Off","Oddly Smooth Stone","Shrug It Off"],"campfire_rested":1,"item_purchase_floors":[7,7,13,19],"current_hp_per_floor":[80,80,85,85,85,85,85,72,72,72,72,78,78,81,81,12,85,66,66,66,57,63,63,63,71,71,71,77,76,76,68,85,0],"gold":21,"neow_bonus":"THREE_ENEMY_KILL","is_prod":false,"is_daily":false,"chose_seed":false,"campfire_upgraded":5,"win_rate":0.0,"timestamp":1558445570,"path_taken":["M","M","?","M","M","R","$","E","T","R","?","M","?","M","R","BOSS","M","$","?","M","M","?","R","E","T","R","M","E","$","M","R","BOSS"],"build_version":"2019-01-23","purchased_purges":0,"victory":false,"max_hp_per_floor":[80,80,85,85,85,85,85,85,85,85,85,85,85,85,85,85,85,85,85,85,85,85,85,85,85,85,85,85,85,85,85,85,85],"card_choices":[{"not_picked":["Twin Strike","Perfected Strike"],"picked":"Rage","floor":1},{"not_picked":["Iron Wave","Thunderclap"],"picked":"Body Slam","floor":2},{"not_picked":["Burning Pact","Clash"],"picked":"Armaments","floor":4},{"not_picked":["Second Wind","Carnage"],"picked":"Seeing Red","floor":5},{"not_picked":["Clothesline","Seeing Red"],"picked":"Iron Wave","floor":8},{"not_picked":["Perfected Strike","Flex"],"picked":"Warcry","floor":12},{"not_picked":["Clothesline","Ghostly Armor"],"picked":"Shrug It Off","floor":14},{"not_picked":["Feed","Reaper"],"picked":"Double Tap","floor":16},{"not_picked":["Heavy Blade+1","Flex"],"picked":"Iron Wave","floor":18},{"not_picked":["Twin Strike","Sword Boomerang"],"picked":"Shockwave","floor":21},{"not_picked":["Corruption+1","Thunderclap"],"picked":"Flame Barrier","floor":22},{"not_picked":["True Grit","Dual Wield+1"],"picked":"Feel No Pain+1","floor":25},{"not_picked":["Power Through","Sword Boomerang"],"picked":"Rage+1","floor":28},{"not_picked":["Bludgeon","Armaments"],"picked":"Warcry+1","floor":29},{"not_picked":["Clash","Body Slam"],"picked":"Metallicize+1","floor":31}],"player_experience":29618,"relics_obtained":[{"floor":8,"key":"Potion Belt"},{"floor":9,"key":"Omamori"},{"floor":11,"key":"Frozen Egg 2"},{"floor":25,"key":"Orichalcum"},{"floor":26,"key":"Vajra"},{"floor":29,"key":"Red Skull"}],"event_choices":[{"damage_healed":0,"gold_gain":0,"player_choice":"Donut","damage_taken":0,"max_hp_gain":5,"max_hp_loss":0,"event_name":"Big Fish","floor":3,"gold_loss":0},{"damage_healed":0,"gold_gain":0,"player_choice":"Inject Mutagens","damage_taken":0,"relics_obtained":["MutagenicStrength"],"max_hp_gain":0,"max_hp_loss":0,"event_name":"Drug Dealer","floor":20,"gold_loss":0},{"damage_healed":0,"gold_gain":0,"player_choice":"Simplicity","damage_taken":0,"max_hp_gain":0,"max_hp_loss":0,"event_name":"Back to Basics","floor":23,"gold_loss":0,"cards_upgraded":["Strike_R","Strike_R","Strike_R","Strike_R","Strike_R","Defend_R","Defend_R","Defend_R","Defend_R"]}],"is_beta":false,"boss_relics":[{"not_picked":["Astrolabe","Snecko Eye"],"picked":"Ectoplasm"}],"items_purged_floors":[],"is_endless":false,"potions_floor_spawned":[2,14,25,29,31],"killed_by":"Collector","ascension_level":0}