{"gold_per_floor":[118,135,153,153,403,437,437,168,168,68,86,106,116,141,141,236,236,236,161,161,161,161,161,161,161,161,161,161,161,161,161,161,161,161,161,161,161,161,161,161,161,161,161,161,161,161,161,126,126,126],"floor_reached":50,"playtime":12517,"items_purged":["Regret","Strike_G"],"score":588,"play_id":"e0ec1723-db01-4dc9-9bfa-edf253b90188","local_time":"20180721153621","is_ascension_mode":false,"campfire_choices":[{"floor":7,"key":"DIG"},{"floor":15,"key":"DIG"},{"floor":23,"key":"DIG"},{"floor":25,"key":"DIG"},{"floor":27,"key":"DIG"},{"floor":32,"key":"DIG"},{"floor":40,"key":"DIG"},{"floor":45,"key":"REST"},{"floor":47,"key":"DIG"},{"floor":49,"key":"DIG"}],"neow_cost":"","seed_source_timestamp":102023196489025,"circlet_count":0,"master_deck":["Defend_G+1","Defend_G","Survivor","Neutralize","Well Laid Plans","Poisoned Stab","Concentrate","Backflip","Deadly Poison","Bouncing Flask","Doppelganger","Terror","RitualDagger","Acrobatics","Envenom","Leg Sweep","Concentrate","Bite","Bite","Bite","Bite","Bite","After Image","Underhanded Strike+1","Flechettes+1","Terror+1","Catalyst+1","Poisoned Stab+1","Panacea","Crippling Poison+1","Footwork+1","Underhanded Strike","Madness","Madness","Caltrops"],"relics":["Ring of the Snake","Shovel","Ice Cream","MealTicket","Thread and Needle","Blue Candle","Letter Opener","Ectoplasm","Incense Burner","Matryoshka","Ancient Tea Set","Bottled Flame","Boot","Oddly Smooth Stone","Astrolabe","Regal Pillow","Potion Belt","Juzu Bracelet","Sundial","Bag of Marbles","Kunai"],"potions_floor_usage":[6,16,18,19,37,38,44,50],"damage_taken":[{"damage":0,"enemies":"Small Slimes","floor":1,"turns":4},{"damage":4,"enemies":"2 Louse","floor":2,"turns":4},{"damage":0,"enemies":"Jaw Worm","floor":3,"turns":6},{"damage":10,"enemies":"Gremlin Nob","floor":6,"turns":5},{"damage":0,"enemies":"2 Fungi Beasts","floor":11,"turns":5},{"damage":0,"enemies":"Red Slaver","floor":12,"turns":5},{"damage":0,"enemies":"Lots of Slimes","floor":13,"turns":7},{"damage":3,"enemies":"3 Sentries","floor":14,"turns":11},{"damage":6,"enemies":"Hexaghost","floor":16,"turns":9},{"damage":0,"enemies":"3 Byrds","floor":18,"turns":5},{"damage":5,"enemies":"2 Thieves","floor":19,"turns":4},{"damage":13,"enemies":"3 Cultists","floor":21,"turns":7},{"damage":0,"enemies":"Centurion and Healer","floor":22,"turns":8},{"damage":0,"enemies":"Chosen and Byrds","floor":24,"turns":4},{"damage":4,"enemies":"3 Cultists","floor":29,"turns":5},{"damage":6,"enemies":"Centurion and Healer","floor":30,"turns":7},{"damage":0,"enemies":"Champ","floor":33,"turns":11},{"damage":0,"enemies":"3 Shapes","floor":35,"turns":5},{"damage":22,"enemies":"Flame Bruiser 1 Orb","floor":36,"turns":5},{"damage":28,"enemies":"Maw","floor":37,"turns":6},{"damage":2,"enemies":"Flame Bruiser 2 Orb","floor":38,"turns":6},{"damage":0,"enemies":"Sphere and 2 Shapes","floor":41,"turns":5},{"damage":6,"enemies":"3 Darklings","floor":42,"turns":6},{"damage":30,"enemies":"Nemesis","floor":44,"turns":5},{"damage":52,"enemies":"Donu and Deca","floor":50,"turns":6}],"seed_played":"-3263395410992884748","potions_obtained":[{"floor":3,"key":"Energy Potion"},{"floor":11,"key":"SpeedPotion"},{"floor":12,"key":"Dexterity Potion"},{"floor":14,"key":"PowerPotion"},{"floor":22,"key":"Dexterity Potion"},{"floor":24,"key":"Regen Potion"},{"floor":41,"key":"Poison Potion"},{"floor":44,"key":"Weak Potion"}],"is_trial":false,"path_per_floor":["M","M","M","?","?","E","R","$","T","$","M","M","M","E","R","B",null,"M","M","?","M","M","R","M","R","T","R","$","M","M","?","R","B",null,"M","M","M","M","?","R","M","M","T","E","R","?","R","$","R"],"character_chosen":"THE_SILENT","items_purchased":["MealTicket","Caltrops"],"campfire_rested":1,"item_purchase_floors":[8,48],"current_hp_per_floor":[70,66,66,52,52,42,42,42,42,49,49,49,49,46,46,40,70,70,65,59,46,46,46,46,46,46,46,53,49,43,43,43,49,49,49,35,40,49,49,49,49,43,43,17,46,40,40,40,40,0],"gold":126,"neow_bonus":"","is_prod":false,"is_daily":false,"chose_seed":false,"campfire_upgraded":0,"win_rate":0,"timestamp":1532201781,"path_taken":["M","M","M","?","?","E","R","$","T","$","M","M","M","E","R","BOSS","M","M","?","M","M","R","M","R","T","R","$","M","?","?","R","BOSS","M","M","M","M","?","R","?","M","T","E","R","?","R","?","R","BOSS"],"build_version":"2018-07-19v2","purchased_purges":2,"victory":false,"max_hp_per_floor":[70,70,70,70,70,70,70,70,70,70,70,70,70,70,70,70,70,70,70,70,70,70,70,70,70,70,70,70,70,70,49,49,49,49,49,49,49,49,49,49,49,49,49,49,49,49,49,49,49,49],"card_choices":[{"not_picked":["Deadly Poison","Outmaneuver"],"picked":"Well Laid Plans","floor":1},{"not_picked":["Underhanded Strike","Dagger Spray","Heel Hook"],"picked":"SKIP","floor":2},{"not_picked":["Underhanded Strike","Eviscerate"],"picked":"Poisoned Stab","floor":3},{"not_picked":["Quick Slash","Prepared"],"picked":"Concentrate","floor":6},{"not_picked":["Doppelganger","PiercingWail"],"picked":"Backflip","floor":11},{"not_picked":["Deflect","Reflex"],"picked":"Deadly Poison","floor":12},{"not_picked":["Acrobatics","Slice","Underhanded Strike"],"picked":"SKIP","floor":13},{"not_picked":["Heel Hook","Well Laid Plans"],"picked":"Bouncing Flask","floor":14},{"not_picked":["A Thousand Cuts","Glass Knife"],"picked":"Doppelganger","floor":16},{"not_picked":["Acrobatics","Outmaneuver"],"picked":"Terror","floor":18},{"not_picked":["Outmaneuver","Cloak And Dagger+1","Dodge and Roll"],"picked":"SKIP","floor":19},{"not_picked":["Eviscerate","All Out Attack"],"picked":"Acrobatics","floor":21},{"not_picked":["Outmaneuver+1","Poisoned Stab+1"],"picked":"Envenom","floor":22},{"not_picked":["Flying Knee","All Out Attack"],"picked":"Leg Sweep","floor":24},{"not_picked":["Underhanded Strike","Deflect"],"picked":"Concentrate","floor":29},{"not_picked":["Expertise","Dagger Throw+1","Prepared"],"picked":"SKIP","floor":30},{"not_picked":["Malaise","Grand Finale"],"picked":"After Image","floor":33},{"not_picked":["Poisoned Stab+1","Distraction+1"],"picked":"Catalyst+1","floor":35},{"not_picked":["Quick Slash+1","Sucker Punch","Infinite Blades"],"picked":"SKIP","floor":36},{"not_picked":["Quick Slash+1","Slice+1"],"picked":"Poisoned Stab+1","floor":37},{"not_picked":["Concentrate","Dodge and Roll+1","PiercingWail"],"picked":"SKIP","floor":38},{"not_picked":["Deep Breath","Mind Blast"],"picked":"Panacea","floor":39},{"not_picked":["Slice+1","Night Terror"],"picked":"Crippling Poison+1","floor":41},{"not_picked":["Setup","Underhanded Strike+1"],"picked":"Footwork+1","floor":42},{"not_picked":["Heel Hook","Deflect+1"],"picked":"Underhanded Strike","floor":44}],"player_experience":399404,"relics_obtained":[{"floor":6,"key":"Shovel"},{"floor":7,"key":"Ice Cream"},{"floor":9,"key":"Thread and Needle"},{"floor":14,"key":"Blue Candle"},{"floor":15,"key":"Letter Opener"},{"floor":23,"key":"Incense Burner"},{"floor":25,"key":"Matryoshka"},{"floor":26,"key":"Ancient Tea Set"},{"floor":26,"key":"Bottled Flame"},{"floor":27,"key":"Boot"},{"floor":32,"key":"Oddly Smooth Stone"},{"floor":40,"key":"Regal Pillow"},{"floor":43,"key":"Potion Belt"},{"floor":43,"key":"Juzu Bracelet"},{"floor":44,"key":"Sundial"},{"floor":47,"key":"Bag of Marbles"},{"floor":49,"key":"Kunai"}],"event_choices":[{"event_name":"Shining Light","player_choice":"Entered Light","floor":4,"damage_taken":0},{"event_name":"Golden Shrine","player_choice":"Desecrate","floor":5,"damage_taken":0},{"event_name":"Nest","player_choice":"Joined the Cult","floor":20,"damage_taken":0},{"event_name":"Vampires","player_choice":"Became a vampire","floor":31,"damage_taken":0},{"event_name":"SensoryStone","player_choice":"Memory 1","floor":39,"damage_taken":0},{"event_name":"Winding Halls","player_choice":"Embrace Madness","floor":46,"damage_taken":0}],"is_beta":false,"boss_relics":[{"not_picked":["Snecko Eye","Runic Pyramid"],"picked":"Ectoplasm"},{"not_picked":["Coffee Dripper","Busted Crown"],"picked":"Astrolabe"}],"items_purged_floors":[8,10],"is_endless":false,"potions_floor_spawned":[3,11,12,14,22,24,41,44],"killed_by":"Donu and Deca","ascension_level":0}