{"gold_per_floor":[116,116,132,57,132,152,152,327,350,379,394,394,404,20,20,122,172,185,185,275,246,246,246,66,83,83,96,116],"floor_reached":28,"playtime":2097,"items_purged":["Regret","Doubt"],"score":254,"play_id":"8df4cecb-ea5a-4fd9-a577-a49a76930dcd","local_time":"20181219005616","is_ascension_mode":true,"campfire_choices":[{"floor":7,"key":"RECALL"},{"floor":12,"key":"REST"},{"data":"Redo","floor":15,"key":"SMITH"},{"data":"Zap","floor":23,"key":"SMITH"}],"neow_cost":"NONE","seed_source_timestamp":345321443816080,"circlet_count":0,"master_deck":["Strike_B","Strike_B","Strike_B","Defend_B","Defend_B","Defend_B","Defend_B","Zap+1","Dualcast","Sweeping Beam","Beam Cell","Redo+1","Leap","Conserve Battery+1","Glacier","All For One","Coolheaded","Dramatic Entrance","Go for the Eyes","Magnetism","Reboot"],"relics":["Cracked Core","NeowsBlessing","Darkstone Periapt","PreservedInsect","Toolbox","Tiny House","Peace Pipe"],"potions_floor_usage":[10,16,21],"damage_taken":[{"damage":0,"enemies":"Cultist","floor":1,"turns":1},{"damage":0,"enemies":"Small Slimes","floor":3,"turns":1},{"damage":0,"enemies":"Jaw Worm","floor":6,"turns":1},{"damage":36,"enemies":"Lagavulin","floor":10,"turns":5},{"damage":15,"enemies":"Exordium Wildlife","floor":11,"turns":5},{"damage":9,"enemies":"Lots of Slimes","floor":13,"turns":4},{"damage":24,"enemies":"Slime Boss","floor":16,"turns":14},{"damage":2,"enemies":"Spheric Guardian","floor":18,"turns":5},{"damage":3,"enemies":"2 Thieves","floor":21,"turns":5},{"damage":0,"enemies":"Snecko","floor":25,"turns":6},{"damage":19,"enemies":"Chosen and Byrds","floor":27,"turns":5},{"damage":42,"enemies":"Centurion and Healer","floor":28,"turns":7}],"seed_played":"-7097685678640742487","potions_obtained":[{"floor":1,"key":"Fire Potion"},{"floor":13,"key":"FocusPotion"},{"floor":16,"key":"Dexterity Potion"},{"floor":17,"key":"SmokeBomb"},{"floor":18,"key":"SpeedPotion"},{"floor":21,"key":"SteroidPotion"}],"is_trial":false,"path_per_floor":["M","?","M","$","?","M","R","?","T","E","M","R","M","$","R","B",null,"M","$","?","M","?","R","$","M","T","M","M"],"character_chosen":"DEFECT","items_purchased":["Toolbox","Glacier","Magnetism"],"campfire_rested":1,"item_purchase_floors":[14,14,24],"current_hp_per_floor":[75,81,81,81,70,70,70,76,76,40,25,51,42,42,42,18,92,90,90,63,60,60,60,60,60,60,41,0],"gold":116,"neow_bonus":"THREE_ENEMY_KILL","is_prod":false,"is_daily":false,"chose_seed":false,"campfire_upgraded":2,"win_rate":0,"timestamp":1545198976,"path_taken":["M","?","M","$","?","M","R","?","T","E","M","R","?","?","R","BOSS","M","$","?","?","?","R","?","M","T","M","M"],"build_version":"2018-12-13","purchased_purges":2,"victory":false,"max_hp_per_floor":[75,81,81,81,81,81,81,87,87,87,87,87,87,87,87,87,92,92,92,92,92,92,92,92,92,92,92,92],"card_choices":[{"not_picked":["Beam Cell","Compile Driver"],"picked":"Sweeping Beam","floor":1},{"not_picked":["Storm","Gash"],"picked":"Beam Cell","floor":3},{"not_picked":["Heatsinks","Turbo"],"picked":"Redo","floor":6},{"not_picked":["Hello World","Redo","Beam Cell"],"picked":"SKIP","floor":10},{"not_picked":["Redo","Beam Cell"],"picked":"Leap","floor":11},{"not_picked":["Sweeping Beam","Hologram"],"picked":"Conserve Battery","floor":13},{"not_picked":["Multi-Cast","Core Surge"],"picked":"All For One","floor":16},{"not_picked":["Conserve Battery","Ball Lightning"],"picked":"Coolheaded","floor":17},{"not_picked":["Genetic Algorithm","Cold Snap","Recycle"],"picked":"SKIP","floor":18},{"not_picked":["Steam Power","Streamline"],"picked":"Go for the Eyes","floor":21},{"not_picked":["Reinforced Body","Conserve Battery","Fusion"],"picked":"SKIP","floor":25},{"not_picked":["Leap","Lockon"],"picked":"Reboot","floor":27}],"player_experience":143786,"relics_obtained":[{"floor":10,"key":"PreservedInsect"},{"floor":26,"key":"Peace Pipe"}],"event_choices":[{"damage_healed":0,"gold_gain":0,"player_choice":"Box","damage_taken":0,"relics_obtained":["Darkstone Periapt"],"max_hp_gain":0,"max_hp_loss":0,"event_name":"Big Fish","floor":2,"gold_loss":0,"cards_obtained":["Regret"]},{"damage_healed":0,"gold_gain":75,"player_choice":"Gather Gold","damage_taken":11,"max_hp_gain":0,"max_hp_loss":0,"event_name":"World of Goop","floor":5,"gold_loss":0},{"damage_healed":0,"gold_gain":175,"player_choice":"AGREE","damage_taken":0,"max_hp_gain":0,"max_hp_loss":0,"event_name":"Liars Game","floor":8,"gold_loss":0,"cards_obtained":["Doubt"]},{"damage_healed":0,"gold_gain":90,"player_choice":"GOLD CARD ","damage_taken":27,"max_hp_gain":0,"max_hp_loss":0,"event_name":"Knowing Skull","floor":20,"potions_obtained":[],"gold_loss":0,"cards_obtained":["Dramatic Entrance"]},{"cards_removed":["Strike_B"],"damage_healed":0,"gold_gain":0,"player_choice":"Elegance","damage_taken":0,"max_hp_gain":0,"max_hp_loss":0,"event_name":"Back to Basics","floor":22,"gold_loss":0}],"is_beta":false,"boss_relics":[{"not_picked":["Runic Dome","Sozu"],"picked":"Tiny House"}],"items_purged_floors":[4,14],"is_endless":false,"potions_floor_spawned":[1,13,16,18,21],"killed_by":"Centurion and Healer","ascension_level":1}