{"gold_per_floor":[109,34,49,49,49,84,84,120,120,140,140,164,164,179,179,278,278,303,218,94,110,125,125,156,56,106,106,106,150,150,165,165,254,254,273,23,42,42,61,61,104,104,127,171,171,31,72,93,93,93],"floor_reached":51,"playtime":9573,"items_purged":["Defend_G","Strike_G","Strike_G","Strike_G","Strike_G"],"score":1496,"play_id":"df084e6d-068a-443d-ac93-9999654237e9","local_time":"20190521144348","is_ascension_mode":true,"campfire_choices":[{"data":"Backflip","floor":7,"key":"SMITH"},{"data":"Adrenaline","floor":13,"key":"SMITH"},{"data":"Acrobatics","floor":15,"key":"SMITH"},{"data":"After Image","floor":23,"key":"SMITH"},{"data":"Neutralize","floor":27,"key":"SMITH"},{"data":"After Image","floor":30,"key":"SMITH"},{"floor":32,"key":"REST"},{"data":"Backflip","floor":40,"key":"SMITH"},{"data":"1","floor":45,"key":"LIFT"},{"data":"2","floor":49,"key":"LIFT"}],"neow_cost":"NONE","seed_source_timestamp":4488195416151665,"circlet_count":0,"master_deck":["AscendersBane","Defend_G","Defend_G+1","Defend_G+1","Defend_G","Survivor","Neutralize+1","Backflip+1","Underhanded Strike","Underhanded Strike","Predator","Acrobatics+1","Adrenaline+1","Predator","After Image+1","Acrobatics","Backflip+1","After Image+1","Envenom","Madness","Caltrops"],"relics":["Ring of the Snake","NeowsBlessing","Golden Idol","Mummified Hand","Nunchaku","The Courier","Runic Dome","Bronze Scales","Bottled Lightning","Snake Skull","Bag of Marbles","Sozu","War Paint","Girya","Strawberry","Anchor","PreservedInsect"],"potions_floor_usage":[8,16,16,24,24,29,33,33],"damage_taken":[{"damage":0,"enemies":"2 Louse","floor":1,"turns":1},{"damage":0,"enemies":"Jaw Worm","floor":3,"turns":1},{"damage":0,"enemies":"Lagavulin","floor":6,"turns":1},{"damage":30,"enemies":"3 Sentries","floor":8,"turns":14},{"damage":0,"enemies":"Cultist","floor":10,"turns":3},{"damage":0,"enemies":"Looter","floor":12,"turns":3},{"damage":1,"enemies":"2 Fungi Beasts","floor":14,"turns":2},{"damage":22,"enemies":"Slime Boss","floor":16,"turns":11},{"damage":0,"enemies":"Shell Parasite","floor":18,"turns":5},{"damage":4,"enemies":"3 Byrds","floor":21,"turns":4},{"damage":18,"enemies":"Cultist and Chosen","floor":22,"turns":7},{"damage":0,"enemies":"Book of Stabbing","floor":24,"turns":6},{"damage":3,"enemies":"Slavers","floor":29,"turns":7},{"damage":0,"enemies":"Snecko","floor":31,"turns":5},{"damage":29,"enemies":"Automaton","floor":33,"turns":15},{"damage":5,"enemies":"3 Darklings","floor":35,"turns":4},{"damage":2,"enemies":"3 Shapes","floor":37,"turns":4},{"damage":3,"enemies":"Maw","floor":39,"turns":6},{"damage":3,"enemies":"Reptomancer","floor":41,"turns":7},{"damage":0,"enemies":"Giant Head","floor":44,"turns":5},{"damage":0,"enemies":"Reptomancer","floor":47,"turns":4},{"damage":7,"enemies":"Writhing Mass","floor":48,"turns":4},{"damage":8,"enemies":"Time Eater","floor":50,"turns":9}],"seed_played":"3496111733299711054","potions_obtained":[{"floor":3,"key":"Energy Potion"},{"floor":6,"key":"Regen Potion"},{"floor":12,"key":"Regen Potion"},{"floor":16,"key":"Dexterity Potion"},{"floor":18,"key":"EssenceOfSteel"},{"floor":29,"key":"SkillPotion"},{"floor":31,"key":"SpeedPotion"}],"is_trial":false,"path_per_floor":["M","$","M","?","?","E","R","E","T","M","?","M","R","M","R","B",null,"M","?","$","M","M","R","E","$","T","R","?","E","R","M","R","B",null,"M","$","M","?","M","R","E","?","T","E","R","$","E","M","R","B",null],"character_chosen":"THE_SILENT","items_purchased":["Backflip","War Paint"],"campfire_rested":1,"item_purchase_floors":[20,36],"current_hp_per_floor":[59,59,59,59,59,59,59,29,29,29,29,29,29,28,28,31,53,53,53,53,49,31,31,31,31,31,31,19,16,16,16,34,5,46,41,41,39,39,36,36,33,33,40,40,40,40,40,33,33,25],"gold":93,"neow_bonus":"THREE_ENEMY_KILL","is_prod":false,"is_daily":false,"chose_seed":false,"campfire_upgraded":7,"win_rate":0,"timestamp":1558442628,"path_taken":["M","$","M","?","?","E","R","E","T","M","?","M","R","?","R","BOSS","M","?","$","M","M","R","E","$","T","R","?","E","R","?","R","BOSS","M","$","M","?","M","R","E","?","T","E","R","$","E","M","R","BOSS"],"build_version":"2019-01-23","purchased_purges":5,"victory":true,"max_hp_per_floor":[66,66,66,60,60,60,60,60,60,60,60,60,60,60,60,60,60,60,60,60,60,60,60,60,60,60,60,60,60,60,60,60,60,60,60,60,60,60,60,60,60,60,67,67,67,67,67,67,67,67],"card_choices":[{"not_picked":["Poisoned Stab","Underhanded Strike"],"picked":"Backflip","floor":1},{"not_picked":["Underhanded Strike","Catalyst","Outmaneuver"],"picked":"SKIP","floor":3},{"not_picked":["Catalyst","Outmaneuver"],"picked":"Underhanded Strike","floor":3},{"not_picked":["Dash","Blade Dance"],"picked":"Underhanded Strike","floor":6},{"not_picked":["Deflect","Reflex"],"picked":"Predator","floor":8},{"not_picked":["PiercingWail","Outmaneuver"],"picked":"Acrobatics","floor":10},{"not_picked":["Blade Dance","Dodge and Roll"],"picked":"Adrenaline","floor":12},{"not_picked":["Predator","Deflect","Quick Slash"],"picked":"SKIP","floor":14},{"not_picked":["Deflect","Quick Slash"],"picked":"Predator","floor":14},{"not_picked":["Malaise","Adrenaline"],"picked":"After Image","floor":16},{"not_picked":["Deflect","Escape Plan"],"picked":"Acrobatics","floor":18},{"not_picked":["Setup","Catalyst","Cloak And Dagger"],"picked":"SKIP","floor":21},{"not_picked":["PiercingWail+1","Eviscerate","Masterful Stab"],"picked":"SKIP","floor":22},{"not_picked":["Flechettes","Eviscerate","Slice"],"picked":"SKIP","floor":24},{"not_picked":["Dash","Tactician"],"picked":"After Image","floor":29},{"not_picked":["PiercingWail+1","Finisher","Deflect"],"picked":"SKIP","floor":31},{"not_picked":["Burst","Unload"],"picked":"Envenom","floor":33},{"not_picked":["PiercingWail+1","Acrobatics"],"picked":"Prepared","floor":35},{"not_picked":["Prepared","Flying Knee","PiercingWail+1"],"picked":"SKIP","floor":37},{"not_picked":["Slice","Dodge and Roll+1","Endless Agony"],"picked":"SKIP","floor":39},{"not_picked":["Bouncing Flask","Finisher","Sucker Punch"],"picked":"SKIP","floor":41},{"not_picked":["Deep Breath","Bandage Up"],"picked":"Madness","floor":42},{"not_picked":["Deadly Poison+1","Bouncing Flask"],"picked":"Caltrops","floor":44},{"not_picked":["Dagger Throw+1","All Out Attack","Choke"],"picked":"SKIP","floor":47},{"not_picked":["Backflip","Dagger Spray+1","Slice+1"],"picked":"SKIP","floor":48}],"player_experience":585117,"relics_obtained":[{"floor":6,"key":"Mummified Hand"},{"floor":8,"key":"Nunchaku"},{"floor":9,"key":"The Courier"},{"floor":24,"key":"Bottled Lightning"},{"floor":26,"key":"Snake Skull"},{"floor":29,"key":"Bag of Marbles"},{"floor":41,"key":"Girya"},{"floor":43,"key":"Strawberry"},{"floor":44,"key":"Anchor"},{"floor":47,"key":"PreservedInsect"}],"event_choices":[{"damage_healed":0,"gold_gain":0,"player_choice":"Lose Max HP","damage_taken":0,"relics_obtained":["Golden Idol"],"max_hp_gain":0,"max_hp_loss":6,"event_name":"Golden Idol","floor":4,"gold_loss":0},{"damage_healed":0,"gold_gain":0,"player_choice":"Fled","damage_taken":0,"max_hp_gain":0,"max_hp_loss":0,"event_name":"Scrap Ooze","floor":5,"gold_loss":0},{"cards_removed":["Strike_G"],"damage_healed":0,"gold_gain":0,"player_choice":"Purged","damage_taken":0,"max_hp_gain":0,"max_hp_loss":0,"event_name":"Purifier","floor":11,"gold_loss":0},{"damage_healed":0,"gold_gain":0,"player_choice":"Obtained Relic","damage_taken":0,"relics_obtained":["Bronze Scales"],"max_hp_gain":0,"max_hp_loss":0,"event_name":"Addict","floor":19,"gold_loss":85},{"damage_healed":0,"gold_gain":0,"player_choice":"POTION ","damage_taken":12,"max_hp_gain":0,"max_hp_loss":0,"event_name":"Knowing Skull","floor":28,"potions_obtained":["GamblersBrew"],"gold_loss":0,"cards_obtained":[]},{"cards_removed":["Prepared"],"damage_healed":0,"gold_gain":0,"player_choice":"Removed Skill","damage_taken":0,"max_hp_gain":0,"max_hp_loss":0,"event_name":"Falling","floor":38,"gold_loss":0},{"damage_healed":0,"gold_gain":0,"player_choice":"Memory 1","damage_taken":0,"max_hp_gain":0,"max_hp_loss":0,"event_name":"SensoryStone","floor":42,"gold_loss":0}],"is_beta":false,"boss_relics":[{"not_picked":["Orrery","WristBlade"],"picked":"Runic Dome"},{"not_picked":["White Beast Statue","Runic Pyramid"],"picked":"Sozu"}],"items_purged_floors":[2,20,25,36,46],"is_endless":false,"potions_floor_spawned":[3,6,12,16,18,29,31,37,39,47,48],"ascension_level":16}