{"gold_per_floor":[109,184,195,271,287,287,287,287,340,340,360,360,87,100,100,205,205,217,230,230],"floor_reached":20,"playtime":1385,"items_purged":["Regret"],"score":396,"play_id":"b67d10b0-e5d4-49b2-ab17-eb060d27dc18","local_time":"20190113160754","is_ascension_mode":true,"campfire_choices":[{"data":"Dramatic Entrance","floor":6,"key":"SMITH"},{"data":"Rampage","floor":8,"key":"SMITH"},{"data":"Bash","floor":12,"key":"SMITH"},{"data":"Cleave","floor":15,"key":"SMITH"}],"neow_cost":"CURSE","seed_source_timestamp":0,"circlet_count":0,"master_deck":["AscendersBane","Strike_R","Strike_R","Strike_R","Strike_R","Strike_R","Defend_R","Defend_R","Defend_R","Defend_R","Bash+1","Dramatic Entrance+1","Flash of Steel+1","Writhe","Fire Breathing","Rampage+1","Battle Trance","Cleave+1","Demon Form+1","Armaments+1","Warcry+1"],"special_seed":0,"relics":["Burning Blood","Frozen Egg 2","Vajra","Happy Flower","HandDrill","White Beast Statue"],"potions_floor_usage":[16,16,18,19,20],"damage_taken":[{"damage":0,"enemies":"2 Louse","floor":1,"turns":2},{"damage":2,"enemies":"Jaw Worm","floor":3,"turns":3},{"damage":8,"enemies":"Small Slimes","floor":5,"turns":2},{"damage":10,"enemies":"Looter","floor":11,"turns":3},{"damage":8,"enemies":"Blue Slaver","floor":14,"turns":3},{"damage":31,"enemies":"Slime Boss","floor":16,"turns":10},{"damage":47,"enemies":"3 Byrds","floor":18,"turns":4},{"damage":18,"enemies":"Spheric Guardian","floor":19,"turns":5},{"damage":19,"enemies":"Snake Plant","floor":20,"turns":1}],"seed_played":"8511122565938679957","potions_obtained":[{"floor":3,"key":"EssenceOfSteel"},{"floor":5,"key":"Fire Potion"},{"floor":16,"key":"SkillPotion"},{"floor":18,"key":"SkillPotion"},{"floor":19,"key":"Ancient Potion"}],"is_trial":false,"path_per_floor":["M","?","M","T","M","R","?","R","T","?","M","R","$","M","R","B",null,"M","M","M"],"character_chosen":"IRONCLAD","items_purchased":["HandDrill"],"campfire_rested":0,"item_purchase_floors":[13],"current_hp_per_floor":[78,67,71,71,69,69,69,69,69,69,65,65,65,63,63,38,70,29,17,0],"gold":230,"neow_bonus":"RANDOM_COLORLESS_2","is_prod":false,"is_daily":false,"chose_seed":false,"campfire_upgraded":4,"win_rate":0,"timestamp":1547413674,"path_taken":["M","?","M","?","M","R","?","R","T","?","M","R","?","?","R","BOSS","M","M","M"],"build_version":"2019-01-10","purchased_purges":1,"victory":false,"max_hp_per_floor":[80,80,80,80,80,80,80,80,80,80,80,80,80,80,80,80,80,80,80,80],"card_choices":[{"not_picked":["Pummel","Body Slam"],"picked":"Fire Breathing","floor":1},{"not_picked":["Dual Wield","Sword Boomerang"],"picked":"Rampage","floor":3},{"not_picked":["Clash","Havoc","Warcry"],"picked":"SKIP","floor":5},{"not_picked":["Thunderclap","Inflame+1"],"picked":"Battle Trance","floor":11},{"not_picked":["Armaments","Carnage"],"picked":"Cleave","floor":14},{"not_picked":["Bludgeon","Limit Break"],"picked":"Demon Form+1","floor":16},{"not_picked":["Rage","Perfected Strike"],"picked":"Armaments+1","floor":18},{"not_picked":["Perfected Strike","Clash"],"picked":"Warcry+1","floor":19}],"player_experience":1747565,"relics_obtained":[{"floor":4,"key":"Frozen Egg 2"},{"floor":9,"key":"Vajra"}],"event_choices":[{"damage_healed":0,"gold_gain":75,"player_choice":"Gather Gold","damage_taken":11,"max_hp_gain":0,"max_hp_loss":0,"event_name":"World of Goop","floor":2,"gold_loss":0},{"damage_healed":0,"gold_gain":0,"player_choice":"Grow","damage_taken":0,"max_hp_gain":0,"max_hp_loss":0,"event_name":"Living Wall","floor":7,"gold_loss":0,"cards_upgraded":["Flash of Steel"]},{"damage_healed":0,"gold_gain":0,"player_choice":"Box","damage_taken":0,"relics_obtained":["Happy Flower"],"max_hp_gain":0,"max_hp_loss":0,"event_name":"Big Fish","floor":10,"gold_loss":0,"cards_obtained":["Regret"]}],"is_beta":false,"boss_relics":[{"not_picked":["Runic Pyramid","Tiny House"],"picked":"White Beast Statue"}],"items_purged_floors":[13],"is_endless":false,"potions_floor_spawned":[3,5,16,18,19],"killed_by":"Snake Plant","ascension_level":10}