{"gold_per_floor":[114,140,152,327,55,81,81,114,175,187,227,249,261,348,360,469,481,503,615,660,684,52,52,153,153,153,187,201,236,269,304,304,404,404,437,496,861,896,915,970,970,970,996,431,431,465,521,743,743,763],"floor_reached":51,"playtime":2924,"items_purged":["Doubt","Strike_R","Parasite"],"score":838,"play_id":"86900635-6935-4863-b2aa-6a2aef4db11e","local_time":"20190521141203","is_ascension_mode":false,"campfire_choices":[{"data":"Uppercut","floor":7,"key":"SMITH"},{"data":"Carnage","floor":13,"key":"SMITH"},{"data":"Bash","floor":15,"key":"SMITH"},{"data":"Disarm","floor":23,"key":"SMITH"},{"data":"Regret","floor":32,"key":"PURGE"},{"data":"Limit Break","floor":41,"key":"SMITH"},{"data":"Strike_R","floor":45,"key":"PURGE"},{"data":"Strike_R","floor":49,"key":"PURGE"}],"neow_cost":"NONE","seed_source_timestamp":65256819516800,"circlet_count":0,"master_deck":["Defend_R","Defend_R","Defend_R+1","Defend_R","Bash+1","Infernal Blade+1","Carnage+1","Disarm+1","Uppercut+1","True Grit","Headbutt","Spot Weakness","Reaper","Headbutt","Inflame+1","Clothesline","HandOfGreed","Armaments","Anger","Iron Wave+1","Inflame","Flex+1","Limit Break+1","Feel No Pain","Dual Wield+1","Armaments+1","Metallicize+1","Pummel"],"relics":["Burning Blood","War Paint","Sundial","MawBank","Anchor","Bottled Lightning","Cursed Key","StoneCalendar","Paper Frog","Red Mask","Orichalcum","ClockworkSouvenir","Happy Flower","Nilry\u0027s Codex","Peace Pipe","Charon\u0027s Ashes","Snecko Eye","Old Coin","Ginger","Potion Belt","Pocketwatch","Nunchaku"],"potions_floor_usage":[6,8,19,19,20,20,20,31,33,33,38,50,50,50,50,50],"damage_taken":[{"damage":1,"enemies":"Cultist","floor":1,"turns":3},{"damage":0,"enemies":"Small Slimes","floor":3,"turns":3},{"damage":10,"enemies":"Lagavulin","floor":6,"turns":6},{"damage":6,"enemies":"Gremlin Nob","floor":8,"turns":3},{"damage":15,"enemies":"Lagavulin","floor":11,"turns":5},{"damage":0,"enemies":"2 Louse","floor":12,"turns":2},{"damage":29,"enemies":"Slime Boss","floor":16,"turns":9},{"damage":10,"enemies":"Spheric Guardian","floor":18,"turns":3},{"damage":8,"enemies":"Colosseum Slavers","floor":19,"turns":4},{"damage":0,"enemies":"Colosseum Nobs","floor":19,"turns":4},{"damage":3,"enemies":"Masked Bandits","floor":20,"turns":3},{"damage":1,"enemies":"Chosen","floor":21,"turns":4},{"damage":24,"enemies":"Slavers","floor":24,"turns":5},{"damage":12,"enemies":"Gremlin Leader","floor":27,"turns":7},{"damage":0,"enemies":"Snecko","floor":28,"turns":3},{"damage":2,"enemies":"Centurion and Healer","floor":29,"turns":7},{"damage":4,"enemies":"Snake Plant","floor":30,"turns":5},{"damage":2,"enemies":"Shelled Parasite and Fungi","floor":31,"turns":3},{"damage":14,"enemies":"Collector","floor":33,"turns":7},{"damage":11,"enemies":"3 Darklings","floor":35,"turns":4},{"damage":11,"enemies":"3 Shapes","floor":36,"turns":5},{"damage":35,"enemies":"2 Orb Walkers","floor":37,"turns":4},{"damage":0,"enemies":"3 Darklings","floor":38,"turns":5},{"damage":0,"enemies":"Transient","floor":39,"turns":5},{"damage":10,"enemies":"Giant Head","floor":40,"turns":6},{"damage":9,"enemies":"Writhing Mass","floor":46,"turns":2},{"damage":0,"enemies":"Reptomancer","floor":47,"turns":6},{"damage":22,"enemies":"Donu and Deca","floor":50,"turns":5}],"seed_played":"-1648615117978446465","potions_obtained":[{"floor":3,"key":"SteroidPotion"},{"floor":12,"key":"Poison Potion"},{"floor":16,"key":"GamblersBrew"},{"floor":19,"key":"EntropicBrew"},{"floor":21,"key":"EssenceOfSteel"},{"floor":24,"key":"FearPotion"},{"floor":30,"key":"Strength Potion"},{"floor":37,"key":"Fruit Juice"},{"floor":38,"key":"PowerPotion"},{"floor":40,"key":"GamblersBrew"}],"is_trial":false,"path_per_floor":["M","T","M","?","$","E","R","E","T","?","E","M","R","?","R","B",null,"M","?","?","M","$","R","E","?","T","E","M","M","M","M","R","B",null,"M","M","?","M","M","E","R","?","T","$","R","M","E","?","R","B",null],"character_chosen":"IRONCLAD","items_purchased":["FearPotion","Disarm","Uppercut","HandOfGreed","Armaments","Orichalcum","ClockworkSouvenir","Pocketwatch","Block Potion","Strength Potion","Block Potion"],"campfire_rested":0,"item_purchase_floors":[5,5,5,22,22,22,22,44,44,44,44],"current_hp_per_floor":[80,80,80,80,80,76,76,76,76,81,72,78,78,67,67,44,85,81,85,85,85,85,85,67,51,51,75,85,85,85,85,85,77,85,80,75,46,90,90,90,90,90,90,87,87,84,87,87,87,87],"gold":763,"neow_bonus":"REMOVE_CARD","is_prod":false,"is_daily":false,"chose_seed":false,"campfire_upgraded":5,"win_rate":1,"timestamp":1558473123,"path_taken":["M","?","?","?","$","E","R","E","T","?","E","M","R","?","R","BOSS","M","?","?","?","$","R","E","?","T","E","M","M","M","M","R","BOSS","M","M","?","M","M","E","R","?","T","$","R","M","E","?","R","BOSS"],"build_version":"2019-01-23","purchased_purges":3,"victory":true,"max_hp_per_floor":[80,80,80,80,80,80,80,80,80,85,85,85,85,85,85,85,85,85,85,85,85,85,85,85,85,85,85,85,85,85,85,85,85,85,85,85,85,90,90,90,90,90,90,87,87,87,87,87,87,87],"card_choices":[{"not_picked":["Heavy Blade","Hemokinesis"],"picked":"Infernal Blade","floor":1},{"not_picked":["Body Slam","Anger"],"picked":"Carnage","floor":3},{"not_picked":["Infernal Blade","Burning Pact"],"picked":"True Grit","floor":6},{"not_picked":["Double Tap","Sword Boomerang"],"picked":"Headbutt","floor":8},{"not_picked":["Havoc","Rage","Reckless Charge"],"picked":"SKIP","floor":11},{"not_picked":["Hemokinesis","Clash"],"picked":"Spot Weakness","floor":12},{"not_picked":["Dark Embrace","Fiend Fire"],"picked":"Reaper","floor":16},{"not_picked":["Cleave","Searing Blow"],"picked":"Headbutt","floor":18},{"not_picked":["Power Through+1","Cleave"],"picked":"Inflame+1","floor":20},{"not_picked":["Twin Strike","Rampage+1"],"picked":"Clothesline","floor":21},{"not_picked":["Dual Wield","Sword Boomerang"],"picked":"Anger","floor":24},{"not_picked":["Combust","Uppercut","Armaments"],"picked":"SKIP","floor":27},{"not_picked":["Burning Pact","Clothesline"],"picked":"Iron Wave+1","floor":28},{"not_picked":["Sentinel","Havoc","Rupture"],"picked":"SKIP","floor":29},{"not_picked":["Rupture","Havoc"],"picked":"Inflame","floor":30},{"not_picked":["Iron Wave","Blood for Blood"],"picked":"Flex+1","floor":31},{"not_picked":["Barricade","Fiend Fire"],"picked":"Limit Break","floor":33},{"not_picked":["Havoc","Iron Wave+1"],"picked":"Feel No Pain","floor":35},{"not_picked":["Twin Strike+1","Thunderclap+1","Body Slam"],"picked":"SKIP","floor":36},{"not_picked":["Fire Breathing","Second Wind"],"picked":"Dual Wield+1","floor":37},{"not_picked":["Dual Wield+1","Body Slam","Clothesline"],"picked":"SKIP","floor":38},{"not_picked":["Wild Strike+1","Flex"],"picked":"Armaments+1","floor":39},{"not_picked":["Fiend Fire","Anger+1"],"picked":"Metallicize+1","floor":40},{"not_picked":["Cleave","Bloodletting+1","Armaments+1"],"picked":"SKIP","floor":46},{"not_picked":["Fire Breathing+1","Seeing Red+1"],"picked":"Pummel","floor":47}],"player_experience":842121,"relics_obtained":[{"floor":2,"key":"War Paint"},{"floor":6,"key":"Sundial"},{"floor":8,"key":"MawBank"},{"floor":9,"key":"Anchor"},{"floor":11,"key":"Bottled Lightning"},{"floor":19,"key":"StoneCalendar"},{"floor":19,"key":"Paper Frog"},{"floor":20,"key":"Red Mask"},{"floor":24,"key":"Happy Flower"},{"floor":25,"key":"Nilry\u0027s Codex"},{"floor":26,"key":"Peace Pipe"},{"floor":27,"key":"Charon\u0027s Ashes"},{"floor":37,"key":"Old Coin"},{"floor":40,"key":"Ginger"},{"floor":43,"key":"Potion Belt"},{"floor":47,"key":"Nunchaku"}],"event_choices":[{"damage_healed":0,"gold_gain":175,"player_choice":"AGREE","damage_taken":0,"max_hp_gain":0,"max_hp_loss":0,"event_name":"Liars Game","floor":4,"gold_loss":0,"cards_obtained":["Doubt"]},{"damage_healed":0,"gold_gain":0,"player_choice":"Donut","damage_taken":0,"max_hp_gain":5,"max_hp_loss":0,"event_name":"Big Fish","floor":10,"gold_loss":0},{"damage_healed":0,"gold_gain":75,"player_choice":"Gather Gold","damage_taken":11,"max_hp_gain":0,"max_hp_loss":0,"event_name":"World of Goop","floor":14,"gold_loss":0},{"damage_healed":0,"gold_gain":0,"player_choice":"Fight","damage_taken":0,"max_hp_gain":0,"max_hp_loss":0,"event_name":"Colosseum","floor":19,"gold_loss":0},{"damage_healed":0,"gold_gain":0,"player_choice":"Fought Nobs","damage_taken":0,"max_hp_gain":0,"max_hp_loss":0,"event_name":"Colosseum","floor":19,"gold_loss":0},{"damage_healed":0,"gold_gain":0,"player_choice":"Fought Bandits","damage_taken":0,"max_hp_gain":0,"max_hp_loss":0,"event_name":"Masked Bandits","floor":20,"gold_loss":0},{"damage_healed":0,"gold_gain":0,"player_choice":"Obtained Book","damage_taken":16,"max_hp_gain":0,"max_hp_loss":0,"event_name":"Cursed Tome","floor":25,"gold_loss":0},{"damage_healed":0,"gold_gain":0,"player_choice":"Fight","damage_taken":0,"max_hp_gain":0,"max_hp_loss":0,"event_name":"Mysterious Sphere","floor":37,"gold_loss":0},{"cards_removed":["Strike_R"],"damage_healed":0,"gold_gain":0,"player_choice":"Removed Attack","damage_taken":0,"max_hp_gain":0,"max_hp_loss":0,"event_name":"Falling","floor":42,"gold_loss":0},{"damage_healed":0,"gold_gain":222,"player_choice":"Wore Mask","damage_taken":0,"max_hp_gain":0,"max_hp_loss":0,"event_name":"Tomb of Lord Red Mask","floor":48,"gold_loss":0}],"is_beta":false,"boss_relics":[{"not_picked":["Pandora\u0027s Box","Orrery"],"picked":"Cursed Key"},{"not_picked":["Philosopher\u0027s Stone","Runic Cube"],"picked":"Snecko Eye"}],"items_purged_floors":[5,22,44],"is_endless":false,"potions_floor_spawned":[3,12,16,19,21,24,27,29,30,37,38,40,47],"ascension_level":0}