{"gold_per_floor":[119,119,134,134,147,147,72,72,72,72,87,87,99,124,124,201,201,215,228,228,228],"floor_reached":21,"playtime":766,"items_purged":["Injury"],"score":295,"play_id":"73ae4a17-15b3-4551-b050-d1eb0e1c92fd","local_time":"20190330233354","is_ascension_mode":true,"campfire_choices":[{"data":"Beam Cell","floor":6.0,"key":"SMITH"},{"data":"Dualcast","floor":10.0,"key":"SMITH"},{"data":"White Noise","floor":12.0,"key":"SMITH"},{"data":"Sunder","floor":15.0,"key":"SMITH"}],"neow_cost":"CURSE","seed_source_timestamp":0,"circlet_count":0,"master_deck":["AscendersBane","Strike_B","Strike_B","Strike_B","Defend_B","Defend_B","Defend_B","Defend_B","Zap","Dualcast+1","Sunder+1","Beam Cell+1","White Noise+1","Sunder+1","Loop","Machine Learning","Necronomicurse"],"special_seed":0,"relics":["Cracked Core","Gambling Chip","Meat on the Bone","Blood Vial","PreservedInsect","Eternal Feather","Necronomicon"],"potions_floor_usage":[18,19],"damage_taken":[{"damage":1.0,"enemies":"Cultist","floor":1.0,"turns":3.0},{"damage":0.0,"enemies":"2 Louse","floor":3.0,"turns":2.0},{"damage":3.0,"enemies":"Jaw Worm","floor":5.0,"turns":4.0},{"damage":0.0,"enemies":"Exordium Thugs","floor":11.0,"turns":4.0},{"damage":4.0,"enemies":"Exordium Wildlife","floor":13.0,"turns":3.0},{"damage":15.0,"enemies":"Gremlin Nob","floor":14.0,"turns":3.0},{"damage":26,"enemies":"Slime Boss","floor":16,"turns":7},{"damage":15,"enemies":"Shell Parasite","floor":18,"turns":4},{"damage":32,"enemies":"3 Byrds","floor":19,"turns":5},{"damage":22,"enemies":"Snake Plant","floor":21,"turns":2}],"seed_played":"1792912856612599074","potions_obtained":[{"floor":1.0,"key":"Poison Potion"},{"floor":5.0,"key":"PowerPotion"}],"is_trial":false,"path_per_floor":["M","T","M","?","M","R","$","?","T","R","M","R","M","E","R","B",null,"M","M","?","M"],"character_chosen":"DEFECT","items_purchased":[],"campfire_rested":0,"item_purchase_floors":[],"current_hp_per_floor":[67,67,67,67,64,64,64,64,64,64,66,66,64,51,51,39,66,53,35,19,0],"gold":228,"neow_bonus":"ONE_RARE_RELIC","is_prod":false,"is_daily":false,"chose_seed":false,"campfire_upgraded":4,"win_rate":0,"timestamp":1554003234,"path_taken":["M","?","M","?","M","R","$","?","T","R","M","R","?","E","R","BOSS","M","M","?","M"],"build_version":"2019-01-23","purchased_purges":1,"victory":false,"max_hp_per_floor":[75,75,75,75,75,75,75,75,75,75,75,75,75,75,75,75,75,75,75,75,75],"card_choices":[{"not_picked":["Chaos","Ball Lightning"],"picked":"Sunder","floor":1.0},{"not_picked":["Gash","Ball Lightning","Redo"],"picked":"SKIP","floor":3.0},{"not_picked":["FTL","Compile Driver"],"picked":"Beam Cell","floor":5.0},{"not_picked":["Aggregate","Hologram"],"picked":"White Noise","floor":11.0},{"not_picked":["Hologram","Static Discharge"],"picked":"Sunder","floor":13.0},{"not_picked":["Coolheaded","Tempest"],"picked":"Loop","floor":14.0},{"not_picked":["Hyperbeam","Amplify"],"picked":"Machine Learning","floor":16},{"not_picked":["Auto Shields","Barrage","Go for the Eyes"],"picked":"SKIP","floor":18},{"not_picked":["Rebound","Consume+1","Scrape"],"picked":"SKIP","floor":19}],"player_experience":2553890,"relics_obtained":[{"floor":2.0,"key":"Meat on the Bone"},{"floor":9.0,"key":"Blood Vial"},{"floor":14.0,"key":"PreservedInsect"},{"floor":20,"key":"Necronomicon"}],"event_choices":[{"damage_healed":0.0,"max_hp_gain":0.0,"max_hp_loss":0.0,"gold_gain":0.0,"event_name":"Living Wall","player_choice":"Grow","floor":4.0,"gold_loss":0.0,"damage_taken":0.0,"cards_upgraded":["Sunder"]},{"cards_removed":["Strike_B"],"damage_healed":0.0,"max_hp_gain":0.0,"max_hp_loss":0.0,"gold_gain":0.0,"event_name":"Bonfire Elementals","player_choice":"Offered Basic","floor":8.0,"gold_loss":0.0,"damage_taken":0.0},{"damage_healed":0,"gold_gain":0,"player_choice":"Obtained Book","damage_taken":16,"max_hp_gain":0,"max_hp_loss":0,"event_name":"Cursed Tome","floor":20,"gold_loss":0}],"is_beta":false,"boss_relics":[{"not_picked":["Coffee Dripper","Velvet Choker"],"picked":"Eternal Feather"}],"items_purged_floors":[7],"is_endless":false,"potions_floor_spawned":[1,5,14],"killed_by":"Snake Plant","ascension_level":13}