{"gold_per_floor":[110,48,61,73,73,100,111,111,182,194,226,326,360,373,373,478,478,492,492,506,526,57,87,117,145,222,239,239,269,194,207,207,309,309,323,206,219,236,253,253,279,294,346,346,373,389,389,404,404,404],"floor_reached":51,"playtime":5335,"items_purged":[],"score":1011,"play_id":"bf1d0f45-30ef-480f-b4de-fc09d4ba1311","local_time":"20181226010500","daily_mods":["Draft"],"is_ascension_mode":true,"campfire_choices":[{"floor":8,"key":"REST"},{"data":"Footwork","floor":15,"key":"SMITH"},{"floor":24,"key":"DIG"},{"floor":28,"key":"DIG"},{"floor":32,"key":"DIG"},{"floor":40,"key":"DIG"},{"floor":44,"key":"DIG"},{"floor":47,"key":"DIG"},{"floor":49,"key":"DIG"}],"neow_cost":"","seed_source_timestamp":353003367984586,"circlet_count":0,"master_deck":["Footwork","Dagger Spray","Finisher","Leg Sweep","Blade Dance","Backflip","Dodge and Roll","Footwork+1","Flying Knee","Flechettes","Flechettes","Backflip","Blade Dance","Dagger Spray","Leg Sweep+1","Infinite Blades","Adrenaline+1","Dodge and Roll","Escape Plan","Die Die Die","Adrenaline","Panache","Caltrops","Backflip+1","Envenom","Noxious Fumes","Backstab","Well Laid Plans+1","Infinite Blades","Cloak And Dagger","Accuracy","Envenom","Parasite"],"relics":["Ring of the Snake","Tingsha","Happy Flower","Kunai","Potion Belt","War Paint","Fusion Hammer","Darkstone Periapt","Shovel","Prayer Wheel","Tiny Chest","Ancient Tea Set","Mummified Hand","Anchor","Matryoshka","The Courier","Black Star","Oddly Smooth Stone","Smiling Mask","Ninja Scroll","Meat on the Bone","Dream Catcher","StoneCalendar","Strawberry","Orichalcum","Bottled Flame","Shuriken"],"potions_floor_usage":[16,38,50],"damage_taken":[{"damage":0,"enemies":"Jaw Worm","floor":1,"turns":3},{"damage":0,"enemies":"Cultist","floor":3,"turns":2},{"damage":1,"enemies":"Small Slimes","floor":4,"turns":4},{"damage":28,"enemies":"3 Sentries","floor":6,"turns":6},{"damage":6,"enemies":"Red Slaver","floor":7,"turns":3},{"damage":0,"enemies":"Large Slime","floor":10,"turns":4},{"damage":2,"enemies":"Lagavulin","floor":11,"turns":5},{"damage":20,"enemies":"Gremlin Nob","floor":13,"turns":4},{"damage":1,"enemies":"Looter","floor":14,"turns":2},{"damage":0,"enemies":"Hexaghost","floor":16,"turns":12},{"damage":0,"enemies":"Spheric Guardian","floor":18,"turns":1},{"damage":0,"enemies":"3 Byrds","floor":20,"turns":2},{"damage":6,"enemies":"Snake Plant","floor":21,"turns":4},{"damage":0,"enemies":"Gremlin Leader","floor":23,"turns":5},{"damage":0,"enemies":"Book of Stabbing","floor":25,"turns":5},{"damage":4,"enemies":"Centurion and Healer","floor":27,"turns":4},{"damage":0,"enemies":"Gremlin Leader","floor":29,"turns":3},{"damage":0,"enemies":"Chosen and Byrds","floor":31,"turns":3},{"damage":9,"enemies":"Collector","floor":33,"turns":6},{"damage":0,"enemies":"3 Shapes","floor":35,"turns":3},{"damage":0,"enemies":"3 Darklings","floor":37,"turns":3},{"damage":0,"enemies":"4 Shapes","floor":38,"turns":2},{"damage":13,"enemies":"Jaw Worm Horde","floor":39,"turns":4},{"damage":15,"enemies":"Nemesis","floor":41,"turns":5},{"damage":0,"enemies":"Writhing Mass","floor":42,"turns":4},{"damage":0,"enemies":"Giant Head","floor":45,"turns":6},{"damage":0,"enemies":"3 Darklings","floor":46,"turns":4},{"damage":7,"enemies":"4 Shapes","floor":48,"turns":4},{"damage":33,"enemies":"Awakened One","floor":50,"turns":7}],"seed_played":"-8716497184467957831","potions_obtained":[{"floor":3,"key":"Regen Potion"},{"floor":10,"key":"Weak Potion"},{"floor":11,"key":"SmokeBomb"},{"floor":13,"key":"Explosive Potion"},{"floor":18,"key":"SpeedPotion"},{"floor":21,"key":"Energy Potion"},{"floor":25,"key":"Energy Potion"},{"floor":27,"key":"Strength Potion"},{"floor":38,"key":"Fire Potion"},{"floor":42,"key":"SkillPotion"},{"floor":45,"key":"Regen Potion"}],"is_trial":true,"path_per_floor":["M","?","M","M","$","E","M","R","T","M","E","?","E","M","R","B",null,"M","T","M","M","$","E","R","E","T","M","R","E","?","M","R","B",null,"M","$","M","M","M","R","E","M","T","R","E","M","R","M","R","B",null],"character_chosen":"THE_SILENT","items_purchased":["Shovel","Panache","Noxious Fumes","Backstab"],"campfire_rested":1,"item_purchase_floors":[22,22,36,36],"current_hp_per_floor":[70,70,70,69,69,41,35,56,56,56,54,54,34,33,33,33,70,70,70,70,64,64,64,64,64,64,60,60,60,60,60,60,51,70,70,70,70,70,57,57,42,48,48,48,55,55,55,48,48,27],"gold":404,"neow_bonus":"","is_prod":false,"is_daily":false,"chose_seed":false,"campfire_upgraded":1,"win_rate":0,"timestamp":1545807900,"path_taken":["M","?","?","M","$","E","M","R","T","M","E","?","E","M","R","BOSS","M","?","M","M","$","E","R","E","T","M","R","E","?","M","R","BOSS","M","$","M","M","M","R","E","M","T","R","E","M","R","M","R","BOSS"],"build_version":"2018-12-20","purchased_purges":0,"victory":true,"max_hp_per_floor":[70,70,70,70,70,70,70,70,70,70,70,70,70,70,70,70,70,70,70,70,70,70,70,70,70,70,70,70,70,70,70,70,70,70,70,70,70,70,70,70,70,76,76,76,83,83,83,83,83,83],"card_choices":[{"not_picked":["Poisoned Stab","Cloak And Dagger"],"picked":"Footwork","floor":0},{"not_picked":["Distraction","PiercingWail"],"picked":"Dagger Spray","floor":0},{"not_picked":["Calculated Gamble","Infinite Blades"],"picked":"Finisher","floor":0},{"not_picked":["Prepared","Blur"],"picked":"Leg Sweep","floor":0},{"not_picked":["Heel Hook","Sucker Punch"],"picked":"Blade Dance","floor":0},{"not_picked":["Dodge and Roll","Outmaneuver"],"picked":"Backflip","floor":0},{"not_picked":["Slice","Well Laid Plans"],"picked":"Dodge and Roll","floor":0},{"not_picked":["Bane","Dodge and Roll"],"picked":"Footwork","floor":0},{"not_picked":["PiercingWail","Outmaneuver"],"picked":"Flying Knee","floor":0},{"not_picked":["All Out Attack","Backflip"],"picked":"Poisoned Stab","floor":0},{"not_picked":["Deadly Poison","Prepared"],"picked":"Flechettes","floor":0},{"not_picked":["Setup","Sucker Punch"],"picked":"Flechettes","floor":0},{"not_picked":["Catalyst","Deflect"],"picked":"Backflip","floor":0},{"not_picked":["Expertise","Dagger Throw"],"picked":"Blade Dance","floor":0},{"not_picked":["Sucker Punch","Outmaneuver"],"picked":"Dagger Spray","floor":0},{"not_picked":["Eviscerate","Quick Slash"],"picked":"Leg Sweep","floor":1},{"not_picked":["Bane","Dash","Flechettes"],"picked":"SKIP","floor":3},{"not_picked":["Concentrate","Heel Hook"],"picked":"Infinite Blades","floor":4},{"not_picked":["Cloak And Dagger","After Image"],"picked":"Adrenaline","floor":6},{"not_picked":["Prepared","Deadly Poison","Dagger Throw"],"picked":"SKIP","floor":7},{"not_picked":["Blur","PiercingWail"],"picked":"Dodge and Roll","floor":10},{"not_picked":["Masterful Stab","Crippling Poison","Dodge and Roll"],"picked":"SKIP","floor":11},{"not_picked":["Slice","Outmaneuver"],"picked":"Escape Plan","floor":13},{"not_picked":["Bane","Quick Slash"],"picked":"Die Die Die","floor":14},{"not_picked":["Storm of Steel","Venomology"],"picked":"Adrenaline","floor":16},{"not_picked":["Masterful Stab","Deflect+1","Acrobatics"],"picked":"SKIP","floor":18},{"not_picked":["Leg Sweep+1","Flechettes","Expertise+1"],"picked":"SKIP","floor":20},{"not_picked":["PiercingWail","Dodge and Roll","Blade Dance"],"picked":"SKIP","floor":21},{"not_picked":["Crippling Poison","Dagger Throw+1","Predator+1"],"picked":"SKIP","floor":23},{"not_picked":["Grand Finale","Deadly Poison"],"picked":"Caltrops","floor":25},{"not_picked":["Sucker Punch","Flying Knee","Crippling Poison"],"picked":"SKIP","floor":27},{"not_picked":["Blade Dance","Calculated Gamble","Slice"],"picked":"SKIP","floor":27},{"not_picked":["Endless Agony","Prepared","Deadly Poison"],"picked":"SKIP","floor":29},{"not_picked":["Calculated Gamble+1","Acrobatics"],"picked":"Backflip+1","floor":31},{"not_picked":["Masterful Stab","Riddle With Holes","Calculated Gamble"],"picked":"SKIP","floor":31},{"not_picked":["A Thousand Cuts","Adrenaline"],"picked":"Envenom","floor":33},{"not_picked":["Predator","Deadly Poison","Choke+1"],"picked":"SKIP","floor":35},{"not_picked":["Outmaneuver","PiercingWail+1","Slice"],"picked":"SKIP","floor":35},{"not_picked":["Quick Slash","All Out Attack+1"],"picked":"Well Laid Plans+1","floor":37},{"not_picked":["Skewer","All Out Attack+1","Dodge and Roll+1"],"picked":"SKIP","floor":37},{"not_picked":["Backstab+1","Outmaneuver"],"picked":"Infinite Blades","floor":38},{"not_picked":["Choke+1","Sucker Punch","Venomology"],"picked":"SKIP","floor":38},{"not_picked":["Acrobatics","Dodge and Roll+1"],"picked":"Cloak And Dagger","floor":39},{"not_picked":["Quick Slash","All Out Attack"],"picked":"Accuracy","floor":39},{"not_picked":["Footwork+1","Dagger Throw"],"picked":"Envenom","floor":41},{"not_picked":["Slice+1","Underhanded Strike+1","Outmaneuver"],"picked":"SKIP","floor":42},{"not_picked":["Dagger Spray+1","Slice+1","Riddle With Holes+1"],"picked":"SKIP","floor":42},{"not_picked":["Caltrops","Concentrate","A Thousand Cuts"],"picked":"SKIP","floor":45},{"not_picked":["Cloak And Dagger","Dagger Throw","Deflect"],"picked":"SKIP","floor":46},{"not_picked":["Flying Knee+1","Bane","Acrobatics"],"picked":"SKIP","floor":46},{"not_picked":["Cloak And Dagger","Poisoned Stab+1","Deadly Poison+1"],"picked":"SKIP","floor":48},{"not_picked":["Dagger Throw","All Out Attack+1","Slice+1"],"picked":"SKIP","floor":48}],"player_experience":305069,"relics_obtained":[{"floor":6,"key":"Happy Flower"},{"floor":9,"key":"Kunai"},{"floor":11,"key":"Potion Belt"},{"floor":13,"key":"War Paint"},{"floor":19,"key":"Darkstone Periapt"},{"floor":23,"key":"Prayer Wheel"},{"floor":24,"key":"Tiny Chest"},{"floor":25,"key":"Ancient Tea Set"},{"floor":26,"key":"Mummified Hand"},{"floor":28,"key":"Anchor"},{"floor":29,"key":"Matryoshka"},{"floor":32,"key":"The Courier"},{"floor":40,"key":"Oddly Smooth Stone"},{"floor":41,"key":"Smiling Mask"},{"floor":41,"key":"Ninja Scroll"},{"floor":43,"key":"Meat on the Bone"},{"floor":43,"key":"Dream Catcher"},{"floor":44,"key":"StoneCalendar"},{"floor":45,"key":"Strawberry"},{"floor":45,"key":"Orichalcum"},{"floor":47,"key":"Bottled Flame"},{"floor":49,"key":"Shuriken"}],"event_choices":[{"damage_healed":0,"gold_gain":0,"player_choice":"Paid Gold","damage_taken":0,"relics_obtained":["Tingsha"],"max_hp_gain":0,"max_hp_loss":0,"event_name":"WeMeetAgain","floor":2,"gold_loss":62},{"damage_healed":0,"gold_gain":100,"player_choice":"Pray","damage_taken":0,"max_hp_gain":0,"max_hp_loss":0,"event_name":"Golden Shrine","floor":12,"gold_loss":0},{"cards_removed":["Poisoned Stab"],"damage_healed":0,"gold_gain":0,"player_choice":"Gave Gold","damage_taken":0,"max_hp_gain":0,"max_hp_loss":0,"event_name":"Beggar","floor":30,"gold_loss":75}],"is_beta":false,"boss_relics":[{"not_picked":["Snecko Eye","Ectoplasm"],"picked":"Fusion Hammer"},{"not_picked":["White Beast Statue","Eternal Feather"],"picked":"Black Star"}],"items_purged_floors":[],"is_endless":false,"potions_floor_spawned":[3,10,11,13,18,21,25,27,29,37,38,39,42,45],"ascension_level":1}