{"gold_per_floor":[116,116,127,142,142,142,176,196,196,43,61,61,72,72],"floor_reached":14,"playtime":446,"items_purged":["Defend_R"],"score":184,"play_id":"4fc9fdc0-fa28-433e-bbc4-d932cf457082","local_time":"20190513095620","is_ascension_mode":true,"campfire_choices":[{"floor":6.0,"key":"REST"}],"neow_cost":"NONE","seed_source_timestamp":1525159022197577,"circlet_count":0,"master_deck":["AscendersBane","Strike_R","Strike_R","Strike_R","Strike_R","Defend_R","Defend_R","Defend_R","Bash","Clash","Ghostly Armor","Inflame","Seeing Red","Disarm","Juggernaut","Iron Wave"],"special_seed":0,"relics":["Burning Blood","NeowsBlessing","Magic Flower","Bottled Tornado","Darkstone Periapt","GremlinMask"],"potions_floor_usage":[],"damage_taken":[{"damage":0.0,"enemies":"Jaw Worm","floor":1.0,"turns":1.0},{"damage":0.0,"enemies":"Cultist","floor":3.0,"turns":1.0},{"damage":0.0,"enemies":"2 Louse","floor":4.0,"turns":1.0},{"damage":50.0,"enemies":"Lagavulin","floor":7.0,"turns":7.0},{"damage":0.0,"enemies":"Large Slime","floor":8.0,"turns":4.0},{"damage":2.0,"enemies":"3 Louse","floor":11.0,"turns":3.0},{"damage":10.0,"enemies":"Blue Slaver","floor":13.0,"turns":4.0},{"damage":52,"enemies":"Gremlin Nob","floor":14,"turns":4}],"seed_played":"-8848465561524944269","potions_obtained":[{"floor":3.0,"key":"Swift Potion"},{"floor":4.0,"key":"Ancient Potion"},{"floor":8.0,"key":"Fire Potion"}],"is_trial":false,"path_per_floor":["M","?","M","M","?","R","E","M","T","$","M","?","M","E"],"character_chosen":"IRONCLAD","items_purchased":["Disarm"],"campfire_rested":1,"item_purchase_floors":[10],"current_hp_per_floor":[74,74,75,75,40,62,21,30,30,30,37,37,36,0],"gold":72,"neow_bonus":"THREE_ENEMY_KILL","is_prod":false,"is_daily":false,"chose_seed":false,"campfire_upgraded":0,"win_rate":0,"timestamp":1557750380,"path_taken":["M","?","M","?","?","R","E","M","T","$","M","?","?","E"],"build_version":"2019-01-23","purchased_purges":1,"victory":false,"max_hp_per_floor":[75,75,75,75,75,75,75,75,75,75,75,75,75,75],"card_choices":[{"not_picked":["Reckless Charge","Feel No Pain"],"picked":"Clash","floor":1.0},{"not_picked":["Heavy Blade","Flex","Havoc"],"picked":"SKIP","floor":3.0},{"not_picked":["Thunderclap","Sword Boomerang"],"picked":"Inflame","floor":4.0},{"not_picked":["Intimidate","Rupture","Combust"],"picked":"SKIP","floor":7.0},{"not_picked":["Flame Barrier","True Grit"],"picked":"Seeing Red","floor":8.0},{"not_picked":["Pommel Strike","Perfected Strike"],"picked":"Juggernaut","floor":11.0},{"not_picked":["Sentinel","True Grit"],"picked":"Iron Wave","floor":13.0}],"player_experience":1199814,"relics_obtained":[{"floor":7.0,"key":"Bottled Tornado"},{"floor":9.0,"key":"Darkstone Periapt"}],"event_choices":[{"damage_healed":0.0,"max_hp_gain":0.0,"max_hp_loss":0.0,"gold_gain":0.0,"cards_transformed":["Strike_R"],"event_name":"Transmorgrifier","player_choice":"Transformed","floor":2.0,"gold_loss":0.0,"damage_taken":0.0,"cards_obtained":["Ghostly Armor"]},{"damage_healed":0.0,"max_hp_gain":0.0,"max_hp_loss":0.0,"gold_gain":0.0,"event_name":"Scrap Ooze","player_choice":"Success","floor":5.0,"gold_loss":0.0,"damage_taken":35.0,"relics_obtained":["Magic Flower"]},{"damage_healed":0.0,"max_hp_gain":0.0,"max_hp_loss":0.0,"gold_gain":0.0,"event_name":"FaceTrader","player_choice":"Trade","floor":12.0,"gold_loss":0.0,"damage_taken":0.0,"relics_obtained":["GremlinMask"]}],"is_beta":false,"boss_relics":[],"items_purged_floors":[10],"is_endless":false,"potions_floor_spawned":[3,4,8],"killed_by":"Gremlin Nob","ascension_level":20}