{"gold_per_floor":[111,128,147,80,155,189,205,205,205,233,188,158,171,189,189,189],"floor_reached":16,"playtime":2183,"items_purged":[],"score":153,"play_id":"add2da9d-fc5d-4230-bc53-da438f6e1b6d","local_time":"20181107225520","is_ascension_mode":true,"campfire_choices":[{"floor":8,"key":"REST"},{"floor":15,"key":"REST"}],"neow_cost":"NONE","seed_source_timestamp":568861011993347,"circlet_count":0,"master_deck":["AscendersBane","Defend_G","Defend_G","Defend_G","Defend_G","Defend_G","Strike_G","Strike_G","Strike_G","Strike_G","Strike_G","Survivor","Neutralize","Grand Finale","Prepared","Footwork","Escape Plan","Backflip","Deflect","Dodge and Roll","Dodge and Roll","Prepared"],"relics":["Ring of the Snake","Ornamental Fan","Ice Cream","Torii"],"potions_floor_usage":[10,14,16,16],"damage_taken":[{"damage":1,"enemies":"Small Slimes","floor":1,"turns":5},{"damage":0,"enemies":"2 Louse","floor":2,"turns":4},{"damage":4,"enemies":"Cultist","floor":3,"turns":5},{"damage":40,"enemies":"Lagavulin","floor":6,"turns":13},{"damage":1,"enemies":"Large Slime","floor":7,"turns":5},{"damage":26,"enemies":"3 Sentries","floor":10,"turns":19},{"damage":0,"enemies":"Looter","floor":11,"turns":5},{"damage":0,"enemies":"Blue Slaver","floor":13,"turns":8},{"damage":0,"enemies":"Red Slaver","floor":14,"turns":6},{"damage":25,"enemies":"Slime Boss","floor":16,"turns":17}],"seed_played":"-2258397100152793087","potions_obtained":[{"floor":6,"key":"SpeedPotion"},{"floor":7,"key":"Block Potion"},{"floor":12,"key":"SpeedPotion"},{"floor":12,"key":"SmokeBomb"},{"floor":14,"key":"Poison Potion"}],"is_trial":false,"path_per_floor":["M","M","M","$","?","E","M","R","T","?","M","?","M","M","R","B"],"character_chosen":"THE_SILENT","items_purchased":["Escape Plan"],"campfire_rested":2,"item_purchase_floors":[4],"current_hp_per_floor":[62,62,58,58,47,7,6,27,27,1,1,1,1,1,22,0],"gold":189,"neow_bonus":"ONE_RANDOM_RARE_CARD","is_prod":false,"is_daily":false,"chose_seed":false,"campfire_upgraded":0,"win_rate":0,"timestamp":1541660120,"path_taken":["M","M","M","$","?","E","M","R","T","?","M","?","M","M","R","BOSS"],"build_version":"2018-11-01","purchased_purges":0,"victory":false,"max_hp_per_floor":[70,70,70,70,70,70,70,70,70,70,70,70,70,70,70,70],"card_choices":[{"not_picked":["Deflect","Cloak And Dagger"],"picked":"Prepared","floor":1},{"not_picked":["Setup","Poisoned Stab","Tactician"],"picked":"SKIP","floor":2},{"not_picked":["Malaise","Catalyst"],"picked":"Footwork","floor":3},{"not_picked":["Bouncing Flask","Reflex"],"picked":"Backflip","floor":6},{"not_picked":["Deadly Poison","Poisoned Stab"],"picked":"Deflect","floor":7},{"not_picked":["Dagger Spray","Concentrate"],"picked":"Dodge and Roll","floor":11},{"not_picked":["Poisoned Stab","Heel Hook"],"picked":"Dodge and Roll","floor":13},{"not_picked":["Quick Slash","Choke"],"picked":"Prepared","floor":14}],"player_experience":564238,"relics_obtained":[{"floor":6,"key":"Ornamental Fan"},{"floor":9,"key":"Ice Cream"},{"floor":10,"key":"Torii"}],"event_choices":[{"damage_healed":0,"gold_gain":75,"player_choice":"Gather Gold","damage_taken":11,"max_hp_gain":0,"max_hp_loss":0,"event_name":"World of Goop","floor":5,"gold_loss":0},{"damage_healed":0,"gold_gain":30,"player_choice":"Searched \u00273\u0027 times","damage_taken":0,"max_hp_gain":0,"max_hp_loss":0,"event_name":"Dead Adventurer","floor":10,"gold_loss":0},{"damage_healed":0,"gold_gain":0,"player_choice":"Bought 2 Potions","damage_taken":0,"max_hp_gain":0,"max_hp_loss":0,"event_name":"The Woman in Blue","floor":12,"gold_loss":0}],"is_beta":false,"boss_relics":[],"items_purged_floors":[],"is_endless":false,"potions_floor_spawned":[6,7,14],"killed_by":"Slime Boss","ascension_level":10}