{"gold_per_floor":[119,119,43,55,68,101,101,126,126,126,27,42,68,78,78,173,173,192,192,292,305,305,333,349,384,384,414,65,65,65,92,92,196,196,209,209,261,14,32,32,47,47,47,47,64,64,77,97,97,97],"floor_reached":50,"playtime":4724,"items_purged":["Strike_G"],"score":648,"play_id":"4df93a50-d45c-479d-8164-a0724a928425","local_time":"20181224024818","is_ascension_mode":true,"campfire_choices":[{"data":"Neutralize","floor":7,"key":"SMITH"},{"floor":15,"key":"REST"},{"floor":30,"key":"REST"},{"floor":32,"key":"REST"},{"floor":40,"key":"REST"},{"floor":42,"key":"REST"},{"floor":49,"key":"REST"}],"neow_cost":"NONE","seed_source_timestamp":188726962306245,"circlet_count":0,"master_deck":["Defend_G+1","Defend_G+1","Defend_G+1","Defend_G+1","Defend_G+1","Strike_G+1","Strike_G+1","Strike_G+1","Neutralize+1","PiercingWail","Backstab","Slice+1","Quick Slash","Cloak And Dagger","Sucker Punch+1","Dodge and Roll","Footwork","Noxious Fumes","Bullet Time","Well Laid Plans","Dodge and Roll+1","Infinite Blades+1","Envenom","Envenom","Noxious Fumes","Adrenaline","Envenom","Backflip+1","Madness","Madness","Cloak And Dagger+1","Dagger Spray+1","Backflip+1"],"relics":["Ring of the Serpent","Ancient Tea Set","Bag of Preparation","Question Card","War Paint","Omamori","Sozu","Letter Opener","Bag of Marbles","Dodecahedron","Happy Flower","Oddly Smooth Stone","Whetstone","Unceasing Top","Mango","Ninja Scroll","Mercury Hourglass","WarpedTongs"],"potions_floor_usage":[6,23,23,24],"damage_taken":[{"damage":2,"enemies":"2 Louse","floor":1,"turns":3},{"damage":0,"enemies":"Cultist","floor":4,"turns":4},{"damage":0,"enemies":"Jaw Worm","floor":5,"turns":5},{"damage":20,"enemies":"Lagavulin","floor":6,"turns":6},{"damage":8,"enemies":"3 Sentries","floor":8,"turns":8},{"damage":1,"enemies":"Red Slaver","floor":12,"turns":3},{"damage":6,"enemies":"Gremlin Nob","floor":13,"turns":4},{"damage":0,"enemies":"3 Louse","floor":14,"turns":3},{"damage":15,"enemies":"The Guardian","floor":16,"turns":13},{"damage":1,"enemies":"Spheric Guardian","floor":18,"turns":6},{"damage":0,"enemies":"Shell Parasite","floor":21,"turns":7},{"damage":11,"enemies":"Gremlin Leader","floor":23,"turns":10},{"damage":7,"enemies":"Snecko","floor":24,"turns":7},{"damage":11,"enemies":"Book of Stabbing","floor":25,"turns":7},{"damage":18,"enemies":"Gremlin Leader","floor":27,"turns":7},{"damage":26,"enemies":"Slavers","floor":31,"turns":6},{"damage":32,"enemies":"Champ","floor":33,"turns":10},{"damage":4,"enemies":"3 Shapes","floor":35,"turns":4},{"damage":36,"enemies":"2 Orb Walkers","floor":37,"turns":6},{"damage":26,"enemies":"3 Darklings","floor":39,"turns":4},{"damage":23,"enemies":"Jaw Worm Horde","floor":41,"turns":5},{"damage":15,"enemies":"Spire Growth","floor":44,"turns":4},{"damage":8,"enemies":"Maw","floor":45,"turns":6},{"damage":11,"enemies":"Writhing Mass","floor":47,"turns":6},{"damage":0,"enemies":"Sphere and 2 Shapes","floor":48,"turns":5},{"damage":33,"enemies":"Awakened One","floor":50,"turns":3}],"seed_played":"608685192944726146","potions_obtained":[{"floor":4,"key":"GhostInAJar"},{"floor":5,"key":"SkillPotion"},{"floor":10,"key":"EntropicBrew"},{"floor":10,"key":"SpeedPotion"},{"floor":16,"key":"Explosive Potion"}],"is_trial":false,"path_per_floor":["M","?","$","M","M","E","R","E","T","?","$","M","E","M","R","B",null,"M","?","?","M","?","E","M","E","T","E","$","?","R","E","R","B",null,"M","?","?","$","M","R","M","R","T","M","M","?","M","M","R","B"],"character_chosen":"THE_SILENT","items_purchased":["Backstab","Sucker Punch","Noxious Fumes","Oddly Smooth Stone","Whetstone","Ninja Scroll"],"campfire_rested":6,"item_purchase_floors":[3,11,28,28,28,38],"current_hp_per_floor":[68,68,68,68,68,48,48,40,40,40,40,39,33,33,54,39,70,69,69,69,69,69,58,51,40,40,22,22,22,43,17,38,6,70,66,57,35,35,9,34,11,36,36,21,13,13,2,2,27,0],"gold":97,"neow_bonus":"RANDOM_COMMON_RELIC","is_prod":false,"is_daily":false,"chose_seed":false,"campfire_upgraded":1,"win_rate":0,"timestamp":1545641298,"path_taken":["M","?","?","?","M","E","R","E","T","?","$","M","E","M","R","BOSS","M","?","?","?","?","E","?","E","T","E","$","?","R","E","R","BOSS","M","?","?","$","M","R","M","R","T","M","M","?","M","M","R","BOSS"],"build_version":"2018-12-20","purchased_purges":1,"victory":false,"max_hp_per_floor":[70,70,70,70,70,70,70,70,70,70,70,70,70,70,70,70,70,70,70,70,70,70,70,70,70,70,70,70,70,70,70,70,70,70,70,70,84,84,84,84,84,84,84,84,84,84,84,84,84,84],"card_choices":[{"not_picked":["Flying Knee","Outmaneuver"],"picked":"PiercingWail","floor":1},{"not_picked":["Prepared","Concentrate"],"picked":"Slice","floor":4},{"not_picked":["Reflex","Die Die Die"],"picked":"Quick Slash","floor":5},{"not_picked":["Tactician","Poisoned Stab"],"picked":"Cloak And Dagger","floor":6},{"not_picked":["Masterful Stab","Catalyst","Poisoned Stab"],"picked":"SKIP","floor":8},{"not_picked":["Bane","Endless Agony","Eviscerate"],"picked":"Dodge and Roll","floor":12},{"not_picked":["Outmaneuver","Masterful Stab","Quick Slash"],"picked":"Footwork","floor":13},{"not_picked":["Infinite Blades","Backflip","Flechettes"],"picked":"Noxious Fumes","floor":14},{"not_picked":["Tools of the Trade","Unload","After Image"],"picked":"Bullet Time","floor":16},{"not_picked":["Bane","Heel Hook","Blade Dance","Prepared"],"picked":"SKIP","floor":18},{"not_picked":["Calculated Gamble","Dagger Spray","Choke"],"picked":"Well Laid Plans","floor":21},{"not_picked":["Tactician","Bouncing Flask+1","Flying Knee+1"],"picked":"Dodge and Roll+1","floor":23},{"not_picked":["Backflip","Slice+1","Dodge and Roll"],"picked":"Infinite Blades+1","floor":24},{"not_picked":["Escape Plan","Backflip","Cloak And Dagger"],"picked":"Envenom","floor":25},{"not_picked":["Sucker Punch","Backflip","Underhanded Strike"],"picked":"Envenom","floor":27},{"not_picked":["Bane","Poisoned Stab","Prepared+1"],"picked":"Adrenaline","floor":31},{"not_picked":["Phantasmal Killer","After Image","Unload"],"picked":"Envenom","floor":33},{"not_picked":["Calculated Gamble+1","Deflect+1","Riddle With Holes"],"picked":"Backflip+1","floor":35},{"not_picked":["Terror+1","All Out Attack+1","Flechettes+1"],"picked":"Cloak And Dagger+1","floor":37},{"not_picked":["Blade Dance","PiercingWail","Distraction+1","Underhanded Strike+1"],"picked":"SKIP","floor":39},{"not_picked":["Reflex","Flechettes","Blade Dance"],"picked":"Dagger Spray+1","floor":41},{"not_picked":["Doppelganger","Dagger Spray+1","Dagger Throw","Quick Slash"],"picked":"SKIP","floor":44},{"not_picked":["Dagger Spray","Accuracy","Bane"],"picked":"Backflip+1","floor":45},{"not_picked":["Poisoned Stab+1","Endless Agony","Bouncing Flask","Backflip"],"picked":"SKIP","floor":47},{"not_picked":["Masterful Stab","PiercingWail+1","Prepared+1","Dagger Throw+1"],"picked":"SKIP","floor":48}],"player_experience":220919,"relics_obtained":[{"floor":6,"key":"Bag of Preparation"},{"floor":8,"key":"Question Card"},{"floor":9,"key":"War Paint"},{"floor":13,"key":"Omamori"},{"floor":23,"key":"Letter Opener"},{"floor":25,"key":"Bag of Marbles"},{"floor":26,"key":"Dodecahedron"},{"floor":27,"key":"Happy Flower"},{"floor":31,"key":"Unceasing Top"},{"floor":37,"key":"Mango"},{"floor":43,"key":"Mercury Hourglass"}],"event_choices":[{"cards_removed":["Strike_G"],"damage_healed":0,"gold_gain":0,"player_choice":"Purged","damage_taken":0,"max_hp_gain":0,"max_hp_loss":0,"event_name":"Purifier","floor":2,"gold_loss":0},{"damage_healed":0,"gold_gain":0,"player_choice":"Got Potions","damage_taken":0,"max_hp_gain":0,"max_hp_loss":0,"event_name":"Lab","floor":10,"gold_loss":0},{"damage_healed":0,"gold_gain":0,"player_choice":"Simplicity","damage_taken":0,"max_hp_gain":0,"max_hp_loss":0,"event_name":"Back to Basics","floor":19,"gold_loss":0,"cards_upgraded":["Defend_G","Defend_G","Defend_G","Strike_G","Strike_G","Strike_G"]},{"damage_healed":0,"gold_gain":100,"player_choice":"Pray","damage_taken":0,"max_hp_gain":0,"max_hp_loss":0,"event_name":"Golden Shrine","floor":20,"gold_loss":0},{"cards_removed":["Survivor"],"damage_healed":0,"gold_gain":0,"player_choice":"Purged","damage_taken":0,"max_hp_gain":0,"max_hp_loss":0,"event_name":"Purifier","floor":22,"gold_loss":0},{"damage_healed":0,"gold_gain":0,"player_choice":"Ignored","damage_taken":0,"max_hp_gain":0,"max_hp_loss":0,"event_name":"Beggar","floor":29,"gold_loss":0},{"damage_healed":0,"gold_gain":0,"player_choice":"Embrace Madness","damage_taken":9,"max_hp_gain":0,"max_hp_loss":0,"event_name":"Winding Halls","floor":36,"gold_loss":0,"cards_obtained":["Madness","Madness"]},{"damage_healed":0,"gold_gain":0,"player_choice":"Fight","damage_taken":0,"max_hp_gain":0,"max_hp_loss":0,"event_name":"Mysterious Sphere","floor":37,"gold_loss":0},{"damage_healed":0,"gold_gain":0,"player_choice":"Rummage","damage_taken":0,"relics_obtained":["WarpedTongs"],"max_hp_gain":0,"max_hp_loss":0,"event_name":"Accursed Blacksmith","floor":46,"gold_loss":0,"cards_obtained":["Pain"]}],"is_beta":false,"boss_relics":[{"not_picked":["Snecko Eye","Fusion Hammer"],"picked":"Sozu"},{"not_picked":["Runic Pyramid","Lizard Tail"],"picked":"Ring of the Serpent"}],"items_purged_floors":[11],"is_endless":false,"potions_floor_spawned":[4,5,16,18,27,31,37,39,45],"killed_by":"Awakened One","ascension_level":4}