{"gold_per_floor":[115,132,132,132,62,62,62,82,82,108,127,154,167,179,179,281,281,295,36,36,56,155,190,190],"floor_reached":24,"playtime":2136,"items_purged":[],"score":259,"play_id":"3e92e79a-5213-4c28-b7d4-829d163bba61","local_time":"20190202155159","is_ascension_mode":true,"campfire_choices":[{"data":"All Out Attack","floor":6.0,"key":"SMITH"},{"floor":15,"key":"REST"}],"neow_cost":"CURSE","seed_source_timestamp":0,"circlet_count":0,"master_deck":["Defend_G","Defend_G+1","Defend_G+1","Defend_G","Defend_G","Strike_G","Strike_G","Strike_G","Survivor","Neutralize","Footwork+1","Endless Agony","Cloak And Dagger","Sucker Punch","All Out Attack+1","Backflip","Infinite Blades","Outmaneuver","Bouncing Flask","Dash","Choke","Storm of Steel","Prepared","Accuracy","Violence","Blade Dance","Infinite Blades","Dodge and Roll"],"special_seed":0,"relics":["Ring of the Snake","War Paint","Boot","Odd Mushroom","WristBlade","Pen Nib"],"potions_floor_usage":[11,23,24,24],"damage_taken":[{"damage":16.0,"enemies":"Cultist","floor":1.0,"turns":7.0},{"damage":4.0,"enemies":"Small Slimes","floor":2.0,"turns":4.0},{"damage":0.0,"enemies":"2 Louse","floor":8.0,"turns":1.0},{"damage":19.0,"enemies":"3 Sentries","floor":10.0,"turns":7.0},{"damage":0,"enemies":"Gremlin Gang","floor":11,"turns":2},{"damage":3,"enemies":"The Mushroom Lair","floor":12,"turns":4},{"damage":12,"enemies":"2 Fungi Beasts","floor":13,"turns":4},{"damage":1,"enemies":"Blue Slaver","floor":14,"turns":3},{"damage":16,"enemies":"The Guardian","floor":16,"turns":12},{"damage":3,"enemies":"Shell Parasite","floor":18,"turns":6},{"damage":3,"enemies":"Chosen","floor":21,"turns":5},{"damage":59,"enemies":"Book of Stabbing","floor":23,"turns":6},{"damage":8,"enemies":"Snake Plant","floor":24,"turns":1}],"seed_played":"-6216004439698875109","potions_obtained":[{"floor":10,"key":"Energy Potion"},{"floor":11,"key":"Explosive Potion"},{"floor":13,"key":"FearPotion"},{"floor":14,"key":"Poison Potion"}],"is_trial":false,"path_per_floor":["M","M","?","?","$","R","?","M","T","E","M","?","M","M","R","B",null,"M","$","?","M","?","E","M"],"character_chosen":"THE_SILENT","items_purchased":["All Out Attack","Accuracy","Violence"],"campfire_rested":1,"item_purchase_floors":[5,19,19],"current_hp_per_floor":[54,50,50,50,50,50,50,50,50,31,31,28,16,15,36,20,70,67,67,67,64,64,5,0],"gold":190,"neow_bonus":"TRANSFORM_TWO_CARDS","is_prod":false,"is_daily":false,"chose_seed":false,"campfire_upgraded":1,"win_rate":0,"timestamp":1549140719,"path_taken":["M","M","?","?","$","R","?","?","T","E","M","?","?","M","R","BOSS","M","$","?","M","?","E","M"],"build_version":"2019-01-23","purchased_purges":0,"victory":false,"max_hp_per_floor":[70,70,70,70,70,70,70,70,70,70,70,70,70,70,70,70,70,70,70,70,70,70,70,70],"card_choices":[{"not_picked":["Deadly Poison","Quick Slash"],"picked":"Cloak And Dagger","floor":1.0},{"not_picked":["Underhanded Strike","Expertise"],"picked":"Sucker Punch","floor":2.0},{"not_picked":["Deadly Poison","PiercingWail"],"picked":"Backflip","floor":8.0},{"not_picked":["Cloak And Dagger","Burst"],"picked":"Infinite Blades","floor":10},{"not_picked":["Predator","Eviscerate"],"picked":"Outmaneuver","floor":11},{"not_picked":["Dagger Spray","PiercingWail"],"picked":"Bouncing Flask","floor":12},{"not_picked":["Leg Sweep","Cloak And Dagger"],"picked":"Dash","floor":13},{"not_picked":["Deflect","Setup"],"picked":"Choke","floor":14},{"not_picked":["Tools of the Trade","Corpse Explosion"],"picked":"Storm of Steel","floor":16},{"not_picked":["Dash","Leg Sweep"],"picked":"Prepared","floor":18},{"not_picked":["Quick Slash","Bouncing Flask"],"picked":"Infinite Blades","floor":21},{"not_picked":["Slice","Dagger Spray"],"picked":"Dodge and Roll","floor":23}],"player_experience":2078435,"relics_obtained":[{"floor":9.0,"key":"War Paint"},{"floor":10,"key":"Boot"},{"floor":12,"key":"Odd Mushroom"},{"floor":23,"key":"Pen Nib"}],"event_choices":[{"cards_removed":["Shame"],"damage_healed":0.0,"max_hp_gain":0.0,"max_hp_loss":0.0,"gold_gain":0.0,"event_name":"Living Wall","player_choice":"Forget","floor":3.0,"gold_loss":0.0,"damage_taken":0.0},{"damage_healed":0.0,"max_hp_gain":0.0,"max_hp_loss":0.0,"gold_gain":0.0,"event_name":"Golden Idol","player_choice":"Ignored","floor":4.0,"gold_loss":0.0,"damage_taken":0.0},{"damage_healed":0.0,"max_hp_gain":0.0,"max_hp_loss":0.0,"gold_gain":0.0,"event_name":"Upgrade Shrine","player_choice":"Upgraded","floor":7.0,"gold_loss":0.0,"damage_taken":0.0,"cards_upgraded":["Footwork"]},{"damage_healed":0,"gold_gain":0,"player_choice":"Fought Mushrooms","damage_taken":0,"max_hp_gain":0,"max_hp_loss":0,"event_name":"Mushrooms","floor":12,"gold_loss":0},{"damage_healed":0,"gold_gain":0,"player_choice":"Read","damage_taken":0,"max_hp_gain":0,"max_hp_loss":0,"event_name":"The Library","floor":20,"gold_loss":0,"cards_obtained":["Blade Dance"]},{"damage_healed":0,"gold_gain":99,"player_choice":"Stole From Cult","damage_taken":0,"max_hp_gain":0,"max_hp_loss":0,"event_name":"Nest","floor":22,"gold_loss":0}],"is_beta":false,"boss_relics":[{"not_picked":["Astrolabe","Philosopher\u0027s Stone"],"picked":"WristBlade"}],"items_purged_floors":[],"is_endless":false,"potions_floor_spawned":[10,11,13,14,16,18],"killed_by":"Snake Plant","ascension_level":4}