{"gold_per_floor":[119,134,59,71,81,81,144,144,144,144,144,144,163,178,178,280,280,298,298,124,136,136,136,136,65,89,107,125,144,144,163,163,263,263,278,278,378,378,378],"floor_reached":39,"playtime":3898,"items_purged":["Strike_B","Strike_B"],"score":371,"play_id":"04420759-a57b-4c89-8ce2-9f0236578bf8","local_time":"20181120222147","is_ascension_mode":false,"campfire_choices":[{"floor":6.0,"key":"RECALL"},{"data":"Zap","floor":8.0,"key":"SMITH"},{"data":"Dualcast","floor":10.0,"key":"SMITH"},{"data":"Genetic Algorithm","floor":15.0,"key":"SMITH"},{"data":"Echo Form","floor":23.0,"key":"SMITH"},{"floor":30.0,"key":"REST"},{"floor":32.0,"key":"REST"}],"neow_cost":"NONE","seed_source_timestamp":0,"circlet_count":0,"master_deck":["Strike_B","Defend_B+1","Zap+1","Dualcast+1","Auto Shields","Rip and Tear","FTL","Conserve Battery","Beam Cell+1","Genetic Algorithm+1","Ball Lightning","Echo Form+1","Capacitor","Hologram+1","Necronomicurse","Melter","Capacitor","Static Discharge+1","Skim+1","Thunder Strike","Fission","Conserve Battery+1","Finesse"],"special_seed":0,"relics":["Cracked Core","Oddly Smooth Stone","Mango","Black Star","Necronomicon","PreservedInsect","Empty Cage","Peace Pipe","Juzu Bracelet"],"potions_floor_usage":[],"damage_taken":[{"damage":0.0,"enemies":"Jaw Worm","floor":1.0,"turns":3.0},{"damage":0.0,"enemies":"Small Slimes","floor":2.0,"turns":3.0},{"damage":0.0,"enemies":"Cultist","floor":4.0,"turns":3.0},{"damage":0.0,"enemies":"Exordium Thugs","floor":5.0,"turns":4.0},{"damage":15.0,"enemies":"Lagavulin Event","floor":7.0,"turns":6.0},{"damage":3.0,"enemies":"3 Louse","floor":13.0,"turns":2.0},{"damage":0.0,"enemies":"Large Slime","floor":14.0,"turns":3.0},{"damage":18.0,"enemies":"Hexaghost","floor":16.0,"turns":8.0},{"damage":8.0,"enemies":"Spheric Guardian","floor":18.0,"turns":4.0},{"damage":15.0,"enemies":"3 Byrds","floor":21.0,"turns":6.0},{"damage":9.0,"enemies":"Snecko","floor":27.0,"turns":4.0},{"damage":9.0,"enemies":"Centurion and Healer","floor":28.0,"turns":10.0},{"damage":40.0,"enemies":"Cultist and Chosen","floor":29.0,"turns":5.0},{"damage":23.0,"enemies":"Shelled Parasite and Fungi","floor":31.0,"turns":5.0},{"damage":9.0,"enemies":"Champ","floor":33.0,"turns":9.0},{"damage":82.0,"enemies":"3 Darklings","floor":35.0,"turns":5.0},{"damage":4.0,"enemies":"Mind Bloom Boss Battle","floor":37.0,"turns":9.0},{"damage":3,"enemies":"Orb Walker","floor":39,"turns":3}],"seed_played":"-7131121237374722810","potions_obtained":[{"floor":1.0,"key":"Dexterity Potion"},{"floor":4.0,"key":"AttackPotion"},{"floor":5.0,"key":"Block Potion"},{"floor":14.0,"key":"LiquidBronze"},{"floor":16.0,"key":"Dexterity Potion"},{"floor":28.0,"key":"EssenceOfSteel"},{"floor":29.0,"key":"EssenceOfSteel"},{"floor":31.0,"key":"EssenceOfSteel"},{"floor":35.0,"key":"Dexterity Potion"}],"is_trial":false,"path_per_floor":["M","M","$","M","M","R","?","R","T","R","?","?","M","M","R","B",null,"M","?","$","M","?","R","?","$","T","M","M","M","R","M","R","B",null,"M","$","?","T","?","M"],"character_chosen":"DEFECT","items_purchased":["Capacitor","Melter"],"campfire_rested":2,"item_purchase_floors":[20,25],"current_hp_per_floor":[75,75,75,75,75,75,74,74,74,74,56,49,46,46,46,28,89,81,81,81,66,89,89,73,73,73,64,55,15,41,18,44,35,89,7,7,3,3,0],"gold":378,"neow_bonus":"RANDOM_COMMON_RELIC","is_prod":false,"is_daily":false,"chose_seed":false,"campfire_upgraded":4,"win_rate":0,"timestamp":1542770507,"path_taken":["M","M","$","M","M","R","?","R","T","R","?","?","?","M","R","BOSS","M","?","?","M","?","R","?","$","T","M","M","M","R","M","R","BOSS","M","$","?","?","M"],"build_version":"2018-11-15","purchased_purges":2,"victory":false,"max_hp_per_floor":[75,75,75,75,75,75,89,89,89,89,89,89,89,89,89,89,89,89,89,89,89,89,89,89,89,89,89,89,89,89,89,89,89,89,89,89,89,89,89],"card_choices":[{"not_picked":["Leap","Undo"],"picked":"Auto Shields","floor":1.0},{"not_picked":["Fusion","Conserve Battery"],"picked":"Rip and Tear","floor":2.0},{"not_picked":["Force Field","Barrage"],"picked":"FTL","floor":4.0},{"not_picked":["Barrage","Turbo"],"picked":"Conserve Battery","floor":5.0},{"not_picked":["Reprogram","Barrage"],"picked":"Beam Cell","floor":7.0},{"not_picked":["Leap","Coolheaded"],"picked":"Genetic Algorithm","floor":13.0},{"not_picked":["Consume","Leap"],"picked":"Ball Lightning","floor":14.0},{"not_picked":["Meteor Strike","Rainbow"],"picked":"Echo Form","floor":16.0},{"not_picked":["Stack","Hello World+1","Turbo"],"picked":"SKIP","floor":18.0},{"not_picked":["Stack","Conserve Battery"],"picked":"Hologram+1","floor":21.0},{"not_picked":["Cold Snap","Hologram+1"],"picked":"Capacitor","floor":27.0},{"not_picked":["Turbo+1","Chill"],"picked":"Static Discharge+1","floor":28.0},{"not_picked":["Barrage","Compile Driver"],"picked":"Skim+1","floor":29.0},{"not_picked":["Sweeping Beam","Steam"],"picked":"Thunder Strike","floor":31.0},{"not_picked":["Electrodynamics","Multi-Cast"],"picked":"Fission","floor":33.0},{"not_picked":["Auto Shields+1","Barrage+1"],"picked":"Conserve Battery+1","floor":35.0},{"not_picked":["Flash of Steel","Panacea"],"picked":"Finesse","floor":38}],"player_experience":24467,"relics_obtained":[{"floor":7.0,"key":"Mango"},{"floor":24.0,"key":"Necronomicon"},{"floor":26.0,"key":"PreservedInsect"},{"floor":37,"key":"Peace Pipe"},{"floor":37,"key":"Juzu Bracelet"}],"event_choices":[{"damage_healed":0.0,"max_hp_gain":0.0,"max_hp_loss":0.0,"gold_gain":0.0,"event_name":"Dead Adventurer","player_choice":"Searched \u00271\u0027 times","floor":7.0,"gold_loss":0.0,"damage_taken":0.0},{"damage_healed":0.0,"max_hp_gain":0.0,"max_hp_loss":0.0,"gold_gain":0.0,"event_name":"Shining Light","player_choice":"Entered Light","floor":11.0,"gold_loss":0.0,"damage_taken":18.0,"cards_upgraded":["Defend_B","Beam Cell"]},{"cards_removed":["Strike_B"],"damage_healed":0.0,"max_hp_gain":0.0,"max_hp_loss":0.0,"gold_gain":0.0,"event_name":"Golden Wing","player_choice":"Card Removal","floor":12.0,"gold_loss":0.0,"damage_taken":7.0},{"cards_removed":["Defend_B"],"damage_healed":0.0,"max_hp_gain":0.0,"max_hp_loss":0.0,"gold_gain":0.0,"event_name":"Purifier","player_choice":"Purged","floor":19.0,"gold_loss":0.0,"damage_taken":0.0},{"damage_healed":29.0,"max_hp_gain":0.0,"max_hp_loss":0.0,"gold_gain":0.0,"event_name":"The Library","player_choice":"Heal","floor":22.0,"gold_loss":0.0,"damage_taken":0.0},{"damage_healed":0.0,"max_hp_gain":0.0,"max_hp_loss":0.0,"gold_gain":0.0,"event_name":"Cursed Tome","player_choice":"Obtained Book","floor":24.0,"gold_loss":0.0,"damage_taken":16.0},{"damage_healed":0.0,"max_hp_gain":0.0,"max_hp_loss":0.0,"gold_gain":0.0,"event_name":"MindBloom","player_choice":"Fight","floor":37.0,"gold_loss":0.0,"damage_taken":0.0},{"damage_healed":0,"gold_gain":0,"player_choice":"Memory 1","damage_taken":0,"max_hp_gain":0,"max_hp_loss":0,"event_name":"SensoryStone","floor":38,"gold_loss":0}],"is_beta":false,"boss_relics":[{"not_picked":["Runic Dome","Velvet Choker"],"picked":"Black Star"},{"not_picked":["Nuclear Battery","Runic Pyramid"],"picked":"Empty Cage"}],"items_purged_floors":[3,20],"is_endless":false,"potions_floor_spawned":[1,4,5,14,16,28,29,31,35],"killed_by":"Orb Walker","ascension_level":0}