{"gold_per_floor":[118,118,2,2,17,17,17,31,31,31,31,57,57,81,81,205,243,168,4,4,18,33,33],"floor_reached":23,"playtime":1284,"items_purged":["Defend_G"],"score":308,"play_id":"b055b226-e4bd-4afc-9d0a-99283e1067a8","local_time":"20180629192702","is_ascension_mode":true,"campfire_choices":[{"data":"Blur","floor":6,"key":"SMITH"},{"data":"Survivor","floor":10,"key":"SMITH"},{"data":"Defend_G","floor":13,"key":"SMITH"},{"data":"Defend_G","floor":15,"key":"SMITH"}],"neow_cost":"","seed_source_timestamp":1115231774924367,"circlet_count":0,"master_deck":["Defend_G","Defend_G+1","Defend_G+1","Defend_G+1","Strike_G","Strike_G","Strike_G","Strike_G","Strike_G","Survivor+1","Neutralize+1","AscendersBane","Blur+1","Infinite Blades","Doppelganger","Deflect","Infinite Blades","Cloak And Dagger","Footwork","Infinite Blades"],"relics":["Ring of the Snake","Mango","Bloody Idol","Boot","Tiny House"],"potions_floor_usage":[22,23,23],"damage_taken":[{"damage":9,"enemies":"Jaw Worm","floor":1,"turns":9},{"damage":0,"enemies":"2 Louse","floor":5,"turns":3},{"damage":0,"enemies":"Cultist","floor":8,"turns":5},{"damage":8,"enemies":"Exordium Wildlife","floor":14,"turns":5},{"damage":28,"enemies":"The Guardian","floor":16,"turns":23},{"damage":5,"enemies":"2 Thieves","floor":18,"turns":5},{"damage":5,"enemies":"Shell Parasite","floor":21,"turns":9},{"damage":20,"enemies":"Snecko","floor":22,"turns":9},{"damage":66,"enemies":"Gremlin Leader","floor":23,"turns":8}],"seed_played":"1226354108318054506","potions_obtained":[{"floor":8,"key":"Energy Potion"},{"floor":17,"key":"SneckoOil"},{"floor":22,"key":"Fruit Juice"}],"is_trial":false,"path_per_floor":["M","?","$","?","M","R","$","M","T","R","?","T","R","M","R","B",null,"M","$","?","M","M"],"character_chosen":"THE_SILENT","items_purchased":["Blur","Infinite Blades","Infinite Blades","Cloak And Dagger"],"campfire_rested":0,"item_purchase_floors":[3,3,19,19],"current_hp_per_floor":[54,54,54,54,54,54,54,54,68,68,68,68,68,60,60,32,72,67,67,67,67,52,0],"gold":33,"neow_bonus":"","is_prod":false,"is_daily":false,"chose_seed":false,"campfire_upgraded":4,"win_rate":0,"timestamp":1530293222,"path_taken":["M","?","$","?","M","R","?","M","T","R","?","?","R","M","R","BOSS","M","$","?","M","?","E"],"build_version":"2018-06-28","purchased_purges":1,"victory":false,"max_hp_per_floor":[70,70,70,70,70,70,70,70,84,84,78,78,78,78,78,78,83,83,83,83,83,83,88],"card_choices":[{"not_picked":["Prepared","PiercingWail","Deadly Poison"],"picked":"SKIP","floor":1},{"not_picked":["Deadly Poison","Dagger Spray","Underhanded Strike"],"picked":"SKIP","floor":5},{"not_picked":["Underhanded Strike","Slice","Dagger Throw"],"picked":"SKIP","floor":8},{"not_picked":["Flying Knee","Bane","Skewer"],"picked":"SKIP","floor":14},{"not_picked":["Storm of Steel","Grand Finale"],"picked":"Doppelganger","floor":16},{"not_picked":["Bane","Terror"],"picked":"Deflect","floor":17},{"not_picked":["Dagger Throw","Outmaneuver","Distraction+1"],"picked":"SKIP","floor":18},{"not_picked":["Blade Dance+1","Slice"],"picked":"Footwork","floor":21},{"not_picked":["Slice","Bane"],"picked":"Infinite Blades","floor":22}],"player_experience":370342,"relics_obtained":[{"floor":9,"key":"Mango"},{"floor":12,"key":"Boot"}],"event_choices":[{"event_name":"Living Wall","player_choice":"Grow","floor":2,"damage_taken":0},{"event_name":"Scrap Ooze","player_choice":"unsuccessful","floor":4,"damage_taken":0},{"event_name":"Golden Idol","player_choice":"Lose Max HP","floor":11,"damage_taken":0},{"event_name":"Forgotten Altar","player_choice":"Gave Idol","floor":20,"damage_taken":0}],"boss_relics":[{"not_picked":["Coffee Dripper","Snecko Eye"],"picked":"Tiny House"}],"items_purged_floors":[19],"is_endless":false,"potions_floor_spawned":[8,22],"killed_by":"Gremlin Leader","ascension_level":12}