{"gold_per_floor":[119,129,129,153,25,25,48,48,48,64,139,39,39,39,39,159,159,182,57,57,80,94,133,133,48,48,72,72,95,95,115,115,115],"floor_reached":33,"playtime":1226,"items_purged":["Strike_R","Defend_R","Defend_R"],"score":280,"play_id":"5dea747a-e9df-480e-964b-3d531880f1df","local_time":"20190522084925","is_ascension_mode":false,"campfire_choices":[{"data":"Bash","floor":6.0,"key":"SMITH"},{"data":"Clash","floor":13.0,"key":"SMITH"},{"data":"Shrug It Off","floor":15.0,"key":"SMITH"},{"floor":28.0,"key":"REST"},{"floor":30.0,"key":"REST"},{"floor":32.0,"key":"REST"}],"neow_cost":"NONE","seed_source_timestamp":503134558728360,"circlet_count":0,"master_deck":["Strike_R","Strike_R","Strike_R","Defend_R","Defend_R","Bash+1","Clash+1","Shrug It Off+1","Fiend Fire"],"special_seed":0,"relics":["Burning Blood","Golden Idol","Pear","Sundial","Lizard Tail","Blood Vial","Centennial Puzzle","Self Forming Clay","Strawberry"],"potions_floor_usage":[33,33],"damage_taken":[{"damage":0.0,"enemies":"2 Louse","floor":1.0,"turns":3.0},{"damage":5.0,"enemies":"Small Slimes","floor":2.0,"turns":4.0},{"damage":6.0,"enemies":"Cultist","floor":4.0,"turns":3.0},{"damage":3.0,"enemies":"Lots of Slimes","floor":7.0,"turns":7.0},{"damage":0.0,"enemies":"Exordium Wildlife","floor":10.0,"turns":4.0},{"damage":2.0,"enemies":"The Guardian","floor":16.0,"turns":11.0},{"damage":3.0,"enemies":"Shell Parasite","floor":18.0,"turns":5.0},{"damage":10.0,"enemies":"3 Byrds","floor":21.0,"turns":9.0},{"damage":22.0,"enemies":"3 Cultists","floor":22.0,"turns":6.0},{"damage":83.0,"enemies":"Book of Stabbing","floor":23.0,"turns":7.0},{"damage":10.0,"enemies":"Shelled Parasite and Fungi","floor":27.0,"turns":4.0},{"damage":10.0,"enemies":"Snecko","floor":31.0,"turns":5.0},{"damage":175,"enemies":"Collector","floor":33,"turns":9}],"seed_played":"5947353676186972847","potions_obtained":[{"floor":2.0,"key":"BloodPotion"},{"floor":4.0,"key":"Explosive Potion"},{"floor":10.0,"key":"SpeedPotion"},{"floor":16.0,"key":"Ancient Potion"},{"floor":21.0,"key":"Ancient Potion"},{"floor":27.0,"key":"FearPotion"}],"is_trial":false,"path_per_floor":["M","M","?","M","$","R","M","?","T","M","?","$","R","?","R","B",null,"M","$","?","M","M","E","?","?","T","M","R","T","R","M","R","B"],"character_chosen":"IRONCLAD","items_purchased":["Shrug It Off"],"campfire_rested":3,"item_purchase_floors":[5],"current_hp_per_floor":[88,88,66,66,66,66,69,72,72,78,67,67,67,67,67,71,98,98,98,98,94,78,10,10,10,10,8,37,44,75,73,104,0],"gold":115,"neow_bonus":"TEN_PERCENT_HP_BONUS","is_prod":false,"is_daily":false,"chose_seed":false,"campfire_upgraded":3,"win_rate":0,"timestamp":1558486165,"path_taken":["M","M","?","M","$","R","M","?","T","M","?","$","R","?","R","BOSS","M","$","?","?","M","E","?","?","T","M","R","?","R","?","R","BOSS"],"build_version":"2019-01-23","purchased_purges":3,"victory":false,"max_hp_per_floor":[88,88,88,88,88,88,88,98,98,98,98,98,98,98,98,98,98,98,98,98,98,98,98,98,98,98,98,98,105,105,105,105,105],"card_choices":[{"not_picked":["Iron Wave","Pommel Strike"],"picked":"Clash","floor":1.0},{"not_picked":["Intimidate","Shockwave","Combust"],"picked":"SKIP","floor":2.0},{"not_picked":["Body Slam","Cleave","Bloodletting"],"picked":"SKIP","floor":4.0},{"not_picked":["Inflame","Rage","Shockwave"],"picked":"SKIP","floor":7.0},{"not_picked":["Armaments","Ghostly Armor","Clash"],"picked":"SKIP","floor":10.0},{"not_picked":["Metallicize","Sever Soul","Warcry"],"picked":"SKIP","floor":18.0},{"not_picked":["Clothesline","Anger+1","Burning Pact"],"picked":"SKIP","floor":21.0},{"not_picked":["Reckless Charge+1","Shrug It Off","Warcry"],"picked":"SKIP","floor":22.0},{"not_picked":["Twin Strike","Havoc","Carnage"],"picked":"SKIP","floor":23.0},{"not_picked":["Metallicize","Second Wind","Cleave"],"picked":"SKIP","floor":27.0},{"not_picked":["Thunderclap","Cleave","Body Slam"],"picked":"SKIP","floor":31.0}],"player_experience":557529,"relics_obtained":[{"floor":9.0,"key":"Sundial"},{"floor":23.0,"key":"Blood Vial"},{"floor":26.0,"key":"Self Forming Clay"},{"floor":29.0,"key":"Strawberry"}],"event_choices":[{"damage_healed":0.0,"max_hp_gain":0.0,"max_hp_loss":0.0,"gold_gain":0.0,"event_name":"Golden Idol","player_choice":"Take Damage","floor":3.0,"gold_loss":0.0,"damage_taken":22.0,"relics_obtained":["Golden Idol"]},{"damage_healed":0.0,"max_hp_gain":0.0,"max_hp_loss":0.0,"gold_gain":0.0,"event_name":"Scrap Ooze","player_choice":"Success","floor":8.0,"gold_loss":0.0,"damage_taken":7.0,"relics_obtained":["Pear"]},{"damage_healed":0.0,"max_hp_gain":0.0,"max_hp_loss":0.0,"gold_gain":75.0,"event_name":"World of Goop","player_choice":"Gather Gold","floor":11.0,"gold_loss":0.0,"damage_taken":11.0},{"damage_healed":0.0,"max_hp_gain":0.0,"max_hp_loss":0.0,"gold_gain":0.0,"cards_transformed":["Strike_R"],"event_name":"Transmorgrifier","player_choice":"Transformed","floor":14.0,"gold_loss":0.0,"damage_taken":0.0,"cards_obtained":["Fiend Fire"]},{"damage_healed":0.0,"max_hp_gain":0.0,"max_hp_loss":0.0,"gold_gain":0.0,"event_name":"Match and Keep!","player_choice":"0 cards matched","floor":20.0,"gold_loss":0.0,"damage_taken":0.0,"cards_obtained":[]},{"damage_healed":0.0,"max_hp_gain":0.0,"max_hp_loss":0.0,"gold_gain":0.0,"event_name":"Cursed Tome","player_choice":"Ignored","floor":24.0,"gold_loss":0.0,"damage_taken":0.0},{"damage_healed":0.0,"max_hp_gain":0.0,"max_hp_loss":0.0,"gold_gain":0.0,"event_name":"Addict","player_choice":"Obtained Relic","floor":25.0,"gold_loss":85.0,"damage_taken":0.0,"relics_obtained":["Centennial Puzzle"]}],"is_beta":false,"boss_relics":[{"not_picked":["Orrery","Ectoplasm"],"picked":"Lizard Tail"}],"items_purged_floors":[5,12,19],"is_endless":false,"potions_floor_spawned":[2,4,10,16,21,27],"killed_by":"Collector","ascension_level":0}