{"gold_per_floor":[112,187,187,198,50,78,78,107,107,107,32,58,58,74,74,150,150,150,150,150,12,12,12,12,12,12,12,12,12,12,12,12,12,12,12,12,12,12,12,12,12,12,12,12,12,12,12,12,12,12],"floor_reached":51,"playtime":4331,"items_purged":["Strike_G","Strike_G"],"score":1295,"play_id":"a2456bef-4dba-4f9e-80d2-a2f6f3f92e3f","local_time":"20190515210434","is_ascension_mode":true,"campfire_choices":[{"data":"Leg Sweep","floor":7,"key":"SMITH"},{"floor":10,"key":"REST"},{"floor":15,"key":"REST"},{"data":"Footwork","floor":23,"key":"SMITH"},{"data":"Envenom","floor":25,"key":"SMITH"},{"data":"After Image","floor":30,"key":"SMITH"},{"floor":32,"key":"REST"},{"data":"Adrenaline","floor":40,"key":"SMITH"},{"data":"Blade Dance","floor":42,"key":"SMITH"},{"data":"Deadly Poison","floor":44,"key":"SMITH"},{"floor":49,"key":"REST"}],"neow_cost":"NONE","seed_source_timestamp":124265947952372,"circlet_count":0,"master_deck":["AscendersBane","Defend_G","Defend_G","Defend_G","Defend_G","Defend_G","Survivor","Neutralize","Leg Sweep+1","Quick Slash","Deadly Poison+1","All Out Attack","Envenom+1","Backflip","After Image+1","Poisoned Stab","Blade Dance+1","Prepared","Dagger Spray","Blur","Footwork+1","Corpse Explosion","Acrobatics","RitualDagger","Adrenaline+1","Acrobatics","Slice","Catalyst+1"],"relics":["Ring of the Snake","NeowsBlessing","Oddly Smooth Stone","PreservedInsect","Ornamental Fan","Vajra","Sundial","Nunchaku","Mummified Hand","Ectoplasm","Ancient Tea Set","Blood Vial","Philosopher\u0027s Stone","Lantern","Singing Bowl","Bronze Scales","Tingsha"],"potions_floor_usage":[8,16,31,31,50,50,50,50],"damage_taken":[{"damage":0,"enemies":"Cultist","floor":1,"turns":1},{"damage":0,"enemies":"2 Louse","floor":4,"turns":1},{"damage":0,"enemies":"3 Sentries","floor":6,"turns":1},{"damage":20,"enemies":"Gremlin Nob","floor":8,"turns":4},{"damage":10,"enemies":"Lagavulin","floor":12,"turns":8},{"damage":0,"enemies":"Jaw Worm","floor":14,"turns":5},{"damage":14,"enemies":"Hexaghost","floor":16,"turns":13},{"damage":2,"enemies":"Shell Parasite","floor":18,"turns":8},{"damage":0,"enemies":"3 Byrds","floor":19,"turns":7},{"damage":19,"enemies":"Centurion and Healer","floor":22,"turns":10},{"damage":0,"enemies":"Book of Stabbing","floor":24,"turns":7},{"damage":0,"enemies":"Snake Plant","floor":28,"turns":4},{"damage":4,"enemies":"Snecko","floor":31,"turns":5},{"damage":27,"enemies":"Automaton","floor":33,"turns":13},{"damage":10,"enemies":"3 Shapes","floor":35,"turns":3},{"damage":0,"enemies":"Orb Walker","floor":37,"turns":4},{"damage":3,"enemies":"Reptomancer","floor":45,"turns":7},{"damage":9,"enemies":"Giant Head","floor":47,"turns":7},{"damage":2,"enemies":"Maw","floor":48,"turns":5},{"damage":45,"enemies":"Time Eater","floor":50,"turns":13}],"seed_played":"1677250325100718767","potions_obtained":[{"floor":1,"key":"AttackPotion"},{"floor":12,"key":"EssenceOfSteel"},{"floor":16,"key":"Swift Potion"},{"floor":18,"key":"SkillPotion"},{"floor":31,"key":"SteroidPotion"},{"floor":33,"key":"Fire Potion"},{"floor":35,"key":"AttackPotion"},{"floor":47,"key":"EntropicBrew"}],"is_trial":false,"path_per_floor":["M","?","?","M","$","E","R","E","T","R","$","E","T","M","R","B",null,"M","M","?","$","M","R","E","R","T","$","M","?","R","M","R","B",null,"M","?","M","$","T","R","?","R","T","R","E","T","E","M","R","B",null],"character_chosen":"THE_SILENT","items_purchased":["PreservedInsect","Blur"],"campfire_rested":4,"item_purchase_floors":[5,21],"current_hp_per_floor":[59,48,41,41,41,41,41,21,21,40,40,30,30,30,49,35,58,56,56,56,56,37,37,37,37,37,37,39,33,33,31,50,25,56,48,48,50,50,50,50,50,50,50,50,49,49,42,44,64,21],"gold":12,"neow_bonus":"THREE_ENEMY_KILL","is_prod":false,"is_daily":false,"chose_seed":false,"campfire_upgraded":7,"win_rate":0,"timestamp":1557972274,"path_taken":["M","?","?","M","$","E","R","E","T","R","$","E","?","M","R","BOSS","M","M","?","$","M","R","E","R","T","$","M","?","R","M","R","BOSS","M","?","M","$","?","R","?","R","T","R","E","?","E","M","R","BOSS"],"build_version":"2019-01-23","purchased_purges":2,"victory":true,"max_hp_per_floor":[66,66,66,66,66,66,66,66,66,66,66,66,66,66,66,66,66,66,66,66,66,66,66,66,66,66,66,66,66,66,66,66,66,66,66,66,66,66,66,66,66,66,66,66,66,66,66,68,68,68],"card_choices":[{"not_picked":["Deadly Poison","Dodge and Roll"],"picked":"Leg Sweep","floor":1},{"not_picked":["Underhanded Strike","Dagger Throw"],"picked":"Quick Slash","floor":4},{"not_picked":["Flying Knee","Outmaneuver"],"picked":"Deadly Poison","floor":6},{"not_picked":["Well Laid Plans","Blade Dance"],"picked":"All Out Attack","floor":8},{"not_picked":["Blur","Poisoned Stab"],"picked":"Envenom","floor":12},{"not_picked":["Expertise","Dagger Spray"],"picked":"Backflip","floor":14},{"not_picked":["Venomology","Night Terror"],"picked":"After Image","floor":16},{"not_picked":["Slice","Bane"],"picked":"Poisoned Stab","floor":18},{"not_picked":["Outmaneuver","Concentrate"],"picked":"Blade Dance","floor":19},{"not_picked":["Setup","Backflip"],"picked":"Footwork","floor":22},{"not_picked":["Eviscerate","Heel Hook"],"picked":"Corpse Explosion","floor":24},{"not_picked":["Deflect","Outmaneuver"],"picked":"Acrobatics","floor":28},{"not_picked":["Setup","Quick Slash","Dagger Throw"],"picked":"SKIP","floor":31},{"not_picked":["Glass Knife","Phantasmal Killer"],"picked":"Adrenaline","floor":33},{"not_picked":["Quick Slash","Dagger Throw+1"],"picked":"Acrobatics","floor":35},{"not_picked":["Acrobatics","Setup","Flying Knee+1"],"picked":"SKIP","floor":37},{"not_picked":["Calculated Gamble","Backflip"],"picked":"Slice","floor":45},{"not_picked":["Escape Plan","Backflip+1"],"picked":"Catalyst+1","floor":47},{"not_picked":["Quick Slash","Deflect","Dodge and Roll"],"picked":"Singing Bowl","floor":48}],"player_experience":674901,"relics_obtained":[{"floor":6,"key":"Ornamental Fan"},{"floor":8,"key":"Vajra"},{"floor":9,"key":"Sundial"},{"floor":12,"key":"Nunchaku"},{"floor":13,"key":"Mummified Hand"},{"floor":24,"key":"Ancient Tea Set"},{"floor":26,"key":"Blood Vial"},{"floor":39,"key":"Lantern"},{"floor":45,"key":"Singing Bowl"},{"floor":46,"key":"Bronze Scales"},{"floor":47,"key":"Tingsha"}],"event_choices":[{"damage_healed":0,"gold_gain":75,"player_choice":"Gather Gold","damage_taken":11,"max_hp_gain":0,"max_hp_loss":0,"event_name":"World of Goop","floor":2,"gold_loss":0},{"damage_healed":0,"gold_gain":0,"player_choice":"Success","damage_taken":7,"relics_obtained":["Oddly Smooth Stone"],"max_hp_gain":0,"max_hp_loss":0,"event_name":"Scrap Ooze","floor":3,"gold_loss":0},{"damage_healed":0,"gold_gain":0,"cards_transformed":["Strike_G","Strike_G"],"player_choice":"Became Test Subject","damage_taken":0,"max_hp_gain":0,"max_hp_loss":0,"event_name":"Drug Dealer","floor":20,"gold_loss":0,"cards_obtained":["Prepared","Dagger Spray"]},{"damage_healed":0,"gold_gain":0,"player_choice":"Joined the Cult","damage_taken":6,"max_hp_gain":0,"max_hp_loss":0,"event_name":"Nest","floor":29,"gold_loss":0,"cards_obtained":["RitualDagger"]},{"damage_healed":0,"gold_gain":100,"player_choice":"Pray","damage_taken":0,"max_hp_gain":0,"max_hp_loss":0,"event_name":"Golden Shrine","floor":36,"gold_loss":0},{"cards_removed":["Strike_G"],"damage_healed":0,"gold_gain":0,"player_choice":"Removed Attack","damage_taken":0,"max_hp_gain":0,"max_hp_loss":0,"event_name":"Falling","floor":41,"gold_loss":0}],"is_beta":false,"boss_relics":[{"not_picked":["Lizard Tail","Black Star"],"picked":"Ectoplasm"},{"not_picked":["Busted Crown","Tiny House"],"picked":"Philosopher\u0027s Stone"}],"items_purged_floors":[11,21],"is_endless":false,"potions_floor_spawned":[1,12,16,18,19,24,31,33,35,47],"ascension_level":14}