{"gold_per_floor":[119,219,144,144,144,144,162,198,224,224,72,72,46,66,66,186,186,205,205,196,217,22,22,22],"floor_reached":24,"playtime":1322,"items_purged":["Defend_R","Defend_R","Defend_R"],"score":288,"play_id":"d5c9cf99-a717-4fe6-a8e4-a5770a3d5e38","local_time":"20180727201905","is_ascension_mode":true,"campfire_choices":[{"data":"True Grit","floor":6,"key":"SMITH"},{"data":"Barricade","floor":12,"key":"SMITH"},{"floor":15,"key":"REST"},{"data":"Rage","floor":23,"key":"SMITH"}],"neow_cost":"","seed_source_timestamp":3537536831582416,"circlet_count":0,"master_deck":["Strike_R","Strike_R","Strike_R","Strike_R","Defend_R","Bash","AscendersBane","True Grit+1","Inflame","Barricade+1","Shockwave","Shrug It Off","Clash","Rage+1","Juggernaut","Rage","Second Wind"],"relics":["Burning Blood","Golden Idol","GremlinMask","Anchor","Strawberry","Mark of Pain"],"potions_floor_usage":[16],"damage_taken":[{"damage":7,"enemies":"Small Slimes","floor":1,"turns":4},{"damage":1,"enemies":"Cultist","floor":7,"turns":4},{"damage":61,"enemies":"3 Sentries","floor":8,"turns":13},{"damage":1,"enemies":"2 Louse","floor":14,"turns":4},{"damage":14,"enemies":"The Guardian","floor":16,"turns":14},{"damage":12,"enemies":"Spheric Guardian","floor":18,"turns":5},{"damage":7,"enemies":"2 Thieves","floor":20,"turns":4},{"damage":54,"enemies":"Snecko","floor":21,"turns":7},{"damage":32,"enemies":"Chosen and Byrds","floor":24,"turns":4}],"seed_played":"2207084771793444840","potions_obtained":[{"floor":8,"key":"SteroidPotion"},{"floor":14,"key":"EssenceOfSteel"},{"floor":18,"key":"Strength Potion"}],"is_trial":false,"path_per_floor":["M","?","$","?","?","R","M","E","T","?","$","R","$","M","R","B",null,"M","?","M","M","$","R"],"character_chosen":"IRONCLAD","items_purchased":["Shrug It Off","Clash","Second Wind"],"campfire_rested":1,"item_purchase_floors":[11,13,22],"current_hp_per_floor":[71,71,71,71,71,71,74,19,26,26,26,26,26,31,55,47,73,67,67,66,18,18,18,0],"gold":22,"neow_bonus":"","is_prod":false,"is_daily":false,"chose_seed":false,"campfire_upgraded":3,"win_rate":0,"timestamp":1532715545,"path_taken":["M","?","$","?","?","R","M","E","T","?","$","R","?","M","R","BOSS","M","?","M","?","$","R","M"],"build_version":"2018-07-26","purchased_purges":3,"victory":false,"max_hp_per_floor":[80,80,80,74,74,74,74,74,81,81,81,81,81,81,81,81,81,81,81,81,81,81,81,81],"card_choices":[{"not_picked":["Corruption","Burning Pact"],"picked":"True Grit","floor":1},{"not_picked":["Heavy Blade","Clash"],"picked":"Inflame","floor":7},{"not_picked":["Armaments","Body Slam"],"picked":"Barricade","floor":8},{"not_picked":["Disarm","Clothesline"],"picked":"Rage","floor":14},{"not_picked":["Offering","Dark Embrace"],"picked":"Juggernaut","floor":16},{"not_picked":["Spot Weakness+1","Wild Strike"],"picked":"Rage","floor":18},{"not_picked":["Perfected Strike","Wild Strike","Flex+1"],"picked":"SKIP","floor":20},{"not_picked":["Headbutt","Sword Boomerang","Perfected Strike"],"picked":"SKIP","floor":21}],"player_experience":394503,"relics_obtained":[{"floor":8,"key":"Anchor"},{"floor":9,"key":"Strawberry"}],"event_choices":[{"event_name":"Golden Shrine","player_choice":"Pray","floor":2,"damage_taken":0},{"event_name":"Golden Idol","player_choice":"Lose Max HP","floor":4,"damage_taken":0},{"event_name":"FaceTrader","player_choice":"Trade","floor":5,"damage_taken":0},{"event_name":"Transmorgrifier","player_choice":"Transform","floor":10,"damage_taken":0},{"event_name":"The Mausoleum","player_choice":"No","floor":19,"damage_taken":0}],"is_beta":false,"boss_relics":[{"not_picked":["Cursed Key","Fusion Hammer"],"picked":"Mark of Pain"}],"items_purged_floors":[3,11,22],"is_endless":false,"potions_floor_spawned":[8,14,18],"killed_by":"Chosen and Byrds","ascension_level":10}