{"gold_per_floor":[115,40,40,40,115,115,189,214,214,214,229,34,72,88,88,184,184,197,210,1,1,1,1],"floor_reached":23,"playtime":835,"items_purged":["Strike_R","Strike_R"],"score":371,"play_id":"f8d13b6c-94bb-4b00-8d51-76d519c2384e","local_time":"20190329011927","is_ascension_mode":true,"campfire_choices":[{"floor":6,"key":"REST"},{"data":"Hemokinesis","floor":10,"key":"SMITH"},{"floor":15,"key":"REST"}],"neow_cost":"NONE","seed_source_timestamp":126256134272620,"circlet_count":0,"master_deck":["AscendersBane","Defend_R","Defend_R","Defend_R","Defend_R","Bash","Hemokinesis+1","Cleave","Disarm","Trip","Blood for Blood+1","Metallicize","Brutality","Headbutt+1","Uppercut","Dropkick","Armaments","Shrug It Off","Fire Breathing","Bite","Bite","Bite","Bite","Bite"],"relics":["Burning Blood","Golden Idol","Sundial","Pantograph","Dodecahedron","Orrery","Whetstone"],"potions_floor_usage":[19],"damage_taken":[{"damage":8,"enemies":"2 Louse","floor":1,"turns":3},{"damage":15,"enemies":"Jaw Worm","floor":8,"turns":2},{"damage":8,"enemies":"Small Slimes","floor":11,"turns":2},{"damage":25,"enemies":"Lagavulin","floor":13,"turns":6},{"damage":15,"enemies":"Blue Slaver","floor":14,"turns":3},{"damage":37,"enemies":"Hexaghost","floor":16,"turns":12},{"damage":10,"enemies":"Chosen","floor":18,"turns":5},{"damage":53,"enemies":"3 Byrds","floor":19,"turns":7},{"damage":29,"enemies":"Slavers","floor":23,"turns":1}],"seed_played":"-7566840372272622515","potions_obtained":[{"floor":16,"key":"BloodPotion"}],"is_trial":false,"path_per_floor":["M","$","?","$","?","R","T","M","T","R","M","$","E","M","R","B",null,"M","M","$","?","?","E"],"character_chosen":"IRONCLAD","items_purchased":["Trip","Whetstone","Fire Breathing"],"campfire_rested":2,"item_purchase_floors":[12,20,20],"current_hp_per_floor":[66,66,40,40,29,51,51,42,42,42,40,40,21,12,34,28,63,59,19,19,19,19,0],"gold":1,"neow_bonus":"TRANSFORM_CARD","is_prod":false,"is_daily":false,"chose_seed":false,"campfire_upgraded":1,"win_rate":0,"timestamp":1553831367,"path_taken":["M","$","?","$","?","R","?","M","T","R","M","?","E","M","R","BOSS","M","M","$","?","?","E"],"build_version":"2019-01-23","purchased_purges":2,"victory":false,"max_hp_per_floor":[75,75,75,75,75,75,75,75,75,75,75,75,75,75,75,75,75,75,75,75,75,52,52],"card_choices":[{"not_picked":["Clothesline","Burning Pact"],"picked":"Cleave","floor":1},{"not_picked":["True Grit","Burning Pact","Seeing Red"],"picked":"SKIP","floor":8},{"not_picked":["True Grit","Heavy Blade"],"picked":"Disarm","floor":11},{"not_picked":["Intimidate","Sword Boomerang"],"picked":"Blood for Blood","floor":13},{"not_picked":["Warcry","Infernal Blade"],"picked":"Metallicize","floor":14},{"not_picked":["Limit Break","Barricade"],"picked":"Brutality","floor":16},{"not_picked":["Whirlwind","Wild Strike"],"picked":"Headbutt","floor":17},{"not_picked":["Body Slam","Anger"],"picked":"Uppercut","floor":17},{"not_picked":["Searing Blow","Hemokinesis"],"picked":"Dropkick","floor":17},{"not_picked":["Body Slam","Perfected Strike"],"picked":"Armaments","floor":17},{"not_picked":["Sword Boomerang","Whirlwind","Feel No Pain"],"picked":"SKIP","floor":18},{"not_picked":["Twin Strike","Heavy Blade"],"picked":"Shrug It Off","floor":19}],"player_experience":1125535,"relics_obtained":[{"floor":7,"key":"Sundial"},{"floor":9,"key":"Pantograph"},{"floor":13,"key":"Dodecahedron"}],"event_choices":[{"damage_healed":0,"gold_gain":0,"player_choice":"Take Damage","damage_taken":26,"relics_obtained":["Golden Idol"],"max_hp_gain":0,"max_hp_loss":0,"event_name":"Golden Idol","floor":3,"gold_loss":0},{"damage_healed":0,"gold_gain":75,"player_choice":"Gather Gold","damage_taken":11,"max_hp_gain":0,"max_hp_loss":0,"event_name":"World of Goop","floor":5,"gold_loss":0},{"damage_healed":0,"gold_gain":0,"player_choice":"Ignored","damage_taken":0,"max_hp_gain":0,"max_hp_loss":0,"event_name":"The Mausoleum","floor":21,"gold_loss":0},{"damage_healed":0,"gold_gain":0,"player_choice":"Became a vampire","damage_taken":0,"max_hp_gain":0,"max_hp_loss":23,"event_name":"Vampires","floor":22,"gold_loss":0,"cards_obtained":["Bite","Bite","Bite","Bite","Bite"]}],"is_beta":false,"boss_relics":[{"not_picked":["Sozu","Snecko Eye"],"picked":"Orrery"}],"items_purged_floors":[2,12],"is_endless":false,"potions_floor_spawned":[16],"killed_by":"Slavers","ascension_level":17}