{"gold_per_floor":[110,121,135,135,165,193,193,46,72,84,116,128,151,177,189,299,311,333,375,387,399,423,435,474,486,498,536,548,577,624,636,648,660],"floor_reached":33,"playtime":2312,"items_purged":["Strike_G"],"score":470,"play_id":"cbb853d5-4115-483e-9745-b6b660172a1d","local_time":"20190514222122","is_ascension_mode":true,"campfire_choices":[{"data":"Neutralize","floor":7,"key":"SMITH"},{"data":"Noxious Fumes","floor":10,"key":"SMITH"},{"floor":15,"key":"REST"},{"data":"Footwork","floor":23,"key":"SMITH"},{"floor":25,"key":"REST"},{"floor":28,"key":"REST"},{"data":"After Image","floor":32,"key":"SMITH"}],"neow_cost":"NONE","seed_source_timestamp":44450566327367,"circlet_count":0,"master_deck":["AscendersBane","Defend_G","Defend_G","Defend_G","Defend_G","Defend_G","Strike_G","Strike_G","Survivor","Neutralize+1","Escape Plan","Crippling Poison","Quick Slash","Corpse Explosion","Noxious Fumes+1","Slice+1","Cloak And Dagger","PiercingWail","After Image+1","Footwork+1","Dodge and Roll","Envenom","Setup","Poisoned Stab+1","Infinite Blades+1","Cloak And Dagger","RitualDagger+1"],"special_seed":0,"relics":["Ring of the Snake","Pen Nib","Omamori","Tiny Chest","Molten Egg 2","MawBank","Smiling Mask","Velvet Choker","Red Mask","Happy Flower","Ancient Tea Set","Anchor","Sundial","Pantograph"],"potions_floor_usage":[6,6,14,16,16,19,22,29,30,33],"damage_taken":[{"damage":0,"enemies":"Small Slimes","floor":1,"turns":4},{"damage":0,"enemies":"2 Louse","floor":2,"turns":3},{"damage":4,"enemies":"Jaw Worm","floor":3,"turns":5},{"damage":40,"enemies":"Lagavulin","floor":6,"turns":10},{"damage":4,"enemies":"Blue Slaver","floor":11,"turns":5},{"damage":7,"enemies":"Exordium Wildlife","floor":13,"turns":3},{"damage":9,"enemies":"3 Louse","floor":14,"turns":2},{"damage":28,"enemies":"The Guardian","floor":16,"turns":9},{"damage":0,"enemies":"Shell Parasite","floor":18,"turns":6},{"damage":2,"enemies":"Masked Bandits","floor":19,"turns":2},{"damage":14,"enemies":"3 Byrds","floor":22,"turns":5},{"damage":13,"enemies":"Book of Stabbing","floor":24,"turns":7},{"damage":27,"enemies":"Gremlin Leader","floor":27,"turns":7},{"damage":7,"enemies":"Snecko","floor":29,"turns":6},{"damage":11,"enemies":"Slavers","floor":30,"turns":4},{"damage":53,"enemies":"Automaton","floor":33,"turns":12}],"seed_played":"844808494081205878","potions_obtained":[{"floor":2,"key":"Regen Potion"},{"floor":3,"key":"LiquidBronze"},{"floor":6,"key":"PowerPotion"},{"floor":13,"key":"Poison Potion"},{"floor":14,"key":"Poison Potion"},{"floor":16,"key":"SteroidPotion"},{"floor":19,"key":"Ancient Potion"},{"floor":22,"key":"Fruit Juice"},{"floor":27,"key":"Weak Potion"},{"floor":30,"key":"SkillPotion"}],"is_trial":false,"path_per_floor":["M","M","M","?","?","E","R","$","T","R","M","T","M","M","R","B",null,"M","?","T","?","M","R","E","R","T","E","R","M","E","?","R","B"],"character_chosen":"THE_SILENT","items_purchased":["Noxious Fumes"],"campfire_rested":3,"item_purchase_floors":[8],"current_hp_per_floor":[63,63,59,56,56,31,31,31,31,31,27,27,20,11,32,4,54,54,52,52,52,43,43,30,52,52,25,47,40,29,23,23,0],"gold":660,"neow_bonus":"RANDOM_COMMON_RELIC","is_prod":false,"is_daily":false,"chose_seed":false,"campfire_upgraded":4,"win_rate":0,"timestamp":1557890482,"path_taken":["M","M","M","?","?","E","R","$","T","R","M","?","?","M","R","BOSS","M","?","?","?","M","R","E","R","T","E","R","M","E","?","R","BOSS"],"build_version":"2019-01-23","purchased_purges":1,"victory":false,"max_hp_per_floor":[70,70,70,70,70,70,70,70,70,70,70,70,70,70,70,70,70,70,70,70,70,75,75,75,75,75,75,75,75,75,75,75,75],"card_choices":[{"not_picked":["Underhanded Strike","Dagger Throw"],"picked":"Escape Plan","floor":1},{"not_picked":["Blade Dance","Bouncing Flask"],"picked":"Crippling Poison","floor":2},{"not_picked":["Deflect","Tactician"],"picked":"Quick Slash","floor":3},{"not_picked":["Deadly Poison","Slice"],"picked":"Corpse Explosion","floor":6},{"not_picked":["Choke+1","Deadly Poison"],"picked":"Slice+1","floor":11},{"not_picked":["Tactician","Underhanded Strike+1"],"picked":"Cloak And Dagger","floor":13},{"not_picked":["Flying Knee+1","Reflex"],"picked":"PiercingWail","floor":14},{"not_picked":["Burst","Storm of Steel"],"picked":"After Image","floor":16},{"not_picked":["Flying Knee+1","Dagger Throw+1"],"picked":"Footwork","floor":18},{"not_picked":["Bouncing Flask","Calculated Gamble"],"picked":"Dodge and Roll","floor":19},{"not_picked":["Heel Hook+1","Distraction"],"picked":"Poisoned Stab+1","floor":22},{"not_picked":["Eviscerate+1","Deadly Poison+1"],"picked":"Infinite Blades+1","floor":24},{"not_picked":["Outmaneuver","Choke+1","Prepared+1"],"picked":"SKIP","floor":27},{"not_picked":["Underhanded Strike+1","Deadly Poison","Bullet Time"],"picked":"SKIP","floor":29},{"not_picked":["Eviscerate+1","Unload+1"],"picked":"Cloak And Dagger","floor":30}],"player_experience":654169,"relics_obtained":[{"floor":6,"key":"Molten Egg 2"},{"floor":9,"key":"MawBank"},{"floor":12,"key":"Smiling Mask"},{"floor":19,"key":"Red Mask"},{"floor":20,"key":"Happy Flower"},{"floor":24,"key":"Ancient Tea Set"},{"floor":26,"key":"Anchor"},{"floor":27,"key":"Sundial"},{"floor":30,"key":"Pantograph"}],"event_choices":[{"damage_healed":0,"gold_gain":0,"player_choice":"Success","damage_taken":3,"relics_obtained":["Omamori"],"max_hp_gain":0,"max_hp_loss":0,"event_name":"Scrap Ooze","floor":4,"gold_loss":0},{"damage_healed":0,"gold_gain":0,"player_choice":"Box","damage_taken":0,"relics_obtained":["Tiny Chest"],"max_hp_gain":0,"max_hp_loss":0,"event_name":"Big Fish","floor":5,"gold_loss":0,"cards_obtained":["Regret"]},{"damage_healed":0,"gold_gain":0,"player_choice":"Fought Bandits","damage_taken":0,"max_hp_gain":0,"max_hp_loss":0,"event_name":"Masked Bandits","floor":19,"gold_loss":0},{"damage_healed":0,"gold_gain":0,"cards_transformed":["Strike_G","Strike_G"],"player_choice":"Became Test Subject","damage_taken":0,"max_hp_gain":0,"max_hp_loss":0,"event_name":"Drug Dealer","floor":21,"gold_loss":0,"cards_obtained":["Envenom","Setup"]},{"damage_healed":0,"gold_gain":0,"player_choice":"Joined the Cult","damage_taken":6,"max_hp_gain":0,"max_hp_loss":0,"event_name":"Nest","floor":31,"gold_loss":0,"cards_obtained":["RitualDagger"]}],"is_beta":false,"boss_relics":[{"not_picked":["WristBlade","Orrery"],"picked":"Velvet Choker"}],"items_purged_floors":[8],"is_endless":false,"potions_floor_spawned":[2,3,6,13,14,16,19,22,27,30],"killed_by":"Automaton","ascension_level":11}