{"gold_per_floor":[118,132,307,307,257,267,300,300,300,331,331,343,343,360,360,463,513,531,511,522,522],"floor_reached":21,"playtime":2175,"items_purged":[],"score":246,"play_id":"f03ed562-58e1-461e-bb5d-1f1dd33b58ca","local_time":"20190302130635","is_ascension_mode":true,"campfire_choices":[{"floor":8,"key":"REST"},{"floor":11,"key":"REST"},{"data":"A Thousand Cuts","floor":13,"key":"SMITH"},{"data":"Wraith Form v2","floor":15,"key":"SMITH"}],"neow_cost":"NONE","seed_source_timestamp":428896091500,"circlet_count":0,"master_deck":["Defend_G","Defend_G","Defend_G","Defend_G+1","Defend_G","Strike_G","Strike_G","Strike_G","Strike_G","Survivor","Neutralize","Dagger Spray","Crippling Poison","Catalyst","Tactician","A Thousand Cuts+1","Prepared","Wraith Form v2+1","Corpse Explosion","Crippling Poison","Prepared+1","Poisoned Stab+1"],"relics":["Ring of the Snake","Pen Nib","Calipers","Kunai","Omamori","Tiny House"],"potions_floor_usage":[10,16,16],"damage_taken":[{"damage":0,"enemies":"Cultist","floor":1,"turns":3},{"damage":0,"enemies":"2 Louse","floor":2,"turns":1},{"damage":0,"enemies":"Small Slimes","floor":6,"turns":3},{"damage":32,"enemies":"Gremlin Nob","floor":7,"turns":6},{"damage":27,"enemies":"3 Sentries","floor":10,"turns":11},{"damage":0,"enemies":"2 Fungi Beasts","floor":12,"turns":5},{"damage":1,"enemies":"Red Slaver","floor":14,"turns":5},{"damage":34,"enemies":"Slime Boss","floor":16,"turns":9},{"damage":25,"enemies":"Spheric Guardian","floor":18,"turns":6},{"damage":13,"enemies":"3 Byrds","floor":20,"turns":4},{"damage":21,"enemies":"3 Cultists","floor":21,"turns":3}],"seed_played":"-7471799472033958832","potions_obtained":[{"floor":2,"key":"SpeedPotion"},{"floor":6,"key":"EssenceOfSteel"},{"floor":14,"key":"AttackPotion"},{"floor":17,"key":"SneckoOil"},{"floor":19,"key":"Ancient Potion"}],"is_trial":false,"path_per_floor":["M","M","?","?","?","M","E","R","T","E","R","M","R","M","R","B",null,"M","?","M","M"],"character_chosen":"THE_SILENT","items_purchased":[],"campfire_rested":2,"item_purchase_floors":[],"current_hp_per_floor":[63,63,63,56,56,56,24,45,45,18,39,39,39,38,38,4,59,34,34,21,0],"gold":522,"neow_bonus":"RANDOM_COMMON_RELIC","is_prod":false,"is_daily":false,"chose_seed":false,"campfire_upgraded":2,"win_rate":0,"timestamp":1551549995,"path_taken":["M","?","?","?","?","M","E","R","T","E","R","M","R","M","R","BOSS","M","?","?","M"],"build_version":"2019-01-23","purchased_purges":0,"victory":false,"max_hp_per_floor":[70,70,70,70,70,70,70,70,70,70,70,70,70,70,70,70,75,75,75,75,75],"card_choices":[{"not_picked":["Slice","Leg Sweep"],"picked":"Dagger Spray","floor":1},{"not_picked":["Backstab","Deflect"],"picked":"Crippling Poison","floor":2},{"not_picked":["Escape Plan","Poisoned Stab"],"picked":"Catalyst","floor":6},{"not_picked":["Dagger Throw","Terror"],"picked":"Tactician","floor":7},{"not_picked":["Dagger Spray","Underhanded Strike"],"picked":"A Thousand Cuts","floor":10},{"not_picked":["Underhanded Strike","Deflect"],"picked":"Prepared","floor":12},{"not_picked":["PiercingWail","Dagger Throw"],"picked":"Wraith Form v2","floor":14},{"not_picked":["Bullet Time","Tools of the Trade"],"picked":"Corpse Explosion","floor":16},{"not_picked":["Dodge and Roll","Infinite Blades"],"picked":"Crippling Poison","floor":17},{"not_picked":["Flying Knee+1","Outmaneuver+1"],"picked":"Prepared+1","floor":18},{"not_picked":["Backflip+1","Backstab"],"picked":"Poisoned Stab+1","floor":20}],"player_experience":2298346,"relics_obtained":[{"floor":7,"key":"Calipers"},{"floor":9,"key":"Kunai"},{"floor":10,"key":"Omamori"}],"event_choices":[{"damage_healed":0,"gold_gain":175,"player_choice":"AGREE","damage_taken":0,"max_hp_gain":0,"max_hp_loss":0,"event_name":"Liars Game","floor":3,"gold_loss":0,"cards_obtained":["Doubt"]},{"cards_removed":["Doubt"],"damage_healed":0,"gold_gain":0,"player_choice":"Card Removal","damage_taken":7,"max_hp_gain":0,"max_hp_loss":0,"event_name":"Golden Wing","floor":4,"gold_loss":0},{"cards_removed":["Strike_G"],"damage_healed":0,"gold_gain":0,"player_choice":"Card Removal","damage_taken":0,"max_hp_gain":0,"max_hp_loss":0,"event_name":"The Cleric","floor":5,"gold_loss":50},{"damage_healed":0,"gold_gain":0,"player_choice":"Bought 1 Potion","damage_taken":0,"max_hp_gain":0,"max_hp_loss":0,"event_name":"The Woman in Blue","floor":19,"gold_loss":0}],"is_beta":false,"boss_relics":[{"not_picked":["Orrery","WristBlade"],"picked":"Tiny House"}],"items_purged_floors":[],"is_endless":false,"potions_floor_spawned":[2,6,14],"killed_by":"3 Cultists","ascension_level":6}