{"gold_per_floor":[115,128,303,313,323,323,352,75,99,99,114,14,29,46,46,149,149,178,93,93,105,204,204],"floor_reached":23,"playtime":1550,"items_purged":["Defend_G","Strike_G"],"score":222,"play_id":"76ae025b-f3b2-459c-ba29-c9d425ab48df","local_time":"20180916012213","is_ascension_mode":true,"campfire_choices":[{"floor":6,"key":"REST"},{"floor":10,"key":"REST"},{"floor":15,"key":"REST"}],"neow_cost":"PERCENT_DAMAGE","seed_source_timestamp":7837321698857,"circlet_count":0,"master_deck":["Defend_G","Defend_G","Defend_G","Defend_G","Strike_G","Strike_G","Survivor","Neutralize","Bouncing Flask","Dash","Prepared","Bane","Transmutation","Backflip","Bane","Adrenaline","Acrobatics"],"relics":["Ring of the Snake","Bag of Marbles","Oddly Smooth Stone","Sozu","Vajra"],"potions_floor_usage":[13,16,16,16],"damage_taken":[{"damage":5,"enemies":"Jaw Worm","floor":1,"turns":8},{"damage":5,"enemies":"Small Slimes","floor":2,"turns":7},{"damage":0,"enemies":"Cultist","floor":4,"turns":4},{"damage":3,"enemies":"2 Fungi Beasts","floor":5,"turns":4},{"damage":27,"enemies":"Lagavulin","floor":7,"turns":9},{"damage":14,"enemies":"Large Slime","floor":11,"turns":7},{"damage":1,"enemies":"Exordium Wildlife","floor":13,"turns":4},{"damage":1,"enemies":"Blue Slaver","floor":14,"turns":3},{"damage":29,"enemies":"Slime Boss","floor":16,"turns":10},{"damage":19,"enemies":"3 Byrds","floor":18,"turns":7},{"damage":13,"enemies":"Spheric Guardian","floor":21,"turns":5},{"damage":41,"enemies":"Slavers","floor":23,"turns":3}],"seed_played":"7759185415928936891","potions_obtained":[{"floor":5,"key":"Block Potion"},{"floor":11,"key":"Block Potion"},{"floor":13,"key":"Fire Potion"},{"floor":14,"key":"Swift Potion"},{"floor":16,"key":"Strength Potion"}],"is_trial":false,"path_per_floor":["M","M","?","M","M","R","E","$","T","R","M","$","M","M","R","B",null,"M","?","?","M","?"],"character_chosen":"THE_SILENT","items_purchased":["Transmutation"],"campfire_rested":3,"item_purchase_floors":[8],"current_hp_per_floor":[44,39,39,39,36,57,30,30,30,51,37,37,36,35,56,27,70,51,51,51,38,38,0],"gold":204,"neow_bonus":"REMOVE_TWO","is_prod":false,"is_daily":false,"chose_seed":false,"campfire_upgraded":0,"win_rate":0,"timestamp":1537075333,"path_taken":["M","M","?","M","M","R","E","$","T","R","M","?","M","?","R","BOSS","M","?","?","M","?","E"],"build_version":"2018-09-06","purchased_purges":2,"victory":false,"max_hp_per_floor":[70,70,70,70,70,70,70,70,70,70,70,70,70,70,70,70,70,70,70,70,70,70,70],"card_choices":[{"not_picked":["Bane","Slice","Tactician"],"picked":"SKIP","floor":1},{"not_picked":["PiercingWail","Deadly Poison"],"picked":"Bouncing Flask","floor":2},{"not_picked":["Venomology","Skewer"],"picked":"Dash","floor":4},{"not_picked":["Tactician","PiercingWail"],"picked":"Prepared","floor":5},{"not_picked":["Underhanded Strike","Skewer"],"picked":"Bane","floor":7},{"not_picked":["Backstab","Acrobatics"],"picked":"Backflip","floor":11},{"not_picked":["Quick Slash","Dagger Spray","Flying Knee"],"picked":"SKIP","floor":13},{"not_picked":["Endless Agony","Tactician"],"picked":"Bane","floor":14},{"not_picked":["Night Terror","Wraith Form v2"],"picked":"Adrenaline","floor":16},{"not_picked":["Quick Slash","Dagger Throw","Crippling Poison"],"picked":"SKIP","floor":18},{"not_picked":["PiercingWail","Underhanded Strike"],"picked":"Acrobatics","floor":21}],"player_experience":844420,"relics_obtained":[{"floor":7,"key":"Bag of Marbles"},{"floor":9,"key":"Oddly Smooth Stone"}],"event_choices":[{"event_name":"Liars Game","player_choice":"agreed","floor":3,"damage_taken":0},{"event_name":"Addict","player_choice":"Obtained Relic","floor":19,"damage_taken":0},{"event_name":"Fountain of Cleansing","player_choice":"Removed Curse","floor":20,"damage_taken":0},{"event_name":"Nest","player_choice":"Stole From Cult","floor":22,"damage_taken":0}],"is_beta":false,"boss_relics":[{"not_picked":["Calling Bell","Empty Cage"],"picked":"Sozu"}],"items_purged_floors":[8,12],"is_endless":false,"potions_floor_spawned":[5,11,13,14,16,21],"killed_by":"Slavers","ascension_level":3}