{"gold_per_floor":[117,128,128,128,138,170,170,170,170,183,108,118,42,53,53,53],"floor_reached":16,"playtime":776,"items_purged":["Defend_R"],"score":179,"play_id":"0e6035ca-f68a-4cac-a3d4-de67b6ef2100","local_time":"20190520154009","is_ascension_mode":true,"campfire_choices":[{"data":"Disarm","floor":8,"key":"SMITH"},{"data":"Havoc","floor":15,"key":"SMITH"}],"neow_cost":"TEN_PERCENT_HP_LOSS","seed_source_timestamp":4414022982538005,"circlet_count":0,"master_deck":["AscendersBane","Strike_R","Strike_R","Strike_R","Strike_R","Strike_R+1","Defend_R","Defend_R+1","Defend_R","Bash","Immolate","Havoc+1","Rage","Disarm+1","Shrug It Off+1","Shrug It Off+1","Metallicize"],"relics":["Burning Blood","Shuriken","Blue Candle","Toxic Egg 2"],"potions_floor_usage":[10,16],"damage_taken":[{"damage":1,"enemies":"Cultist","floor":1,"turns":4},{"damage":12,"enemies":"Jaw Worm","floor":2,"turns":3},{"damage":0,"enemies":"2 Louse","floor":5,"turns":1},{"damage":37,"enemies":"Lagavulin","floor":6,"turns":7},{"damage":13,"enemies":"Lots of Slimes","floor":10,"turns":2},{"damage":0,"enemies":"Exordium Wildlife","floor":12,"turns":4},{"damage":1,"enemies":"2 Fungi Beasts","floor":14,"turns":2},{"damage":35,"enemies":"Hexaghost","floor":16,"turns":15}],"seed_played":"-9137375376362126743","potions_obtained":[{"floor":2,"key":"BloodPotion"},{"floor":4,"key":"FairyPotion"},{"floor":12,"key":"EssenceOfSteel"}],"is_trial":false,"path_per_floor":["M","M","?","?","M","E","T","R","T","M","$","M","$","M","R","B"],"character_chosen":"IRONCLAD","items_purchased":["Metallicize"],"campfire_rested":0,"item_purchase_floors":[13],"current_hp_per_floor":[68,62,42,42,48,17,17,17,17,16,16,22,22,27,27,0],"gold":53,"neow_bonus":"THREE_RARE_CARDS","is_prod":false,"is_daily":false,"chose_seed":false,"campfire_upgraded":2,"win_rate":0,"timestamp":1558359609,"path_taken":["M","?","?","?","?","E","?","R","T","M","$","M","$","M","R","BOSS"],"build_version":"2019-01-23","purchased_purges":1,"victory":false,"max_hp_per_floor":[68,68,68,68,68,68,68,68,68,68,68,68,68,68,68,68],"card_choices":[{"not_picked":["Fiend Fire","Dark Embrace"],"picked":"Immolate","floor":0},{"not_picked":["Flex","Perfected Strike","Cleave"],"picked":"SKIP","floor":1},{"not_picked":["Iron Wave","Twin Strike"],"picked":"Havoc","floor":2},{"not_picked":["Iron Wave","Anger"],"picked":"Rage","floor":5},{"not_picked":["Berserk","Rupture"],"picked":"Disarm","floor":6},{"not_picked":["Burning Pact+1","Clash"],"picked":"Shrug It Off+1","floor":10},{"not_picked":["Headbutt","Evolve"],"picked":"Shrug It Off+1","floor":12},{"not_picked":["Iron Wave","Intimidate+1","Sword Boomerang"],"picked":"SKIP","floor":14}],"player_experience":573366,"relics_obtained":[{"floor":6,"key":"Shuriken"},{"floor":7,"key":"Blue Candle"},{"floor":9,"key":"Toxic Egg 2"}],"event_choices":[{"damage_healed":0,"gold_gain":0,"player_choice":"Entered Light","damage_taken":20,"max_hp_gain":0,"max_hp_loss":0,"event_name":"Shining Light","floor":3,"gold_loss":0,"cards_upgraded":["Strike_R","Defend_R"]},{"damage_healed":0,"gold_gain":0,"player_choice":"Got Potions","damage_taken":0,"max_hp_gain":0,"max_hp_loss":0,"event_name":"Lab","floor":4,"gold_loss":0}],"is_beta":false,"boss_relics":[],"items_purged_floors":[11],"is_endless":false,"potions_floor_spawned":[2,12,14],"killed_by":"Hexaghost","ascension_level":15}