{"gold_per_floor":[368,7,7,23,43,43,193,225,249,249,259,259,273,273,273,273],"floor_reached":16,"playtime":510,"items_purged":[],"score":180,"play_id":"c476f43b-eba7-472e-af9a-a97d9cf8904c","local_time":"20190503042734","is_ascension_mode":true,"campfire_choices":[{"floor":6,"key":"REST"},{"floor":10,"key":"REST"},{"floor":12,"key":"REST"},{"floor":15,"key":"REST"}],"neow_cost":"PERCENT_DAMAGE","seed_source_timestamp":1407376210428700,"circlet_count":0,"master_deck":["AscendersBane","Strike_B","Strike_B","Strike_B","Strike_B","Defend_B","Defend_B","Defend_B","Defend_B","Zap","Dualcast","Blizzard","The Bomb","Blizzard","Defragment","Regret","Hologram","Genetic Algorithm","Doubt","BootSequence","Conserve Battery"],"relics":["Cracked Core","Bronze Scales","Boot","Juzu Bracelet","Happy Flower"],"potions_floor_usage":[5,16],"damage_taken":[{"damage":4,"enemies":"Jaw Worm","floor":1,"turns":4},{"damage":12,"enemies":"2 Louse","floor":4,"turns":3},{"damage":11,"enemies":"Small Slimes","floor":5,"turns":2},{"damage":38,"enemies":"Lagavulin","floor":8,"turns":8},{"damage":12,"enemies":"2 Fungi Beasts","floor":11,"turns":3},{"damage":4,"enemies":"3 Louse","floor":13,"turns":3},{"damage":38,"enemies":"Hexaghost","floor":16,"turns":9}],"seed_played":"-5769548137489696523","potions_obtained":[{"floor":1,"key":"Fire Potion"},{"floor":11,"key":"EssenceOfSteel"}],"is_trial":false,"path_per_floor":["M","$","?","M","M","R","?","E","T","R","M","R","M","?","R","B"],"character_chosen":"DEFECT","items_purchased":["The Bomb","Blizzard","Defragment"],"campfire_rested":4,"item_purchase_floors":[2,2,2],"current_hp_per_floor":[42,42,42,30,19,40,40,2,2,23,11,32,28,17,38,0],"gold":273,"neow_bonus":"TWO_FIFTY_GOLD","is_prod":false,"is_daily":false,"chose_seed":false,"campfire_upgraded":0,"win_rate":0,"timestamp":1556872054,"path_taken":["M","$","?","M","M","R","?","E","T","R","M","R","M","?","R","BOSS"],"build_version":"2019-01-23","purchased_purges":0,"victory":false,"max_hp_per_floor":[71,71,71,71,71,71,71,71,71,71,71,71,71,71,71,71],"card_choices":[{"not_picked":["Skim","Scrape"],"picked":"Blizzard","floor":1},{"not_picked":["Gash","Stack"],"picked":"Hologram","floor":4},{"not_picked":["Turbo","Compile Driver"],"picked":"Genetic Algorithm","floor":5},{"not_picked":["Sunder","Streamline"],"picked":"BootSequence","floor":8},{"not_picked":["Turbo","Barrage","Compile Driver"],"picked":"SKIP","floor":11},{"not_picked":["Stack","Steam Power"],"picked":"Conserve Battery","floor":13}],"player_experience":2880922,"relics_obtained":[{"floor":8,"key":"Boot"},{"floor":9,"key":"Juzu Bracelet"}],"event_choices":[{"damage_healed":0,"gold_gain":0,"player_choice":"Box","damage_taken":0,"relics_obtained":["Bronze Scales"],"max_hp_gain":0,"max_hp_loss":0,"event_name":"Big Fish","floor":3,"gold_loss":0,"cards_obtained":["Regret"]},{"damage_healed":0,"gold_gain":150,"player_choice":"AGREE","damage_taken":0,"max_hp_gain":0,"max_hp_loss":0,"event_name":"Liars Game","floor":7,"gold_loss":0,"cards_obtained":["Doubt"]},{"damage_healed":0,"gold_gain":0,"player_choice":"Success","damage_taken":11,"relics_obtained":["Happy Flower"],"max_hp_gain":0,"max_hp_loss":0,"event_name":"Scrap Ooze","floor":14,"gold_loss":0}],"is_beta":false,"boss_relics":[],"items_purged_floors":[],"is_endless":false,"potions_floor_spawned":[1,11],"killed_by":"Hexaghost","ascension_level":16}