{"gold_per_floor":[19,34,54,54,65,81,81,109,109,119,145,145,165,21,21,118,118,138,156,174,174,184,184,184,184,236,256,285,16,16,31,31,134,134,145,145,145,161,171,171,198,222,222,235,260,271,306,306,306,306],"floor_reached":51,"playtime":6263,"items_purged":["Strike_G"],"score":882,"play_id":"a4ed12e3-fe01-47ec-9f34-6001ffb30f5f","local_time":"20181221230143","is_ascension_mode":true,"campfire_choices":[{"floor":12,"key":"REST"},{"floor":15,"key":"REST"},{"data":"Noxious Fumes","floor":23,"key":"SMITH"},{"data":"A Thousand Cuts","floor":25,"key":"SMITH"},{"data":"Footwork","floor":32,"key":"SMITH"},{"data":"After Image","floor":40,"key":"SMITH"},{"floor":49,"key":"REST"}],"neow_cost":"NO_GOLD","seed_source_timestamp":770065470141,"circlet_count":0,"master_deck":["Defend_G","Defend_G","Defend_G","Defend_G","Defend_G","Survivor","Neutralize","A Thousand Cuts+1","Prepared","Deflect","Glass Knife","Footwork+1","Prepared","Backflip","Cloak And Dagger","Deflect","Infinite Blades","Footwork","Noxious Fumes+1","Cloak And Dagger+1","Footwork+1","Writhe","Poisoned Stab","Bite","Bite","Bite","Bite","Parasite","Infinite Blades","Poisoned Stab","Cloak And Dagger+1","Cloak And Dagger+1","After Image+1","Madness+1","Madness+1","Poisoned Stab+1","Cloak And Dagger+1","Doubt","Shame","Cloak And Dagger+1","Well Laid Plans","Discovery+1"],"relics":["Ring of the Snake","The Specimen","Bird Faced Urn","Odd Mushroom","Cursed Key","Ornamental Fan","Bag of Marbles","StoneCalendar","Toxic Egg 2","Lizard Tail","Strawberry","Bronze Scales","Letter Opener","Darkstone Periapt","Orichalcum"],"potions_floor_usage":[11,16,33,35,41,45,50,50],"damage_taken":[{"damage":6,"enemies":"Cultist","floor":1,"turns":5},{"damage":4,"enemies":"2 Louse","floor":2,"turns":3},{"damage":0,"enemies":"Jaw Worm","floor":3,"turns":5},{"damage":20,"enemies":"Lots of Slimes","floor":5,"turns":4},{"damage":9,"enemies":"Looter","floor":6,"turns":3},{"damage":13,"enemies":"3 Sentries","floor":8,"turns":11},{"damage":0,"enemies":"Large Slime","floor":10,"turns":7},{"damage":0,"enemies":"The Mushroom Lair","floor":11,"turns":5},{"damage":9,"enemies":"3 Louse","floor":13,"turns":4},{"damage":7,"enemies":"Hexaghost","floor":16,"turns":12},{"damage":1,"enemies":"Chosen","floor":18,"turns":5},{"damage":4,"enemies":"3 Byrds","floor":19,"turns":6},{"damage":16,"enemies":"Snake Plant","floor":20,"turns":7},{"damage":20,"enemies":"Shelled Parasite and Fungi","floor":22,"turns":6},{"damage":15,"enemies":"Snecko","floor":27,"turns":5},{"damage":4,"enemies":"Book of Stabbing","floor":28,"turns":7},{"damage":34,"enemies":"Snake Plant","floor":31,"turns":6},{"damage":31,"enemies":"Collector","floor":33,"turns":9},{"damage":13,"enemies":"3 Darklings","floor":35,"turns":6},{"damage":27,"enemies":"3 Shapes","floor":38,"turns":5},{"damage":26,"enemies":"Sphere and 2 Shapes","floor":39,"turns":5},{"damage":13,"enemies":"Reptomancer","floor":41,"turns":7},{"damage":3,"enemies":"4 Shapes","floor":44,"turns":3},{"damage":34,"enemies":"Giant Head","floor":45,"turns":11},{"damage":8,"enemies":"3 Darklings","floor":46,"turns":4},{"damage":18,"enemies":"Reptomancer","floor":47,"turns":7},{"damage":21,"enemies":"Donu and Deca","floor":50,"turns":9}],"seed_played":"2910507522320859500","potions_obtained":[{"floor":2,"key":"Strength Potion"},{"floor":3,"key":"GhostInAJar"},{"floor":6,"key":"Strength Potion"},{"floor":16,"key":"Ancient Potion"},{"floor":18,"key":"Energy Potion"},{"floor":22,"key":"GhostInAJar"},{"floor":31,"key":"SteroidPotion"},{"floor":33,"key":"Fire Potion"},{"floor":35,"key":"Strength Potion"},{"floor":44,"key":"SkillPotion"},{"floor":46,"key":"SneckoOil"},{"floor":47,"key":"Strength Potion"}],"is_trial":false,"path_per_floor":["M","M","M","?","M","M","?","E","T","M","?","R","M","$","R","B",null,"M","M","M","?","M","R","?","R","T","M","E","$","?","M","R","B",null,"M","?","?","M","M","R","E","T","T","M","E","M","E","?","R","B",null],"character_chosen":"THE_SILENT","items_purchased":["Noxious Fumes","Toxic Egg 2","Poisoned Stab"],"campfire_rested":3,"item_purchase_floors":[14,29,29],"current_hp_per_floor":[64,60,60,60,40,31,31,18,18,22,26,47,44,44,65,64,70,70,68,58,58,50,50,49,49,49,36,49,49,49,31,31,26,49,48,48,42,26,20,20,36,36,36,43,25,29,33,33,49,50],"gold":306,"neow_bonus":"THREE_RARE_CARDS","is_prod":false,"is_daily":false,"chose_seed":false,"campfire_upgraded":4,"win_rate":0,"timestamp":1545454903,"path_taken":["M","?","M","?","?","M","?","E","T","?","?","R","M","$","R","BOSS","M","M","M","?","M","R","?","R","T","M","E","$","?","?","R","BOSS","M","?","?","M","M","R","E","?","T","?","E","M","E","?","R","BOSS"],"build_version":"2018-12-20","purchased_purges":1,"victory":true,"max_hp_per_floor":[70,70,70,70,70,70,70,70,70,70,70,70,70,70,70,70,70,70,70,70,70,70,70,49,49,49,49,49,49,49,49,49,49,49,49,49,49,49,49,49,56,56,56,56,56,56,56,56,56,56],"card_choices":[{"not_picked":["Bullet Time","After Image"],"picked":"A Thousand Cuts","floor":0},{"not_picked":["Bane","Concentrate"],"picked":"Prepared","floor":1},{"not_picked":["Underhanded Strike","Prepared"],"picked":"Deflect","floor":2},{"not_picked":["Dodge and Roll","Bouncing Flask"],"picked":"Glass Knife","floor":3},{"not_picked":["Outmaneuver","Underhanded Strike"],"picked":"Prepared","floor":5},{"not_picked":["Expertise","Blade Dance"],"picked":"Backflip","floor":6},{"not_picked":["Expertise","Tactician"],"picked":"Cloak And Dagger","floor":8},{"not_picked":["Blur","Slice"],"picked":"Deflect","floor":10},{"not_picked":["Deadly Poison","Storm of Steel"],"picked":"Infinite Blades","floor":11},{"not_picked":["Riddle With Holes","Bane"],"picked":"Footwork","floor":13},{"not_picked":["Quick Slash","Skewer"],"picked":"Cloak And Dagger+1","floor":18},{"not_picked":["Acrobatics","Dagger Spray","Endless Agony"],"picked":"SKIP","floor":19},{"not_picked":["Deadly Poison+1","Quick Slash"],"picked":"Footwork","floor":20},{"not_picked":["Dagger Spray","Prepared"],"picked":"Poisoned Stab","floor":22},{"not_picked":["All Out Attack","Choke","Blade Dance"],"picked":"SKIP","floor":27},{"not_picked":["Terror","Dodge and Roll"],"picked":"Infinite Blades","floor":28},{"not_picked":["Dagger Throw+1","Setup+1"],"picked":"Cloak And Dagger+1","floor":31},{"not_picked":["Die Die Die","Grand Finale"],"picked":"After Image","floor":33},{"not_picked":["Reflex+1","Quick Slash+1","Skewer+1"],"picked":"SKIP","floor":35},{"not_picked":["Dagger Spray","PiercingWail+1"],"picked":"Poisoned Stab+1","floor":38},{"not_picked":["Dagger Spray+1","Blade Dance+1","Underhanded Strike"],"picked":"SKIP","floor":39},{"not_picked":["Deadly Poison+1","PiercingWail+1"],"picked":"Cloak And Dagger+1","floor":41},{"not_picked":["Underhanded Strike","Predator+1","Deadly Poison+1"],"picked":"SKIP","floor":44},{"not_picked":["PiercingWail+1","Concentrate+1"],"picked":"Cloak And Dagger+1","floor":45},{"not_picked":["Noxious Fumes","Slice","Dagger Throw+1"],"picked":"SKIP","floor":46},{"not_picked":["Acrobatics+1","Concentrate+1"],"picked":"Well Laid Plans","floor":47},{"not_picked":["Impatience+1","PanicButton+1"],"picked":"Discovery+1","floor":48}],"player_experience":180144,"relics_obtained":[{"floor":8,"key":"The Specimen"},{"floor":9,"key":"Bird Faced Urn"},{"floor":11,"key":"Odd Mushroom"},{"floor":26,"key":"Bag of Marbles"},{"floor":28,"key":"StoneCalendar"},{"floor":41,"key":"Strawberry"},{"floor":42,"key":"Bronze Scales"},{"floor":43,"key":"Letter Opener"},{"floor":45,"key":"Darkstone Periapt"},{"floor":47,"key":"Orichalcum"}],"event_choices":[{"damage_healed":0,"gold_gain":0,"cards_transformed":["Strike_G"],"player_choice":"Transformed","damage_taken":0,"max_hp_gain":0,"max_hp_loss":0,"event_name":"Transmorgrifier","floor":4,"gold_loss":0,"cards_obtained":["Footwork"]},{"damage_healed":0,"gold_gain":0,"player_choice":"Upgraded","damage_taken":0,"max_hp_gain":0,"max_hp_loss":0,"event_name":"Upgrade Shrine","floor":7,"gold_loss":0,"cards_upgraded":["Footwork"]},{"damage_healed":0,"gold_gain":0,"player_choice":"Fought Mushrooms","damage_taken":0,"max_hp_gain":0,"max_hp_loss":0,"event_name":"Mushrooms","floor":11,"gold_loss":0},{"damage_healed":0,"gold_gain":0,"player_choice":"Opened","damage_taken":0,"relics_obtained":["Ornamental Fan"],"max_hp_gain":0,"max_hp_loss":0,"event_name":"The Mausoleum","floor":21,"gold_loss":0,"cards_obtained":["Writhe"]},{"damage_healed":0,"gold_gain":0,"player_choice":"Became a vampire","damage_taken":0,"max_hp_gain":0,"max_hp_loss":21,"event_name":"Vampires","floor":24,"gold_loss":0,"cards_obtained":["Bite","Bite","Bite","Bite","Bite"]},{"damage_healed":0,"gold_gain":0,"player_choice":"Read","damage_taken":0,"max_hp_gain":0,"max_hp_loss":0,"event_name":"The Library","floor":30,"gold_loss":0,"cards_obtained":["Cloak And Dagger"]},{"cards_removed":["Bite"],"damage_healed":0,"gold_gain":0,"player_choice":"Removed Attack","damage_taken":0,"max_hp_gain":0,"max_hp_loss":0,"event_name":"Falling","floor":36,"gold_loss":0},{"damage_healed":0,"gold_gain":0,"player_choice":"Embrace Madness","damage_taken":6,"max_hp_gain":0,"max_hp_loss":0,"event_name":"Winding Halls","floor":37,"gold_loss":0,"cards_obtained":["Madness","Madness"]},{"damage_healed":0,"gold_gain":0,"player_choice":"Memory 1","damage_taken":0,"max_hp_gain":0,"max_hp_loss":0,"event_name":"SensoryStone","floor":48,"gold_loss":0}],"is_beta":false,"boss_relics":[{"not_picked":["Fusion Hammer","Calling Bell"],"picked":"Cursed Key"},{"not_picked":["Runic Dome","Philosopher\u0027s Stone"],"picked":"Lizard Tail"}],"items_purged_floors":[14],"is_endless":false,"potions_floor_spawned":[2,3,6,10,16,18,22,31,33,35,44,46,47],"ascension_level":2}