{"path_per_floor":["M","$","M","M","?","R","M","R","T","M","M","$","M","M","R","B",null,"M","?","?","M","M","R","E","R","T","R","?","?","$","M","R","B",null,"M","$","T","M","?","R","M","R","T","M","M","?","M","?","R","B"],"character_chosen":"THE_SILENT","items_purchased":["Noxious Fumes","Backflip","Tiny Chest","Noxious Fumes"],"gold_per_floor":[363,66,81,100,100,100,117,117,117,137,148,48,62,75,75,172,172,188,219,144,162,181,181,208,208,208,208,208,208,9,24,24,120,120,134,134,134,153,375,375,395,395,395,407,425,425,438,438,438,438],"floor_reached":51,"campfire_rested":4,"playtime":3484,"item_purchase_floors":[2,2,2,30],"current_hp_per_floor":[59,59,59,59,41,41,41,41,41,21,21,21,21,17,35,34,56,56,53,53,47,40,40,31,31,31,54,54,54,54,53,76,64,74,71,71,71,70,70,77,73,77,77,57,47,44,36,26,57,43],"items_purged":["Defend_G","Strike_G","Strike_G"],"gold":438,"score":870,"play_id":"2c495b59-ddd4-444c-b4dd-cb5f64621e4d","local_time":"20180609015930","is_prod":false,"is_daily":false,"chose_seed":false,"is_ascension_mode":true,"campfire_upgraded":6,"win_rate":0,"timestamp":1528502370,"campfire_choices":[{"data":"Neutralize","floor":6,"key":"SMITH"},{"data":"Noxious Fumes","floor":8,"key":"SMITH"},{"floor":15,"key":"REST"},{"data":"Backflip","floor":23,"key":"SMITH"},{"data":"Backflip","floor":25,"key":"SMITH"},{"floor":27,"key":"REST"},{"floor":32,"key":"REST"},{"data":"Noxious Fumes","floor":40,"key":"SMITH"},{"data":"Malaise","floor":42,"key":"SMITH"},{"floor":49,"key":"REST"}],"path_taken":["M","?","?","?","?","R","M","R","T","M","?","$","M","M","R","BOSS","M","?","?","?","?","R","E","R","T","R","?","?","$","M","R","BOSS","M","?","?","?","?","R","?","R","T","M","M","?","M","?","R","BOSS"],"build_version":"2018-06-07v3","seed_source_timestamp":1999167735755096,"purchased_purges":3,"victory":true,"master_deck":["Defend_G","Defend_G","Defend_G","Strike_G","Strike_G","Strike_G","Survivor","Neutralize+1","Predator","Noxious Fumes+1","Backflip+1","Bouncing Flask","Backflip+1","Deadly Poison","Crippling Poison","Adrenaline","Leg Sweep","Writhe","Noxious Fumes+1","Backflip+1","Malaise+1","Madness","Madness"],"max_hp_per_floor":[63,63,63,63,63,63,63,63,63,63,63,63,63,63,63,63,63,63,63,63,63,63,63,77,77,77,77,77,77,77,77,77,77,77,77,77,77,77,77,77,77,77,77,77,77,77,77,77,77,77],"relics":["Ring of the Snake","Tiny Chest","Paper Crane","Dead Branch","Busted Crown","Red Mask","Mango","Molten Egg 2","Bronze Scales","Eternal Feather","Bottled Flame","The Specimen","Gambling Chip"],"card_choices":[{"not_picked":["Dagger Spray","Poisoned Stab"],"picked":"Predator","floor":1},{"not_picked":["Dagger Throw","Bane","Slice"],"picked":"SKIP","floor":3},{"not_picked":["PiercingWail","Infinite Blades","Dodge and Roll"],"picked":"SKIP","floor":4},{"not_picked":["Reflex","Poisoned Stab","Caltrops"],"picked":"SKIP","floor":7},{"not_picked":["Masterful Stab","Deflect"],"picked":"Bouncing Flask","floor":10},{"not_picked":["Deadly Poison","Masterful Stab"],"picked":"Backflip","floor":11},{"not_picked":["Dagger Spray","Sucker Punch"],"picked":"Deadly Poison","floor":13},{"not_picked":["Reflex","Dagger Throw"],"picked":"Crippling Poison","floor":14},{"not_picked":["Phantasmal Killer","After Image"],"picked":"Adrenaline","floor":16},{"not_picked":[],"picked":"Leg Sweep","floor":18},{"not_picked":["Sucker Punch"],"picked":"SKIP","floor":21},{"not_picked":["Infinite Blades+1"],"picked":"SKIP","floor":22},{"not_picked":["Dash+1"],"picked":"SKIP","floor":24},{"not_picked":[],"picked":"Backflip+1","floor":31},{"not_picked":[],"picked":"Malaise","floor":35},{"not_picked":["Blade Dance+1"],"picked":"SKIP","floor":38},{"not_picked":["Dagger Spray+1"],"picked":"SKIP","floor":41},{"not_picked":["Predator+1"],"picked":"SKIP","floor":44},{"not_picked":["Distraction+1"],"picked":"SKIP","floor":45},{"not_picked":["PiercingWail"],"picked":"SKIP","floor":47}],"player_experience":266502,"potions_floor_usage":[14,14,16,16,16,16,19,19,24,50,50,50],"damage_taken":[{"damage":4,"enemies":"Cultist","floor":1,"turns":5},{"damage":0,"enemies":"Small Slimes","floor":3,"turns":3},{"damage":0,"enemies":"Jaw Worm","floor":4,"turns":5},{"damage":0,"enemies":"Looter","floor":7,"turns":4},{"damage":20,"enemies":"Gremlin Gang","floor":10,"turns":5},{"damage":0,"enemies":"Large Slime","floor":11,"turns":4},{"damage":0,"enemies":"Blue Slaver","floor":13,"turns":4},{"damage":4,"enemies":"Lots of Slimes","floor":14,"turns":5},{"damage":1,"enemies":"Hexaghost","floor":16,"turns":8},{"damage":0,"enemies":"3 Byrds","floor":18,"turns":4},{"damage":3,"floor":19,"turns":5},{"damage":6,"enemies":"Shell Parasite","floor":21,"turns":4},{"damage":7,"enemies":"Cultist and Chosen","floor":22,"turns":6},{"damage":23,"enemies":"Gremlin Leader","floor":24,"turns":8},{"damage":1,"enemies":"Snecko","floor":31,"turns":5},{"damage":12,"enemies":"Automaton","floor":33,"turns":10},{"damage":3,"enemies":"3 Darklings","floor":35,"turns":5},{"damage":1,"enemies":"3 Shapes","floor":38,"turns":4},{"damage":4,"enemies":"Sphere and 2 Shapes","floor":41,"turns":4},{"damage":20,"enemies":"4 Shapes","floor":44,"turns":4},{"damage":10,"enemies":"Maw","floor":45,"turns":8},{"damage":3,"floor":46,"turns":8},{"damage":8,"enemies":"3 Darklings","floor":47,"turns":5},{"damage":14,"enemies":"Donu and Deca","floor":50,"turns":8}],"relics_obtained":[{"floor":9,"key":"Dead Branch"},{"floor":19,"key":"Red Mask"},{"floor":24,"key":"Mango"},{"floor":26,"key":"Molten Egg 2"},{"floor":37,"key":"Bottled Flame"},{"floor":43,"key":"The Specimen"},{"floor":46,"key":"Gambling Chip"}],"event_choices":[{"event_name":"Scrap Ooze","player_choice":"success","floor":5,"damage_taken":18},{"event_name":"Masked Bandits","player_choice":"Fought over 188 gold","floor":19,"damage_taken":0},{"event_name":"Beggar","player_choice":"Gave Gold","floor":20,"damage_taken":0},{"event_name":"The Mausoleum","player_choice":"Yes","floor":28,"damage_taken":0},{"event_name":"The Woman in Blue","player_choice":"Bought 0 Potions","floor":29,"damage_taken":0},{"event_name":"Tomb of Lord Red Mask","player_choice":"Wore Mask","floor":39,"damage_taken":0},{"event_name":"MindBloom","player_choice":"Fight","floor":46,"damage_taken":0},{"event_name":"Winding Halls","player_choice":"Embrace Madness","floor":48,"damage_taken":0}],"boss_relics":[{"not_picked":["Snecko Eye","Runic Dome"],"picked":"Busted Crown"},{"not_picked":["Astrolabe","Orrery"],"picked":"Eternal Feather"}],"items_purged_floors":[2,12,30],"potions_floor_spawned":[1,11,13,14,18,19,24,31,33,38,41,46,47],"seed_played":"2662209043331387139","ascension_level":5,"potions_obtained":[{"floor":1,"key":"Strength Potion"},{"floor":11,"key":"SkillPotion"},{"floor":13,"key":"EntropicBrew"},{"floor":14,"key":"Weak Potion"},{"floor":18,"key":"SteroidPotion"},{"floor":19,"key":"Ancient Potion"},{"floor":24,"key":"EntropicBrew"},{"floor":31,"key":"SneckoOil"},{"floor":33,"key":"Strength Potion"},{"floor":41,"key":"Dexterity Potion"},{"floor":46,"key":"Swift Potion"}],"is_trial":false}