{"gold_per_floor":[110,35,48,61,61,61,61,80,80,91,91,17,17,17,17,116,116,104,104,121,38,38,38,57,57,57,57,84,84,84,98,98,200,200,212,212,8,24,24,24,0,0,81,108,108,108,140,156,156,156],"floor_reached":51,"playtime":3658,"items_purged":["Strike_G","Defend_G"],"score":1327,"play_id":"74043492-5c64-4cd3-87ab-b56cf665eac4","local_time":"20180731165442","is_ascension_mode":true,"campfire_choices":[{"data":"Dash","floor":6,"key":"SMITH"},{"data":"Blur","floor":11,"key":"SMITH"},{"data":"Noxious Fumes","floor":13,"key":"SMITH"},{"data":"Blur","floor":15,"key":"SMITH"},{"data":"Noxious Fumes","floor":23,"key":"SMITH"},{"data":"After Image","floor":25,"key":"SMITH"},{"floor":29,"key":"REST"},{"floor":32,"key":"REST"},{"floor":40,"key":"REST"},{"data":"Neutralize","floor":42,"key":"SMITH"},{"data":"Defend_G","floor":49,"key":"PURGE"}],"neow_cost":"TEN_PERCENT_HP_LOSS","seed_source_timestamp":3868524628293717,"circlet_count":0,"master_deck":["Defend_G","Survivor","Neutralize+1","AscendersBane","Dash+1","Blur+1","Blur+1","Noxious Fumes+1","After Image+1","Escape Plan+1","Noxious Fumes+1","Acrobatics+1","Prepared+1","Blur+1","Madness+1","Madness+1","Noxious Fumes","Expertise+1","Caltrops"],"relics":["Ring of the Snake","Mango","Nunchaku","Busted Crown","Toxic Egg 2","Dodecahedron","Juzu Bracelet","Empty Cage","Red Mask","Gremlin Horn","Bird Faced Urn","Peace Pipe","Whetstone"],"potions_floor_usage":[4,16,16,38,38,45],"damage_taken":[{"damage":0,"enemies":"2 Louse","floor":1,"turns":3},{"damage":1,"enemies":"Small Slimes","floor":3,"turns":4},{"damage":1,"enemies":"Jaw Worm","floor":4,"turns":8},{"damage":0,"enemies":"Red Slaver","floor":8,"turns":5},{"damage":1,"enemies":"2 Fungi Beasts","floor":10,"turns":4},{"damage":3,"enemies":"Hexaghost","floor":16,"turns":12},{"damage":5,"enemies":"2 Thieves","floor":18,"turns":4},{"damage":21,"enemies":"3 Byrds","floor":20,"turns":7},{"damage":3,"enemies":"Centurion and Healer","floor":24,"turns":8},{"damage":0,"enemies":"Sentry and Sphere","floor":31,"turns":7},{"damage":0,"enemies":"Automaton","floor":33,"turns":13},{"damage":3,"enemies":"3 Darklings","floor":35,"turns":5},{"damage":2,"enemies":"3 Shapes","floor":38,"turns":5},{"damage":0,"enemies":"Giant Head","floor":44,"turns":11},{"damage":0,"floor":45,"turns":8},{"damage":0,"enemies":"Nemesis","floor":47,"turns":9},{"damage":0,"enemies":"Spire Growth","floor":48,"turns":5},{"damage":0,"enemies":"Awakened One","floor":50,"turns":17}],"seed_played":"-6682121944361757041","potions_obtained":[{"floor":3,"key":"Block Potion"},{"floor":8,"key":"Weak Potion"},{"floor":10,"key":"Energy Potion"},{"floor":20,"key":"Energy Potion"},{"floor":24,"key":"Block Potion"},{"floor":44,"key":"Dexterity Potion"},{"floor":48,"key":"AttackPotion"}],"is_trial":false,"path_per_floor":["M","$","M","M","?","R","?","M","T","M","R","$","R","?","R","B",null,"M","T","M","$","?","R","M","R","T","?","T","R","$","M","R","B",null,"M","?","$","M","?","R","?","R","T","E","?","?","E","M","R","B"],"character_chosen":"THE_SILENT","items_purchased":["Noxious Fumes","Noxious Fumes","Acrobatics+1","Noxious Fumes","Expertise+1"],"campfire_rested":3,"item_purchase_floors":[12,21,21,37,37],"current_hp_per_floor":[77,77,76,75,68,68,68,68,68,67,67,67,67,67,67,64,74,69,69,48,48,48,48,45,45,45,45,45,68,68,68,77,77,77,74,64,64,62,62,77,77,77,77,77,77,77,77,77,77,77],"gold":156,"neow_bonus":"ONE_RARE_RELIC","is_prod":false,"is_daily":false,"chose_seed":false,"campfire_upgraded":7,"win_rate":0,"timestamp":1533048882,"path_taken":["M","$","M","M","?","R","?","?","T","M","R","$","R","?","R","BOSS","M","?","M","$","?","R","?","R","T","?","?","R","?","M","R","BOSS","M","?","$","M","?","R","?","R","T","E","?","?","E","M","R","BOSS"],"build_version":"2018-07-26","purchased_purges":2,"victory":true,"max_hp_per_floor":[77,77,77,77,77,77,77,77,77,77,77,77,77,77,77,77,77,77,77,77,77,77,77,77,77,77,77,77,77,77,77,77,77,77,77,77,77,77,77,77,77,77,77,77,77,77,77,77,77,77],"card_choices":[{"not_picked":["Bane","Tactician","Outmaneuver"],"picked":"SKIP","floor":1},{"not_picked":["Distraction","Skewer","Quick Slash"],"picked":"SKIP","floor":3},{"not_picked":["Heel Hook","Dagger Spray"],"picked":"Dash","floor":4},{"not_picked":["Underhanded Strike","Prepared"],"picked":"Blur","floor":8},{"not_picked":["Reflex","Bouncing Flask"],"picked":"Blur","floor":10},{"not_picked":["Wraith Form v2","Die Die Die"],"picked":"After Image","floor":16},{"not_picked":[],"picked":"Escape Plan+1","floor":18},{"not_picked":["Slice"],"picked":"SKIP","floor":20},{"not_picked":[],"picked":"Prepared+1","floor":24},{"not_picked":["Terror+1"],"picked":"SKIP","floor":31},{"not_picked":[],"picked":"Blur+1","floor":35},{"not_picked":[],"picked":"Caltrops","floor":38},{"not_picked":["Infinite Blades"],"picked":"SKIP","floor":44},{"not_picked":["Dodge and Roll+1"],"picked":"SKIP","floor":47},{"not_picked":["Deflect+1"],"picked":"SKIP","floor":48}],"player_experience":414124,"relics_obtained":[{"floor":9,"key":"Nunchaku"},{"floor":19,"key":"Toxic Egg 2"},{"floor":26,"key":"Dodecahedron"},{"floor":28,"key":"Juzu Bracelet"},{"floor":43,"key":"Gremlin Horn"},{"floor":44,"key":"Bird Faced Urn"},{"floor":45,"key":"Peace Pipe"},{"floor":47,"key":"Whetstone"}],"event_choices":[{"event_name":"Golden Wing","player_choice":"Card Removal","floor":5,"damage_taken":0},{"event_name":"Liars Game","player_choice":"disagreed","floor":7,"damage_taken":0},{"event_name":"Bonfire Elementals","player_choice":"BASIC","floor":14,"damage_taken":0},{"event_name":"Back to Basics","player_choice":"Elegance","floor":22,"damage_taken":0},{"event_name":"Cursed Tome","player_choice":"Ignored","floor":27,"damage_taken":0},{"event_name":"Winding Halls","player_choice":"Embrace Madness","floor":36,"damage_taken":0},{"event_name":"SensoryStone","player_choice":"Memory 1","floor":39,"damage_taken":0},{"event_name":"Tomb of Lord Red Mask","player_choice":"Paid","floor":41,"damage_taken":0},{"event_name":"MindBloom","player_choice":"Fight","floor":45,"damage_taken":0},{"event_name":"Wheel of Change","player_choice":"Card Removal","floor":46,"damage_taken":0}],"is_beta":false,"boss_relics":[{"not_picked":["Fusion Hammer","Snecko Eye"],"picked":"Busted Crown"},{"not_picked":["Eternal Feather","Black Star"],"picked":"Empty Cage"}],"items_purged_floors":[2,37],"is_endless":false,"potions_floor_spawned":[3,8,10,20,24,35,44,48],"ascension_level":12}