{"gold_per_floor":[113,113,11,25,38,38,14,26,95,114,193,193,193,193,193,270,270,287,4,0],"floor_reached":20,"playtime":638,"items_purged":[],"score":275,"play_id":"923b1384-5e6a-4206-9b3a-1b50b3cc37f7","local_time":"20190419165520","is_ascension_mode":true,"campfire_choices":[{"data":"White Noise","floor":6,"key":"SMITH"},{"floor":12,"key":"REST"},{"data":"Defragment","floor":15,"key":"SMITH"}],"neow_cost":"TEN_PERCENT_HP_LOSS","seed_source_timestamp":242445270530900,"circlet_count":0,"master_deck":["AscendersBane","Strike_B","Strike_B","Strike_B","Defend_B","Defend_B","Defend_B","Zap+1","Dualcast","Tempest+1","Sunder","Loop","Defragment+1","White Noise+1","Hologram","BootSequence","Steam","Regret","Meteor Strike","Loop+1","Bandage Up"],"relics":["Cracked Core","Pear","Orichalcum","Inserter","Medical Kit"],"potions_floor_usage":[10,16,20],"damage_taken":[{"damage":4,"enemies":"Jaw Worm","floor":1,"turns":3},{"damage":0,"enemies":"Small Slimes","floor":4,"turns":2},{"damage":9,"enemies":"2 Louse","floor":5,"turns":2},{"damage":0,"enemies":"Large Slime","floor":8,"turns":3},{"damage":15,"enemies":"Gremlin Gang","floor":10,"turns":2},{"damage":26,"enemies":"Slime Boss","floor":16,"turns":9},{"damage":35,"enemies":"Chosen","floor":18,"turns":5},{"damage":32,"enemies":"2 Thieves","floor":20,"turns":3}],"seed_played":"-3005859365186322458","potions_obtained":[{"floor":4,"key":"FocusPotion"},{"floor":10,"key":"Regen Potion"},{"floor":14,"key":"AttackPotion"},{"floor":18,"key":"SkillPotion"}],"is_trial":false,"path_per_floor":["M","?","$","M","M","R","$","M","T","M","?","R","?","?","R","B",null,"M","$","M"],"character_chosen":"DEFECT","items_purchased":["Sunder","Loop","Hologram","Bandage Up","Medical Kit"],"campfire_rested":1,"item_purchase_floors":[3,3,7,19,19],"current_hp_per_floor":[60,47,47,47,38,38,38,38,48,33,33,55,55,55,55,29,63,28,28,0],"gold":0,"neow_bonus":"REMOVE_TWO","is_prod":false,"is_daily":false,"chose_seed":false,"campfire_upgraded":2,"win_rate":0,"timestamp":1555707320,"path_taken":["M","?","$","M","M","R","$","M","T","M","?","R","?","?","R","BOSS","M","$","?"],"build_version":"2019-01-23","purchased_purges":0,"victory":false,"max_hp_per_floor":[64,64,64,64,64,64,64,64,74,74,74,74,74,74,74,74,74,74,74,74],"card_choices":[{"not_picked":["Streamline","Barrage"],"picked":"Tempest","floor":1},{"not_picked":["Turbo","Cold Snap"],"picked":"Defragment","floor":4},{"not_picked":["Gash","Steam"],"picked":"White Noise","floor":5},{"not_picked":["Ball Lightning","Redo"],"picked":"BootSequence","floor":8},{"not_picked":["Coolheaded","Recycle"],"picked":"Steam","floor":10},{"not_picked":["Hyperbeam","All For One"],"picked":"Meteor Strike","floor":16},{"not_picked":["Compile Driver","Melter"],"picked":"Loop+1","floor":18}],"player_experience":2777700,"relics_obtained":[{"floor":9,"key":"Pear"}],"event_choices":[{"damage_healed":0,"gold_gain":0,"player_choice":"Entered Light","damage_taken":13,"max_hp_gain":0,"max_hp_loss":0,"event_name":"Shining Light","floor":2,"gold_loss":0,"cards_upgraded":["Zap","Tempest"]},{"damage_healed":0,"gold_gain":79,"player_choice":"Gained Gold","damage_taken":0,"max_hp_gain":0,"max_hp_loss":0,"event_name":"Golden Wing","floor":11,"gold_loss":0},{"damage_healed":0,"gold_gain":0,"player_choice":"Box","damage_taken":0,"relics_obtained":["Orichalcum"],"max_hp_gain":0,"max_hp_loss":0,"event_name":"Big Fish","floor":13,"gold_loss":0,"cards_obtained":["Regret"]},{"damage_healed":0,"gold_gain":0,"player_choice":"Got Potions","damage_taken":0,"max_hp_gain":0,"max_hp_loss":0,"event_name":"Lab","floor":14,"gold_loss":0}],"is_beta":false,"boss_relics":[{"not_picked":["Nuclear Battery","Empty Cage"],"picked":"Inserter"}],"items_purged_floors":[],"is_endless":false,"potions_floor_spawned":[4,10,18],"killed_by":"2 Thieves","ascension_level":14}