{"gold_per_floor":[113,63,77,2,2,19,19,34,34,34,67,86,101,113,113,214,214,139,139,139,39,39,39,39],"floor_reached":24,"playtime":966,"items_purged":["Defend_R","Strike_R"],"score":347,"play_id":"267e1f3a-2e4b-41f8-9845-6ee8842fc429","local_time":"20180802214345","is_ascension_mode":true,"campfire_choices":[{"data":"Feed","floor":7,"key":"SMITH"},{"floor":15,"key":"REST"},{"data":"Shrug It Off","floor":23,"key":"SMITH"}],"neow_cost":"NONE","seed_source_timestamp":4061364078397418,"circlet_count":0,"master_deck":["Strike_R","Strike_R+1","Strike_R","Defend_R","Defend_R","Defend_R+1","Bash","AscendersBane","Feed+1","Cleave","Shrug It Off+1","Limit Break"],"relics":["Burning Blood","Blue Candle","Dodecahedron","Ectoplasm"],"potions_floor_usage":[8,12,16,22,22,22],"damage_taken":[{"damage":18,"enemies":"Jaw Worm","floor":1,"turns":5},{"damage":0,"enemies":"Small Slimes","floor":3,"turns":2},{"damage":3,"enemies":"2 Louse","floor":6,"turns":3},{"damage":12,"enemies":"Exordium Wildlife","floor":8,"turns":4},{"damage":32,"enemies":"Lagavulin","floor":11,"turns":6},{"damage":22,"enemies":"Exordium Thugs","floor":12,"turns":5},{"damage":5,"enemies":"Red Slaver","floor":13,"turns":4},{"damage":1,"enemies":"2 Fungi Beasts","floor":14,"turns":4},{"damage":59,"enemies":"Hexaghost","floor":16,"turns":10},{"damage":28,"enemies":"2 Thieves","floor":18,"turns":5},{"damage":0,"enemies":"3 Byrds","floor":22,"turns":2},{"damage":30,"enemies":"Slavers","floor":24,"turns":3}],"seed_played":"-911164956860594350","potions_obtained":[{"floor":6,"key":"Block Potion"},{"floor":11,"key":"Poison Potion"},{"floor":14,"key":"PowerPotion"},{"floor":16,"key":"EntropicBrew"}],"is_trial":false,"path_per_floor":["M","?","M","$","?","M","R","M","T","?","E","M","M","M","R","B",null,"M","?","?","$","M","R"],"character_chosen":"IRONCLAD","items_purchased":[],"campfire_rested":1,"item_purchase_floors":[],"current_hp_per_floor":[63,63,72,72,72,78,78,76,76,57,31,19,24,33,64,15,86,68,68,45,45,51,51,21],"gold":39,"neow_bonus":"ONE_RANDOM_RARE_CARD","is_prod":false,"is_daily":false,"chose_seed":false,"campfire_upgraded":2,"win_rate":0,"timestamp":1533239025,"path_taken":["M","?","M","$","?","M","R","M","T","?","E","M","M","M","R","BOSS","M","?","?","$","M","R","E"],"build_version":"2018-07-26","purchased_purges":2,"victory":false,"max_hp_per_floor":[83,83,86,86,86,89,89,93,93,93,93,97,101,105,105,109,109,113,113,118,118,118,118,118],"card_choices":[{"not_picked":["Havoc","Clash","Clothesline"],"picked":"SKIP","floor":1},{"not_picked":["Dropkick","Bloodletting","Body Slam"],"picked":"SKIP","floor":3},{"not_picked":["Twin Strike","Whirlwind"],"picked":"Cleave","floor":6},{"not_picked":["Flex","Iron Wave","Cleave"],"picked":"SKIP","floor":8},{"not_picked":["Perfected Strike","Dark Embrace"],"picked":"Shrug It Off","floor":11},{"not_picked":["Wild Strike","Armaments","Flex"],"picked":"SKIP","floor":12},{"not_picked":["Warcry","Thunderclap","Uppercut"],"picked":"SKIP","floor":13},{"not_picked":["Brutality","Searing Blow","Body Slam"],"picked":"SKIP","floor":14},{"not_picked":["Offering","Reaper"],"picked":"Limit Break","floor":16},{"not_picked":["Anger","Combust","Headbutt"],"picked":"SKIP","floor":18}],"player_experience":432929,"relics_obtained":[{"floor":9,"key":"Blue Candle"},{"floor":11,"key":"Dodecahedron"}],"event_choices":[{"event_name":"The Cleric","player_choice":"Card Removal","floor":2,"damage_taken":0},{"event_name":"Liars Game","player_choice":"disagreed","floor":5,"damage_taken":0},{"event_name":"Shining Light","player_choice":"Entered Light","floor":10,"damage_taken":0},{"event_name":"The Woman in Blue","player_choice":"Bought 0 Potions","floor":19,"damage_taken":0},{"event_name":"Forgotten Altar","player_choice":"Shed Blood","floor":20,"damage_taken":0}],"is_beta":false,"boss_relics":[{"not_picked":["Black Blood","Snecko Eye"],"picked":"Ectoplasm"}],"items_purged_floors":[4,21],"is_endless":false,"potions_floor_spawned":[6,11,14,16],"killed_by":"Slavers","ascension_level":10}