{"gold_per_floor":[115,115,132,132,148,148,176,176,247,247,258,289,214,225,225,322,322,335,260,160,179,191,216,216,232,259,275,309,319,319,334,334,433,433,447,462,462,462,477,510,510,42,42,42,69,79,89,100,100,100],"floor_reached":51,"playtime":5684,"items_purged":["Bash","Strike_R","Strike_R"],"score":836,"play_id":"7497d26b-397c-4bf4-b19c-875ba6a565a7","local_time":"20180702144435","is_ascension_mode":false,"campfire_choices":[{"data":"Armaments","floor":6,"key":"SMITH"},{"data":"Barricade","floor":8,"key":"SMITH"},{"floor":10,"key":"REST"},{"floor":15,"key":"REST"},{"data":"Juggernaut","floor":24,"key":"SMITH"},{"floor":30,"key":"REST"},{"data":"True Grit","floor":32,"key":"SMITH"},{"data":"Power Through","floor":41,"key":"SMITH"},{"data":"Bludgeon","floor":44,"key":"SMITH"},{"floor":49,"key":"REST"}],"neow_cost":"","seed_source_timestamp":285574227791906,"circlet_count":0,"master_deck":["Strike_R+1","Defend_R","Defend_R+1","Defend_R","Bloodletting","Cleave","Armaments+1","Power Through+1","Shrug It Off","Juggernaut+1","Limit Break+1","True Grit+1","Barricade+1","Shrug It Off","True Grit+1","Body Slam+1","Metallicize+1","Shrug It Off","Bludgeon+1","Metallicize+1","Flash of Steel"],"relics":["Black Blood","Happy Flower","Calipers","Centennial Puzzle","Anchor","Astrolabe","Strawberry","Singing Bowl","Pantograph","Ice Cream","Oddly Smooth Stone","Letter Opener","Bottled Lightning","Ornamental Fan"],"potions_floor_usage":[16,16,22,22,22,22,23,28,29,33,40,40,40,40,48,50,50],"damage_taken":[{"damage":0,"enemies":"2 Louse","floor":1,"turns":2},{"damage":6,"enemies":"Jaw Worm","floor":3,"turns":3},{"damage":0,"enemies":"Small Slimes","floor":5,"turns":4},{"damage":15,"enemies":"3 Sentries","floor":7,"turns":7},{"damage":18,"enemies":"Exordium Thugs","floor":11,"turns":6},{"damage":30,"enemies":"Gremlin Nob","floor":12,"turns":4},{"damage":0,"enemies":"Large Slime","floor":14,"turns":7},{"damage":41,"enemies":"Slime Boss","floor":16,"turns":22},{"damage":0,"enemies":"Chosen","floor":18,"turns":9},{"damage":25,"enemies":"3 Byrds","floor":21,"turns":9},{"damage":12,"enemies":"Centurion and Healer","floor":22,"turns":39},{"damage":17,"enemies":"Slavers","floor":23,"turns":8},{"damage":0,"enemies":"Snecko","floor":25,"turns":9},{"damage":16,"enemies":"Cultist and Chosen","floor":27,"turns":9},{"damage":0,"enemies":"Book of Stabbing","floor":28,"turns":9},{"damage":28,"enemies":"3 Cultists","floor":29,"turns":7},{"damage":6,"enemies":"Snake Plant","floor":31,"turns":5},{"damage":72,"enemies":"Collector","floor":33,"turns":13},{"damage":13,"enemies":"Orb Walker","floor":35,"turns":5},{"damage":5,"enemies":"3 Shapes","floor":36,"turns":6},{"damage":16,"enemies":"Sphere and 2 Shapes","floor":39,"turns":8},{"damage":6,"enemies":"Nemesis","floor":40,"turns":9},{"damage":30,"enemies":"Giant Head","floor":45,"turns":12},{"damage":12,"enemies":"3 Darklings","floor":46,"turns":10},{"damage":51,"enemies":"4 Shapes","floor":47,"turns":5},{"damage":3,"enemies":"Sphere and 2 Shapes","floor":48,"turns":8},{"damage":6,"enemies":"Time Eater","floor":50,"turns":15}],"seed_played":"-2108625117754661043","potions_obtained":[{"floor":1,"key":"Explosive Potion"},{"floor":7,"key":"Regen Potion"},{"floor":12,"key":"Swift Potion"},{"floor":16,"key":"EntropicBrew"},{"floor":22,"key":"SkillPotion"},{"floor":23,"key":"GamblersBrew"},{"floor":27,"key":"Dexterity Potion"},{"floor":29,"key":"Poison Potion"},{"floor":36,"key":"EssenceOfSteel"},{"floor":37,"key":"Poison Potion"},{"floor":37,"key":"FairyPotion"},{"floor":37,"key":"EntropicBrew"},{"floor":45,"key":"Poison Potion"},{"floor":47,"key":"EssenceOfSteel"},{"floor":48,"key":"AttackPotion"}],"is_trial":false,"path_per_floor":["M","?","M","?","M","R","E","R","T","R","M","E","$","M","R","B",null,"M","?","$","M","M","E","R","M","T","M","E","M","R","M","R","B",null,"M","M","?","T","M","E","R","$","T","R","E","M","M","M","R","B"],"character_chosen":"IRONCLAD","items_purchased":["Letter Opener","Flash of Steel"],"campfire_rested":4,"item_purchase_floors":[42,42],"current_hp_per_floor":[80,64,64,39,45,45,36,36,36,60,48,24,24,30,54,19,80,80,80,80,61,70,66,66,72,72,64,72,52,79,81,81,29,95,94,99,99,99,95,99,99,99,99,99,81,81,42,51,83,109],"gold":100,"neow_bonus":"","is_prod":false,"is_daily":false,"chose_seed":false,"campfire_upgraded":6,"win_rate":0.0,"timestamp":1530557075,"path_taken":["M","?","M","?","M","R","E","R","T","R","?","E","$","M","R","BOSS","M","?","$","M","M","E","R","M","T","M","E","M","R","M","R","BOSS","M","M","?","?","M","E","R","$","T","R","E","M","?","?","R","BOSS"],"build_version":"2018-06-28","purchased_purges":3,"victory":true,"max_hp_per_floor":[80,80,80,80,80,80,80,80,80,80,80,80,80,80,80,80,80,80,80,80,80,80,87,87,87,87,89,91,93,93,95,95,95,95,97,99,99,99,101,101,101,101,101,101,103,105,107,109,109,109],"card_choices":[{"not_picked":["Clothesline","Twin Strike"],"picked":"Bloodletting","floor":1},{"not_picked":["Heavy Blade","Hemokinesis"],"picked":"Cleave","floor":3},{"not_picked":["Dropkick","Warcry"],"picked":"Armaments","floor":5},{"not_picked":["Dropkick","Headbutt"],"picked":"Barricade","floor":7},{"not_picked":["Bloodletting","Blood for Blood"],"picked":"Power Through","floor":11},{"not_picked":["Sentinel","Second Wind"],"picked":"Shrug It Off","floor":12},{"not_picked":["Sword Boomerang","Clash","Flex"],"picked":"SKIP","floor":14},{"not_picked":["Barricade","Reaper"],"picked":"Juggernaut","floor":16},{"not_picked":["Havoc","Rage"],"picked":"Shrug It Off","floor":18},{"not_picked":["Twin Strike","Cleave"],"picked":"True Grit","floor":21},{"not_picked":["Searing Blow","Warcry"],"picked":"Body Slam+1","floor":22},{"not_picked":["Fiend Fire","Wild Strike"],"picked":"Metallicize+1","floor":23},{"not_picked":["Battle Trance","Cleave+1"],"picked":"Shrug It Off","floor":25},{"not_picked":["Fire Breathing","Body Slam","Hemokinesis"],"picked":"Singing Bowl","floor":27},{"not_picked":["Headbutt","Warcry","Reckless Charge"],"picked":"Singing Bowl","floor":28},{"not_picked":["Havoc","Clash","Armaments+1"],"picked":"Singing Bowl","floor":29},{"not_picked":["Clothesline","Second Wind","Iron Wave"],"picked":"Singing Bowl","floor":31},{"not_picked":["Berserk","Barricade"],"picked":"Bludgeon","floor":33},{"not_picked":["Iron Wave","Blood for Blood+1","Thunderclap+1"],"picked":"Singing Bowl","floor":35},{"not_picked":["Pummel+1","Twin Strike","Pommel Strike+1"],"picked":"Singing Bowl","floor":36},{"not_picked":["Warcry","Dropkick+1","Intimidate+1"],"picked":"Singing Bowl","floor":39},{"not_picked":["Flex","Burning Pact"],"picked":"Metallicize+1","floor":40},{"not_picked":["Sword Boomerang+1","Iron Wave+1","Shrug It Off+1"],"picked":"Singing Bowl","floor":45},{"not_picked":["Clash","Heavy Blade+1","Flex"],"picked":"Singing Bowl","floor":46},{"not_picked":["Headbutt","Hemokinesis+1","Clothesline+1"],"picked":"Singing Bowl","floor":47},{"not_picked":["Searing Blow+1","Havoc","Disarm"],"picked":"Singing Bowl","floor":48}],"player_experience":105862,"relics_obtained":[{"floor":7,"key":"Calipers"},{"floor":9,"key":"Centennial Puzzle"},{"floor":12,"key":"Anchor"},{"floor":23,"key":"Strawberry"},{"floor":26,"key":"Singing Bowl"},{"floor":28,"key":"Pantograph"},{"floor":38,"key":"Ice Cream"},{"floor":40,"key":"Oddly Smooth Stone"},{"floor":43,"key":"Bottled Lightning"},{"floor":45,"key":"Ornamental Fan"}],"event_choices":[{"event_name":"Shining Light","player_choice":"Entered Light","floor":2,"damage_taken":0},{"event_name":"Scrap Ooze","player_choice":"success","floor":4,"damage_taken":25},{"event_name":"Beggar","player_choice":"Gave Gold","floor":19,"damage_taken":0},{"event_name":"The Lab","player_choice":"Got Potions","floor":37,"damage_taken":0}],"boss_relics":[{"not_picked":["Ectoplasm","Coffee Dripper"],"picked":"Astrolabe"},{"not_picked":["Calling Bell","Empty Cage"],"picked":"Black Blood"}],"items_purged_floors":[13,20,42],"is_endless":false,"potions_floor_spawned":[1,7,12,16,22,23,27,29,36,45,47,48],"ascension_level":0}