{"gold_per_floor":[363,363,288,302,316,345,345,345],"floor_reached":8,"playtime":478,"items_purged":["Normality"],"score":95,"play_id":"30e06c90-efaf-4063-bd5d-1e662d853342","local_time":"20190118183656","is_ascension_mode":true,"campfire_choices":[],"neow_cost":"CURSE","seed_source_timestamp":175641877141333,"circlet_count":0,"master_deck":["AscendersBane","Strike_R","Strike_R","Strike_R","Strike_R","Strike_R","Defend_R","Defend_R","Defend_R","Defend_R","Bash","Headbutt","Regret","Ghostly Armor","Warcry","Bludgeon"],"relics":["Burning Blood","Strawberry","Singing Bowl"],"potions_floor_usage":[6,8],"damage_taken":[{"damage":13,"enemies":"Small Slimes","floor":1,"turns":4},{"damage":9,"enemies":"Jaw Worm","floor":4,"turns":3},{"damage":9,"enemies":"Cultist","floor":5,"turns":5},{"damage":57,"enemies":"3 Sentries","floor":6,"turns":15},{"damage":36,"enemies":"Gremlin Nob","floor":8,"turns":4}],"seed_played":"865767681638512414","potions_obtained":[{"floor":1,"key":"Regen Potion"},{"floor":4,"key":"Energy Potion"}],"is_trial":false,"path_per_floor":["M","?","$","M","M","E","?","E"],"character_chosen":"IRONCLAD","items_purchased":[],"campfire_rested":0,"item_purchase_floors":[],"current_hp_per_floor":[61,68,68,65,62,26,26,0],"gold":345,"neow_bonus":"TWO_FIFTY_GOLD","is_prod":false,"is_daily":false,"chose_seed":false,"campfire_upgraded":0,"win_rate":0,"timestamp":1547854616,"path_taken":["M","?","$","M","M","E","?","E"],"build_version":"2019-01-17v2","purchased_purges":1,"victory":false,"max_hp_per_floor":[75,82,82,82,82,82,82,82],"card_choices":[{"not_picked":["Havoc","Ghostly Armor"],"picked":"Headbutt","floor":1},{"not_picked":["True Grit","Bloodletting"],"picked":"Ghostly Armor","floor":4},{"not_picked":["Dual Wield","Rupture"],"picked":"Warcry","floor":5},{"not_picked":["Clash","Ghostly Armor"],"picked":"Bludgeon","floor":6}],"player_experience":1790659,"relics_obtained":[{"floor":6,"key":"Singing Bowl"}],"event_choices":[{"damage_healed":0,"gold_gain":0,"player_choice":"Box","damage_taken":0,"relics_obtained":["Strawberry"],"max_hp_gain":0,"max_hp_loss":0,"event_name":"Big Fish","floor":2,"gold_loss":0,"cards_obtained":["Regret"]},{"damage_healed":0,"gold_gain":0,"player_choice":"Searched \u00271\u0027 times","damage_taken":0,"max_hp_gain":0,"max_hp_loss":0,"event_name":"Dead Adventurer","floor":7,"gold_loss":0}],"is_beta":false,"boss_relics":[],"items_purged_floors":[3],"is_endless":false,"potions_floor_spawned":[1,4],"killed_by":"Gremlin Nob","ascension_level":14}