{"gold_per_floor":[219,394,394,407,427,427,427,427,427,18,28,54,72,72,72,172,172,186,186,186,93,110,110,126,126,126,126,56,66,79,32,32,32],"floor_reached":33,"playtime":2693,"items_purged":["Doubt"],"score":282,"play_id":"7d1af6bc-086b-43c5-b37a-56284ff81366","local_time":"20190103174929","is_ascension_mode":true,"campfire_choices":[{"floor":6,"key":"RECALL"},{"data":"Zap","floor":8,"key":"SMITH"},{"data":"Chaos","floor":15,"key":"SMITH"},{"floor":23,"key":"REST"},{"floor":25,"key":"REST"},{"data":"Mayhem","floor":27,"key":"SMITH"},{"data":"Steam","floor":32,"key":"SMITH"}],"neow_cost":"NONE","seed_source_timestamp":15760376847994,"circlet_count":0,"master_deck":["Strike_B","Strike_B","Strike_B","Strike_B","Defend_B","Defend_B","Defend_B","Defend_B","Zap+1","Dualcast+1","Self Repair","Coolheaded","Sunder+1","Loop","Chaos+1","Mayhem+1","Go for the Eyes+1","FTL+1","Rebound+1","Electrodynamics","All For One+1","Gash+1","Steam+1","Defragment","Gash+1","Self Repair","Defragment","Cold Snap+1","Steam"],"relics":["Cracked Core","Molten Egg 2","Blood Vial","Pantograph","Eternal Feather","Vajra"],"potions_floor_usage":[16,16,30,30,33],"damage_taken":[{"damage":2,"enemies":"2 Louse","floor":1,"turns":2},{"damage":3,"enemies":"Jaw Worm","floor":4,"turns":5},{"damage":0,"enemies":"Cultist","floor":5,"turns":4},{"damage":10,"enemies":"Blue Slaver","floor":11,"turns":2},{"damage":42,"enemies":"3 Sentries","floor":12,"turns":8},{"damage":1,"enemies":"Looter","floor":13,"turns":2},{"damage":16,"enemies":"The Guardian","floor":16,"turns":9},{"damage":30,"enemies":"2 Thieves","floor":18,"turns":3},{"damage":36,"enemies":"Colosseum Slavers","floor":19,"turns":4},{"damage":36,"enemies":"Shell Parasite","floor":22,"turns":4},{"damage":34,"enemies":"Snake Plant","floor":24,"turns":4},{"damage":6,"enemies":"Cultist and Chosen","floor":29,"turns":3},{"damage":3,"enemies":"Sentry and Sphere","floor":30,"turns":3},{"damage":79,"enemies":"Automaton","floor":33,"turns":10}],"seed_played":"7318463476697813408","potions_obtained":[{"floor":4,"key":"LiquidBronze"},{"floor":11,"key":"Poison Potion"},{"floor":13,"key":"FairyPotion"},{"floor":22,"key":"FearPotion"},{"floor":24,"key":"Swift Potion"},{"floor":29,"key":"Energy Potion"},{"floor":30,"key":"SpeedPotion"}],"is_trial":false,"path_per_floor":["M","?","T","M","M","R","?","R","T","$","M","E","M","?","R","B",null,"M","?","?","$","M","R","M","R","T","R","$","M","M","$","R","B"],"character_chosen":"DEFECT","items_purchased":["Loop","Chaos","Mayhem","Go for the Eyes+1","Steam","Defragment","Self Repair","Steam"],"campfire_rested":2,"item_purchase_floors":[10,10,10,10,21,21,28,31],"current_hp_per_floor":[73,73,73,75,75,75,75,75,75,75,65,32,33,33,33,51,75,52,25,25,25,14,48,23,60,60,75,75,69,75,75,75,0],"gold":32,"neow_bonus":"HUNDRED_GOLD","is_prod":false,"is_daily":false,"chose_seed":false,"campfire_upgraded":4,"win_rate":0,"timestamp":1546555769,"path_taken":["M","?","?","M","?","R","?","R","T","$","M","E","M","?","R","BOSS","M","?","?","$","M","R","M","R","T","R","$","M","?","?","R","BOSS"],"build_version":"2018-12-20","purchased_purges":1,"victory":false,"max_hp_per_floor":[75,75,75,75,75,75,75,75,75,75,75,75,75,75,75,75,75,75,75,75,75,75,75,75,75,75,75,75,75,75,75,75,75],"card_choices":[{"not_picked":["Hologram","Coolheaded"],"picked":"Self Repair","floor":1},{"not_picked":["Recycle","Auto Shields"],"picked":"Coolheaded","floor":4},{"not_picked":["Fusion","Redo"],"picked":"Sunder+1","floor":5},{"not_picked":["Leap","Sweeping Beam+1"],"picked":"FTL+1","floor":11},{"not_picked":["Leap","Steam Power"],"picked":"Rebound+1","floor":12},{"not_picked":["Skim","Cold Snap+1"],"picked":"Electrodynamics","floor":13},{"not_picked":["Multi-Cast","Amplify"],"picked":"All For One+1","floor":16},{"not_picked":["Coolheaded+1","Conserve Battery+1"],"picked":"Gash+1","floor":18},{"not_picked":["Stack","Cold Snap+1","Rebound+1"],"picked":"SKIP","floor":22},{"not_picked":["Steam Power","Cold Snap+1"],"picked":"Gash+1","floor":24},{"not_picked":["Cold Snap+1","Gash+1"],"picked":"Defragment","floor":29},{"not_picked":["Aggregate","Biased Cognition"],"picked":"Cold Snap+1","floor":30}],"player_experience":230432,"relics_obtained":[{"floor":3,"key":"Molten Egg 2"},{"floor":12,"key":"Pantograph"},{"floor":26,"key":"Vajra"}],"event_choices":[{"damage_healed":0,"gold_gain":175,"player_choice":"AGREE","damage_taken":0,"max_hp_gain":0,"max_hp_loss":0,"event_name":"Liars Game","floor":2,"gold_loss":0,"cards_obtained":["Doubt"]},{"damage_healed":0,"gold_gain":0,"player_choice":"Box","damage_taken":0,"relics_obtained":["Blood Vial"],"max_hp_gain":0,"max_hp_loss":0,"event_name":"Big Fish","floor":7,"gold_loss":0,"cards_obtained":["Regret"]},{"cards_removed":["Regret"],"damage_healed":0,"gold_gain":0,"player_choice":"Purged","damage_taken":0,"max_hp_gain":0,"max_hp_loss":0,"event_name":"Purifier","floor":14,"gold_loss":0},{"damage_healed":0,"gold_gain":0,"player_choice":"Fight","damage_taken":0,"max_hp_gain":0,"max_hp_loss":0,"event_name":"Colosseum","floor":19,"gold_loss":0},{"damage_healed":0,"gold_gain":0,"player_choice":"Fled From Nobs","damage_taken":0,"max_hp_gain":0,"max_hp_loss":0,"event_name":"Colosseum","floor":19,"gold_loss":0},{"damage_healed":0,"gold_gain":0,"player_choice":"Upgraded","damage_taken":0,"max_hp_gain":0,"max_hp_loss":0,"event_name":"Upgrade Shrine","floor":20,"gold_loss":0,"cards_upgraded":["Dualcast"]}],"is_beta":false,"boss_relics":[{"not_picked":["Velvet Choker","Tiny House"],"picked":"Eternal Feather"}],"items_purged_floors":[10],"is_endless":false,"potions_floor_spawned":[4,11,13,22,24,29,30],"killed_by":"Automaton","ascension_level":3}