{"gold_per_floor":[113,127,202,202,217,250,250,269,269,7,7,26,97,116,116,116],"floor_reached":16,"playtime":1147,"items_purged":[],"score":153,"play_id":"a4dca6a6-ffdd-4308-8916-df393e1803d8","local_time":"20181220202253","is_ascension_mode":true,"campfire_choices":[{"data":"Neutralize","floor":7.0,"key":"SMITH"},{"floor":15.0,"key":"REST"}],"neow_cost":"NONE","seed_source_timestamp":0,"circlet_count":0,"master_deck":["AscendersBane","Defend_G","Defend_G","Defend_G","Defend_G+1","Defend_G","Strike_G","Strike_G","Strike_G","Strike_G","Strike_G","Survivor+1","Neutralize+1","Footwork","Riddle With Holes","PiercingWail","Dodge and Roll","Skewer","Adrenaline","Deflect","Dash","Footwork"],"special_seed":0,"relics":["Ring of the Snake","NeowsBlessing","War Paint","Singing Bowl","Pear","The Courier"],"potions_floor_usage":[],"damage_taken":[{"damage":0.0,"enemies":"Jaw Worm","floor":1.0,"turns":1.0},{"damage":0.0,"enemies":"Cultist","floor":2.0,"turns":1.0},{"damage":0.0,"enemies":"2 Louse","floor":5.0,"turns":1.0},{"damage":18.0,"enemies":"Gremlin Nob","floor":6.0,"turns":5.0},{"damage":0.0,"enemies":"2 Fungi Beasts","floor":8.0,"turns":3.0},{"damage":0.0,"enemies":"Exordium Wildlife","floor":12.0,"turns":2.0},{"damage":3.0,"enemies":"Exordium Thugs","floor":14.0,"turns":6.0},{"damage":54,"enemies":"Hexaghost","floor":16,"turns":17}],"seed_played":"158552421804428639","potions_obtained":[{"floor":1.0,"key":"Explosive Potion"},{"floor":2.0,"key":"Explosive Potion"},{"floor":5.0,"key":"Explosive Potion"}],"is_trial":false,"path_per_floor":["M","M","?","?","M","E","R","M","T","$","?","M","?","M","R","B"],"character_chosen":"THE_SILENT","items_purchased":["Adrenaline","Deflect","Dash"],"campfire_rested":1,"item_purchase_floors":[10,10,10],"current_hp_per_floor":[63,63,52,52,52,34,34,34,44,44,26,28,28,25,49,0],"gold":116,"neow_bonus":"THREE_ENEMY_KILL","is_prod":false,"is_daily":false,"chose_seed":false,"campfire_upgraded":1,"win_rate":0,"timestamp":1545366173,"path_taken":["M","M","?","?","?","E","R","M","T","$","?","M","?","M","R","BOSS"],"build_version":"2018-12-20","purchased_purges":0,"victory":false,"max_hp_per_floor":[70,70,70,70,70,70,70,70,80,80,80,82,82,82,82,82],"card_choices":[{"not_picked":["Expertise","Infinite Blades"],"picked":"Footwork","floor":1.0},{"not_picked":["Dagger Throw","Outmaneuver"],"picked":"Riddle With Holes","floor":2.0},{"not_picked":["Flying Knee","Catalyst"],"picked":"PiercingWail","floor":5.0},{"not_picked":["Choke","Distraction"],"picked":"Dodge and Roll","floor":6.0},{"not_picked":["Concentrate","Underhanded Strike"],"picked":"Skewer","floor":8.0},{"not_picked":["Dagger Spray","Cloak And Dagger","Unload"],"picked":"Singing Bowl","floor":12.0},{"not_picked":["Prepared","Catalyst"],"picked":"Footwork","floor":14.0}],"player_experience":576961,"relics_obtained":[{"floor":6.0,"key":"Singing Bowl"},{"floor":9.0,"key":"Pear"}],"event_choices":[{"damage_healed":0.0,"max_hp_gain":0.0,"max_hp_loss":0.0,"gold_gain":75.0,"event_name":"World of Goop","player_choice":"Gather Gold","floor":3.0,"gold_loss":0.0,"damage_taken":11.0},{"damage_healed":0.0,"max_hp_gain":0.0,"max_hp_loss":0.0,"gold_gain":0.0,"event_name":"WeMeetAgain","player_choice":"Gave Potion","floor":4.0,"gold_loss":0.0,"damage_taken":0.0,"relics_obtained":["War Paint"]},{"damage_healed":0.0,"max_hp_gain":0.0,"max_hp_loss":0.0,"gold_gain":0.0,"event_name":"Scrap Ooze","player_choice":"Success","floor":11.0,"gold_loss":0.0,"damage_taken":18.0,"relics_obtained":["The Courier"]},{"damage_healed":0.0,"max_hp_gain":0.0,"max_hp_loss":0.0,"gold_gain":71.0,"event_name":"Golden Wing","player_choice":"Gained Gold","floor":13.0,"gold_loss":0.0,"damage_taken":0.0}],"is_beta":false,"boss_relics":[],"items_purged_floors":[],"is_endless":false,"potions_floor_spawned":[1,2,5],"killed_by":"Hexaghost","ascension_level":10}