{"gold_per_floor":[16,16,16,16,28,28,41,72,118,118,129,146,126,143,143,247,247,258,258,198,214,233,233,248,173,197,227,227,227,243,263,263,362,362,378,392,392,407,35,35,55,55,80,95,95,107,107,28,28,28],"floor_reached":51,"playtime":2384,"items_purged":["Defend_B"],"score":950,"play_id":"fd01d75b-b445-4bf2-9c47-2a409063aa5e","local_time":"20190315234147","is_ascension_mode":true,"campfire_choices":[{"data":"Rainbow","floor":6.0,"key":"SMITH"},{"floor":10.0,"key":"REST"},{"floor":15.0,"key":"REST"},{"data":"Storm","floor":23.0,"key":"SMITH"},{"data":"Dualcast","floor":29.0,"key":"SMITH"},{"data":"Heatsinks","floor":32.0,"key":"SMITH"},{"floor":40,"key":"REST"},{"floor":42,"key":"REST"},{"data":"Thunder Strike","floor":45,"key":"SMITH"},{"data":"Self Repair","floor":47,"key":"SMITH"},{"data":"Defragment","floor":49,"key":"SMITH"}],"neow_cost":"NO_GOLD","seed_source_timestamp":0,"circlet_count":0,"master_deck":["Defend_B","Zap","Dualcast+1","Storm+1","Rainbow+1","Defragment+1","Leap","Conserve Battery","Heatsinks+1","Conserve Battery+1","Tempest+1","Steam+1","Electrodynamics","Redo+1","Decay","Self Repair+1","Auto Shields+1","Hologram+1","Redo+1","Hologram+1","Thunder Strike+1","Fusion+1","Double Energy+1","Leap+1","Glacier+1","Coolheaded+1","Defragment+1"],"special_seed":0,"relics":["Cracked Core","Pen Nib","Toxic Egg 2","Bag of Preparation","Nuclear Battery","Happy Flower","Oddly Smooth Stone","Inserter","Dodecahedron","Emotion Chip","Art of War"],"potions_floor_usage":[],"damage_taken":[{"damage":3.0,"enemies":"2 Louse","floor":1.0,"turns":2.0},{"damage":10.0,"enemies":"Jaw Worm","floor":5.0,"turns":3.0},{"damage":0.0,"enemies":"Small Slimes","floor":7.0,"turns":3.0},{"damage":28.0,"enemies":"3 Sentries","floor":8.0,"turns":12.0},{"damage":21.0,"enemies":"Gremlin Gang","floor":11.0,"turns":6.0},{"damage":15.0,"enemies":"Large Slime","floor":12.0,"turns":3.0},{"damage":1.0,"enemies":"2 Fungi Beasts","floor":14.0,"turns":4.0},{"damage":13.0,"enemies":"Hexaghost","floor":16.0,"turns":9.0},{"damage":0.0,"enemies":"Chosen","floor":18.0,"turns":3.0},{"damage":0.0,"enemies":"Shell Parasite","floor":21.0,"turns":3.0},{"damage":15.0,"enemies":"Shelled Parasite and Fungi","floor":22.0,"turns":4.0},{"damage":9.0,"enemies":"Snecko","floor":24.0,"turns":3.0},{"damage":16.0,"enemies":"Book of Stabbing","floor":27.0,"turns":6.0},{"damage":8.0,"enemies":"Snake Plant","floor":30.0,"turns":3.0},{"damage":0.0,"enemies":"Chosen and Byrds","floor":31.0,"turns":2.0},{"damage":6.0,"enemies":"Collector","floor":33.0,"turns":6.0},{"damage":22.0,"enemies":"3 Shapes","floor":35.0,"turns":3.0},{"damage":6.0,"enemies":"Orb Walker","floor":36.0,"turns":4.0},{"damage":41.0,"enemies":"Transient","floor":38.0,"turns":5.0},{"damage":1,"enemies":"Maw","floor":41,"turns":6},{"damage":0,"enemies":"Spire Growth","floor":44,"turns":4},{"damage":8,"enemies":"3 Darklings","floor":46,"turns":3},{"damage":13,"enemies":"Time Eater","floor":50,"turns":6}],"seed_played":"7050109098864908697","potions_obtained":[{"floor":7.0,"key":"EntropicBrew"},{"floor":11.0,"key":"PowerPotion"},{"floor":13.0,"key":"SkillPotion"},{"floor":14.0,"key":"Regen Potion"},{"floor":21.0,"key":"Swift Potion"},{"floor":27.0,"key":"PowerPotion"},{"floor":30.0,"key":"FearPotion"},{"floor":33.0,"key":"SteroidPotion"},{"floor":36.0,"key":"SteroidPotion"},{"floor":44,"key":"AttackPotion"}],"is_trial":false,"path_per_floor":["M","?","?","$","M","R","M","E","T","R","M","M","?","M","R","B",null,"M","?","?","M","M","R","M","?","T","E","?","R","M","M","R","B",null,"M","M","?","M","$","R","M","R","T","M","R","M","R","$","R","B",null],"character_chosen":"DEFECT","items_purchased":["Emotion Chip","Defragment"],"campfire_rested":4,"item_purchase_floors":[39,48],"current_hp_per_floor":[65,58,58,58,48,48,48,20,20,42,21,6,6,5,27,29,64,64,64,64,71,63,63,61,61,61,52,52,52,51,58,58,59,71,49,50,50,16,16,38,44,66,66,73,73,65,65,65,65,62],"gold":28,"neow_bonus":"TRANSFORM_TWO_CARDS","is_prod":false,"is_daily":false,"chose_seed":false,"campfire_upgraded":7,"win_rate":0,"timestamp":1552707707,"path_taken":["M","?","?","$","M","R","M","E","T","R","M","M","?","?","R","BOSS","M","?","?","?","M","R","M","?","T","E","?","R","M","M","R","BOSS","M","M","?","M","$","R","M","R","T","?","R","M","R","$","R","BOSS"],"build_version":"2019-01-23","purchased_purges":1,"victory":true,"max_hp_per_floor":[75,75,75,75,75,75,75,75,75,75,75,75,75,75,75,75,75,75,75,75,75,75,75,75,75,75,75,75,75,75,75,75,75,75,75,75,75,75,75,75,75,75,75,75,75,75,75,75,75,75],"card_choices":[{"not_picked":["Coolheaded","Cold Snap"],"picked":"Defragment","floor":1.0},{"not_picked":["Sweeping Beam","Hyperbeam"],"picked":"Leap","floor":5.0},{"not_picked":["Streamline","Ball Lightning"],"picked":"Conserve Battery","floor":7.0},{"not_picked":["Cold Snap","Barrage"],"picked":"Heatsinks","floor":8.0},{"not_picked":["Sweeping Beam","Core Surge"],"picked":"Conserve Battery+1","floor":11.0},{"not_picked":["Steam+1","Barrage"],"picked":"Tempest+1","floor":12.0},{"not_picked":["Recycle+1","Gash"],"picked":"Steam+1","floor":14.0},{"not_picked":["Creative AI","Amplify+1"],"picked":"Electrodynamics","floor":16.0},{"not_picked":["Hello World","Sweeping Beam"],"picked":"Redo+1","floor":18.0},{"not_picked":["Steam+1","Blizzard","Sunder"],"picked":"SKIP","floor":21.0},{"not_picked":["Beam Cell","Sweeping Beam"],"picked":"Hologram+1","floor":22.0},{"not_picked":["Streamline","Doom and Gloom","Turbo+1"],"picked":"SKIP","floor":24.0},{"not_picked":["Ball Lightning+1","Recycle+1","Gash"],"picked":"SKIP","floor":27.0},{"not_picked":["Sunder","Hyperbeam"],"picked":"Redo+1","floor":30.0},{"not_picked":["Beam Cell","Rebound"],"picked":"Hologram+1","floor":31.0},{"not_picked":["Multi-Cast+1","Hyperbeam"],"picked":"Thunder Strike","floor":33.0},{"not_picked":["Cold Snap+1","Coolheaded+1"],"picked":"Fusion+1","floor":35.0},{"not_picked":["Ball Lightning","Hologram+1"],"picked":"Double Energy+1","floor":36.0},{"not_picked":["Stack+1","Consume+1"],"picked":"Leap+1","floor":38.0},{"not_picked":["Cold Snap","Compile Driver+1","Ball Lightning"],"picked":"SKIP","floor":41},{"not_picked":["Force Field+1","Coolheaded+1"],"picked":"Glacier+1","floor":44},{"not_picked":["All For One","Melter+1"],"picked":"Coolheaded+1","floor":46}],"player_experience":2445583,"relics_obtained":[{"floor":8.0,"key":"Toxic Egg 2"},{"floor":9.0,"key":"Bag of Preparation"},{"floor":26.0,"key":"Happy Flower"},{"floor":27.0,"key":"Oddly Smooth Stone"},{"floor":43,"key":"Art of War"}],"event_choices":[{"damage_healed":0.0,"max_hp_gain":0.0,"max_hp_loss":0.0,"gold_gain":0.0,"event_name":"Scrap Ooze","player_choice":"Success","floor":2.0,"gold_loss":0.0,"damage_taken":7.0,"relics_obtained":["Pen Nib"]},{"damage_healed":0.0,"max_hp_gain":0.0,"max_hp_loss":0.0,"gold_gain":0.0,"event_name":"Living Wall","player_choice":"Grow","floor":3.0,"gold_loss":0.0,"damage_taken":0.0,"cards_upgraded":["Defragment"]},{"damage_healed":0.0,"max_hp_gain":0.0,"max_hp_loss":0.0,"gold_gain":0.0,"event_name":"The Woman in Blue","player_choice":"Bought 1 Potion","floor":13.0,"gold_loss":0.0,"damage_taken":0.0},{"damage_healed":0.0,"max_hp_gain":0.0,"max_hp_loss":0.0,"gold_gain":0.0,"event_name":"Forgotten Altar","player_choice":"Smashed Altar","floor":19.0,"gold_loss":0.0,"damage_taken":0.0,"cards_obtained":["Decay"]},{"damage_healed":0.0,"max_hp_gain":0.0,"max_hp_loss":0.0,"gold_gain":0.0,"cards_transformed":["Defend_B","Strike_B"],"event_name":"Designer","player_choice":"Transformed Cards","floor":20.0,"gold_loss":60.0,"damage_taken":0.0,"cards_obtained":["Self Repair","Auto Shields"]},{"cards_removed":["Strike_B"],"damage_healed":0.0,"max_hp_gain":0.0,"max_hp_loss":0.0,"gold_gain":0.0,"event_name":"Beggar","player_choice":"Gave Gold","floor":25.0,"gold_loss":75.0,"damage_taken":0.0},{"cards_removed":["Defend_B"],"damage_healed":0.0,"max_hp_gain":0.0,"max_hp_loss":0.0,"gold_gain":0.0,"event_name":"Back to Basics","player_choice":"Elegance","floor":28.0,"gold_loss":0.0,"damage_taken":0.0},{"damage_healed":0.0,"max_hp_gain":0.0,"max_hp_loss":0.0,"gold_gain":0.0,"event_name":"WeMeetAgain","player_choice":"Gave Potion","floor":37.0,"gold_loss":0.0,"damage_taken":0.0,"relics_obtained":["Dodecahedron"]}],"is_beta":false,"boss_relics":[{"not_picked":["Runic Dome","Lizard Tail"],"picked":"Nuclear Battery"},{"not_picked":["Snecko Eye","Calling Bell"],"picked":"Inserter"}],"items_purged_floors":[39],"is_endless":false,"potions_floor_spawned":[7,11,14,21,27,30,33,36,44],"ascension_level":9}