{"gold_per_floor":[13,13,30,30,49,75,75,75,157,175,187,197,214,231,231,334,334,347,365,365,170,186,186,215,226,251,265,265,1,28,28,28,126,126,146,163,163],"floor_reached":37,"playtime":2389,"items_purged":[],"score":550,"play_id":"3ea03040-6860-441b-bfe8-7ea17f6267c2","local_time":"20190220131515","is_ascension_mode":true,"campfire_choices":[{"data":"Venomology","floor":8,"key":"SMITH"},{"data":"Sucker Punch","floor":15,"key":"SMITH"},{"data":"Bandage Up","floor":23,"key":"SMITH"},{"data":"Catalyst","floor":32,"key":"SMITH"}],"neow_cost":"NO_GOLD","seed_source_timestamp":153105671760400,"circlet_count":0,"master_deck":["Defend_G","Defend_G","Defend_G+1","Defend_G","Strike_G","Strike_G","Survivor","Neutralize","Venomology+1","Dodge and Roll","After Image","Footwork+1","Heel Hook","Crippling Poison","Backflip","Dagger Spray","Sucker Punch+1","Backstab","Flechettes","Corpse Explosion","Blur","Bane+1","Footwork+1","Catalyst+1","Bandage Up+1","Crippling Poison","Catalyst+1","Unload","Backstab","Sadistic Nature+1","Footwork+1","After Image+1","Bullet Time+1","Acrobatics+1","Grand Finale+1","Noxious Fumes+1","Acrobatics+1"],"relics":["Ring of the Snake","Frozen Egg 2","Paper Crane","Shuriken","Eternal Feather","MutagenicStrength","The Specimen","Regal Pillow","War Paint","Astrolabe"],"potions_floor_usage":[1,6,6,10,11,12,16,18,19,19,22,24,24,33,33,35,37,37],"damage_taken":[{"damage":0,"enemies":"Small Slimes","floor":1,"turns":4},{"damage":4,"enemies":"Jaw Worm","floor":3,"turns":4},{"damage":3,"enemies":"Cultist","floor":5,"turns":5},{"damage":16,"enemies":"3 Sentries","floor":6,"turns":17},{"damage":0,"enemies":"Exordium Wildlife","floor":10,"turns":6},{"damage":14,"enemies":"Gremlin Gang","floor":11,"turns":4},{"damage":0,"enemies":"Large Slime","floor":12,"turns":7},{"damage":15,"enemies":"Exordium Wildlife","floor":13,"turns":4},{"damage":1,"enemies":"2 Fungi Beasts","floor":14,"turns":5},{"damage":11,"enemies":"The Guardian","floor":16,"turns":15},{"damage":0,"enemies":"3 Byrds","floor":18,"turns":2},{"damage":7,"enemies":"2 Thieves","floor":19,"turns":2},{"damage":8,"enemies":"Cultist and Chosen","floor":22,"turns":8},{"damage":24,"enemies":"Gremlin Leader","floor":24,"turns":7},{"damage":4,"enemies":"Snake Plant","floor":25,"turns":8},{"damage":3,"enemies":"Chosen and Byrds","floor":27,"turns":7},{"damage":52,"enemies":"Collector","floor":33,"turns":9},{"damage":22,"enemies":"3 Darklings","floor":35,"turns":4},{"damage":4,"enemies":"Orb Walker","floor":36,"turns":5},{"damage":67,"enemies":"Transient","floor":37,"turns":5}],"seed_played":"-6510959689636005330","potions_obtained":[{"floor":6,"key":"Fire Potion"},{"floor":12,"key":"Swift Potion"},{"floor":19,"key":"GhostInAJar"},{"floor":22,"key":"PowerPotion"},{"floor":33,"key":"Weak Potion"}],"is_trial":false,"path_per_floor":["M","?","M","T","M","E","?","R","T","M","M","M","M","M","R","B",null,"M","M","?","$","M","R","E","M","T","M","?","$","T","?","R","B",null,"M","M","M"],"character_chosen":"THE_SILENT","items_purchased":["Footwork+1","Catalyst","Bandage Up","Sadistic Nature+1","Footwork+1"],"campfire_rested":0,"item_purchase_floors":[21,21,21,29,29],"current_hp_per_floor":[70,70,66,66,63,62,62,62,62,62,48,48,33,32,32,21,58,58,51,51,51,47,62,44,46,46,49,49,49,49,49,67,18,57,41,43,0],"gold":163,"neow_bonus":"THREE_RARE_CARDS","is_prod":false,"is_daily":false,"chose_seed":false,"campfire_upgraded":4,"win_rate":0,"timestamp":1550686515,"path_taken":["M","?","M","?","?","E","?","R","T","M","M","M","M","M","R","BOSS","M","?","?","$","M","R","E","M","T","M","?","$","?","?","R","BOSS","M","M","M"],"build_version":"2019-01-23","purchased_purges":0,"victory":false,"max_hp_per_floor":[70,70,70,70,70,70,70,70,70,70,70,70,70,70,70,70,70,70,70,70,70,70,70,70,70,70,70,70,70,70,70,70,70,70,70,70,70],"card_choices":[{"not_picked":["Malaise","Doppelganger"],"picked":"Venomology","floor":0},{"not_picked":["Quick Slash","Flying Knee"],"picked":"Dodge and Roll","floor":1},{"not_picked":["Bane","Deadly Poison"],"picked":"After Image","floor":3},{"not_picked":["Prepared","Cloak And Dagger"],"picked":"Footwork+1","floor":5},{"not_picked":["Outmaneuver","Deflect"],"picked":"Heel Hook","floor":6},{"not_picked":["Dagger Throw","Underhanded Strike"],"picked":"Backflip","floor":10},{"not_picked":["Dagger Throw","Deadly Poison"],"picked":"Dagger Spray","floor":11},{"not_picked":["Accuracy+1","Distraction"],"picked":"Sucker Punch","floor":12},{"not_picked":["Quick Slash","Cloak And Dagger"],"picked":"Backstab","floor":13},{"not_picked":["Deadly Poison","Prepared"],"picked":"Flechettes","floor":14},{"not_picked":["Doppelganger","Bullet Time"],"picked":"Corpse Explosion","floor":16},{"not_picked":["Cloak And Dagger+1","Leg Sweep"],"picked":"Blur","floor":18},{"not_picked":["Eviscerate","Quick Slash+1"],"picked":"Bane+1","floor":19},{"not_picked":["Deflect","Bane"],"picked":"Crippling Poison","floor":22},{"not_picked":["Slice","Sucker Punch"],"picked":"Catalyst","floor":24},{"not_picked":["Tactician","Deflect"],"picked":"Unload","floor":25},{"not_picked":["Skewer","Outmaneuver","Dagger Throw"],"picked":"SKIP","floor":27},{"not_picked":["Corpse Explosion","Wraith Form v2+1"],"picked":"After Image+1","floor":33},{"not_picked":["Flying Knee","Deadly Poison+1"],"picked":"Noxious Fumes+1","floor":35},{"not_picked":["Blade Dance+1","Dagger Throw+1"],"picked":"Acrobatics+1","floor":36}],"player_experience":2179733,"relics_obtained":[{"floor":4,"key":"Frozen Egg 2"},{"floor":6,"key":"Paper Crane"},{"floor":9,"key":"Shuriken"},{"floor":24,"key":"The Specimen"},{"floor":26,"key":"Regal Pillow"},{"floor":30,"key":"War Paint"}],"event_choices":[{"damage_healed":0,"gold_gain":0,"player_choice":"Leave","damage_taken":0,"max_hp_gain":0,"max_hp_loss":0,"event_name":"The Cleric","floor":2,"gold_loss":0},{"damage_healed":0,"gold_gain":0,"cards_transformed":["Strike_G"],"player_choice":"Transformed","damage_taken":0,"max_hp_gain":0,"max_hp_loss":0,"event_name":"Transmorgrifier","floor":7,"gold_loss":0,"cards_obtained":["Crippling Poison"]},{"damage_healed":0,"gold_gain":0,"player_choice":"Inject Mutagens","damage_taken":0,"relics_obtained":["MutagenicStrength"],"max_hp_gain":0,"max_hp_loss":0,"event_name":"Drug Dealer","floor":20,"gold_loss":0},{"damage_healed":0,"gold_gain":0,"player_choice":"Read","damage_taken":0,"max_hp_gain":0,"max_hp_loss":0,"event_name":"The Library","floor":28,"gold_loss":0,"cards_obtained":["Backstab"]},{"damage_healed":0,"gold_gain":0,"player_choice":"Ignored","damage_taken":0,"max_hp_gain":0,"max_hp_loss":0,"event_name":"Beggar","floor":31,"gold_loss":0}],"is_beta":false,"boss_relics":[{"not_picked":["Coffee Dripper","Runic Pyramid"],"picked":"Eternal Feather"},{"not_picked":["Black Star","WristBlade"],"picked":"Astrolabe"}],"items_purged_floors":[],"is_endless":false,"potions_floor_spawned":[3,6,12,16,19,22,33,36],"killed_by":"Transient","ascension_level":5}