{"path_per_floor":["M","$","?","?","M","R","E","R","T","M","?","$","R","M","R"],"character_chosen":"IRONCLAD","items_purchased":["Evolve"],"gold_per_floor":[109,34,109,109,121,121,150,150,173,189,189,8,8,19,19,19],"floor_reached":16,"campfire_rested":0,"playtime":588,"item_purchase_floors":[12],"current_hp_per_floor":[72,72,61,66,62,62,15,15,15,23,23,23,23,31,31,0],"items_purged":["Strike_R","Defend_R"],"gold":19,"score":123,"play_id":"147a82be-96a1-4135-a954-55d388e7952b","local_time":"20180608160107","is_prod":false,"is_daily":false,"chose_seed":false,"is_ascension_mode":true,"campfire_upgraded":4,"win_rate":0,"timestamp":1528466467,"campfire_choices":[{"data":"Immolate","floor":6,"key":"SMITH"},{"data":"True Grit","floor":8,"key":"SMITH"},{"data":"Evolve","floor":13,"key":"SMITH"},{"data":"Defend_R","floor":15,"key":"SMITH"}],"path_taken":["M","$","?","?","?","R","E","R","T","M","?","?","R","M","R","BOSS"],"build_version":"2018-06-07","seed_source_timestamp":1966184045960601,"purchased_purges":2,"victory":false,"master_deck":["Strike_R","Strike_R","Strike_R","Strike_R","Defend_R+1","Defend_R","Defend_R","Bash","Immolate+1","Cleave","True Grit+1","Evolve+1","Thunderclap"],"max_hp_per_floor":[72,72,72,77,77,77,77,77,77,77,77,77,77,77,77,77],"relics":["Burning Blood","Blood Vial","Juzu Bracelet"],"card_choices":[{"not_picked":["Double Tap","Brutality"],"picked":"Immolate","floor":0},{"not_picked":["Headbutt","Clothesline","Spot Weakness"],"picked":"SKIP","floor":1},{"not_picked":["Clothesline","Infernal Blade"],"picked":"Cleave","floor":5},{"not_picked":["Dual Wield","Battle Trance"],"picked":"True Grit","floor":7},{"not_picked":["Havoc","Whirlwind","Wild Strike"],"picked":"SKIP","floor":10},{"not_picked":["Rage","Shrug It Off"],"picked":"Thunderclap","floor":14}],"player_experience":260327,"potions_floor_usage":[16],"damage_taken":[{"damage":6,"enemies":"Cultist","floor":1,"turns":3},{"damage":10,"enemies":"Jaw Worm","floor":5,"turns":4},{"damage":53,"enemies":"Lagavulin","floor":7,"turns":6},{"damage":0,"enemies":"Small Slimes","floor":10,"turns":2},{"damage":0,"enemies":"Exordium Thugs","floor":14,"turns":4},{"damage":35,"enemies":"Hexaghost","floor":16,"turns":9}],"relics_obtained":[{"floor":7,"key":"Blood Vial"},{"floor":9,"key":"Juzu Bracelet"}],"event_choices":[{"event_name":"World of Goop","player_choice":"Gather Gold","floor":3,"damage_taken":0},{"event_name":"Big Fish","player_choice":"Donut","floor":4,"damage_taken":0},{"event_name":"The Woman in Blue","player_choice":"Bought 0 Potions","floor":11,"damage_taken":0}],"boss_relics":[],"items_purged_floors":[2,12],"potions_floor_spawned":[7,10],"seed_played":"2836185932945131389","killed_by":"Hexaghost","ascension_level":5,"potions_obtained":[{"floor":7,"key":"Strength Potion"},{"floor":10,"key":"SmokeBomb"}],"is_trial":false}