{"gold_per_floor":[114,129,129,79,42,42,57,57,82,97,97,97,135,154,154,279,279,298,298,298,105,124,124,162,162,212,212,231,250,269,269],"floor_reached":31,"playtime":2749,"items_purged":["Heavy Blade"],"score":380,"play_id":"29f5df52-e39a-4057-9ffe-93d40dad5284","local_time":"20190127010034","daily_mods":["Insanity","ControlledChaos","Elite Swarm"],"is_ascension_mode":false,"campfire_choices":[{"data":"Armaments","floor":6,"key":"SMITH"},{"data":"Armaments","floor":8,"key":"SMITH"},{"data":"True Grit","floor":12,"key":"SMITH"},{"data":"Armaments","floor":15,"key":"SMITH"},{"data":"Armaments","floor":23,"key":"SMITH"},{"data":"True Grit","floor":25,"key":"SMITH"},{"data":"True Grit","floor":27,"key":"SMITH"}],"neow_cost":"","seed_source_timestamp":0,"circlet_count":0,"master_deck":["Flame Barrier","Thunderclap","Pummel","Iron Wave","Anger","Twin Strike","Headbutt","Wild Strike","Warcry","Sever Soul","Power Through","Burning Pact","Pommel Strike","Thunderclap","True Grit+1","Shrug It Off","Armaments+1","Warcry","Flex","Bloodletting","Intimidate","Cleave","Iron Wave","Clothesline","Armaments+1","Twin Strike","Bloodletting","Cleave","Reckless Charge","Body Slam","Havoc","Anger","Clothesline","Wild Strike","Warcry","Battle Trance","Pummel","Combust","Corruption","Flex","Heavy Blade","Clash","Flex","True Grit+1","Fire Breathing","Shockwave","Warcry","Metallicize","Iron Wave","Feed","Immolate","Armaments+1","Offering","Power Through","True Grit+1","Flex","Bandage Up","Armaments+1","Pommel Strike+1","Juggernaut","Flame Barrier","Power Through","Twin Strike+1"],"special_seed":17923,"relics":["Burning Blood","Frozen Eye","Art of War","Golden Idol","Mummified Hand","Coffee Dripper","Dodecahedron","Oddly Smooth Stone"],"potions_floor_usage":[2,13,22,24,30],"damage_taken":[{"damage":11,"enemies":"Jaw Worm","floor":1,"turns":2},{"damage":3,"enemies":"2 Louse","floor":2,"turns":2},{"damage":0,"enemies":"Small Slimes","floor":7,"turns":1},{"damage":0,"enemies":"2 Fungi Beasts","floor":10,"turns":1},{"damage":9,"enemies":"Lagavulin","floor":13,"turns":6},{"damage":7,"enemies":"Looter","floor":14,"turns":3},{"damage":54,"enemies":"The Guardian","floor":16,"turns":9},{"damage":6,"enemies":"Chosen","floor":18,"turns":4},{"damage":5,"enemies":"Shell Parasite","floor":22,"turns":3},{"damage":46,"enemies":"Gremlin Leader","floor":24,"turns":6},{"damage":4,"enemies":"Chosen and Byrds","floor":28,"turns":5},{"damage":27,"enemies":"Snecko","floor":29,"turns":5},{"damage":18,"enemies":"Sentry and Sphere","floor":30,"turns":5},{"damage":20,"enemies":"Slavers","floor":31,"turns":1}],"seed_played":"-4277099179774056171","potions_obtained":[{"floor":1,"key":"Explosive Potion"},{"floor":2,"key":"Block Potion"},{"floor":16,"key":"Dexterity Potion"},{"floor":18,"key":"Strength Potion"},{"floor":24,"key":"Explosive Potion"}],"is_trial":false,"path_per_floor":["M","M","?","?","$","R","M","R","T","M","?","R","E","M","R","B",null,"M","?","?","$","M","R","E","R","T","R","M","M","M","E"],"character_chosen":"IRONCLAD","items_purchased":["Metallicize","Bandage Up","Armaments"],"campfire_rested":0,"item_purchase_floors":[5,21,21],"current_hp_per_floor":[75,78,71,71,71,71,77,77,77,80,80,80,81,80,80,32,84,84,84,84,84,84,84,44,44,44,44,46,25,17,0],"gold":269,"neow_bonus":"","is_prod":false,"is_daily":true,"chose_seed":false,"campfire_upgraded":7,"win_rate":0,"timestamp":1548568834,"path_taken":["M","M","?","?","$","R","M","R","T","M","?","R","E","M","R","BOSS","M","?","?","$","M","R","E","R","T","R","?","M","M","E"],"build_version":"2019-01-23","purchased_purges":1,"victory":false,"max_hp_per_floor":[80,80,80,80,80,80,80,80,80,80,80,80,84,84,84,84,84,84,84,84,84,84,84,84,84,84,84,84,84,88,88],"card_choices":[{"not_picked":["Shrug It Off","Iron Wave"],"picked":"Shockwave","floor":1},{"not_picked":["Flex","Clash"],"picked":"Warcry","floor":2},{"not_picked":["Clothesline","Blood for Blood"],"picked":"Iron Wave","floor":7},{"not_picked":["Anger","Fire Breathing"],"picked":"Feed","floor":10},{"not_picked":["Fiend Fire","Double Tap"],"picked":"Immolate","floor":13},{"not_picked":["Seeing Red","True Grit"],"picked":"Armaments","floor":14},{"not_picked":["Immolate","Berserk"],"picked":"Offering","floor":16},{"not_picked":["Searing Blow","Entrench+1"],"picked":"Power Through","floor":18},{"not_picked":["Reckless Charge","Cleave"],"picked":"Pommel Strike+1","floor":22},{"not_picked":["Dark Embrace","Berserk"],"picked":"Juggernaut","floor":24},{"not_picked":["Pommel Strike","Sever Soul"],"picked":"Flame Barrier","floor":28},{"not_picked":["Whirlwind","Twin Strike"],"picked":"Power Through","floor":29},{"not_picked":["True Grit","Power Through"],"picked":"Twin Strike+1","floor":30}],"player_experience":491244,"relics_obtained":[{"floor":9,"key":"Art of War"},{"floor":13,"key":"Mummified Hand"},{"floor":24,"key":"Dodecahedron"},{"floor":26,"key":"Oddly Smooth Stone"}],"event_choices":[{"cards_removed":["Entrench"],"damage_healed":0,"gold_gain":0,"player_choice":"Card Removal","damage_taken":7,"max_hp_gain":0,"max_hp_loss":0,"event_name":"Golden Wing","floor":3,"gold_loss":0},{"cards_removed":["Heavy Blade"],"damage_healed":0,"gold_gain":0,"player_choice":"Card Removal","damage_taken":0,"max_hp_gain":0,"max_hp_loss":0,"event_name":"The Cleric","floor":4,"gold_loss":50},{"damage_healed":0,"gold_gain":0,"player_choice":"Take Wound","damage_taken":0,"relics_obtained":["Golden Idol"],"max_hp_gain":0,"max_hp_loss":0,"event_name":"Golden Idol","floor":11,"gold_loss":0,"cards_obtained":["Injury"]},{"cards_removed":["Injury"],"damage_healed":0,"gold_gain":0,"player_choice":"Elegance","damage_taken":0,"max_hp_gain":0,"max_hp_loss":0,"event_name":"Back to Basics","floor":19,"gold_loss":0},{"damage_healed":0,"gold_gain":0,"cards_transformed":["Heavy Blade","Entrench"],"player_choice":"Became Test Subject","damage_taken":0,"max_hp_gain":0,"max_hp_loss":0,"event_name":"Drug Dealer","floor":20,"gold_loss":0,"cards_obtained":["True Grit","Flex"]}],"is_beta":false,"boss_relics":[{"not_picked":["Philosopher\u0027s Stone","Black Star"],"picked":"Coffee Dripper"}],"items_purged_floors":[21],"is_endless":false,"potions_floor_spawned":[1,2,16,18,24],"killed_by":"Slavers","ascension_level":0}