{"gold_per_floor":[114,3,21,96,96,96,108,108,108,108,8,8,8,37,37,37],"floor_reached":16,"playtime":714,"items_purged":["Strike_G","Strike_G"],"score":110,"play_id":"70d07323-8900-458e-a78d-340aef7441f3","local_time":"20180912225852","is_ascension_mode":true,"campfire_choices":[{"floor":6,"key":"REST"},{"data":"1","floor":8,"key":"LIFT"},{"data":"2","floor":10,"key":"LIFT"},{"data":"3","floor":12,"key":"LIFT"},{"floor":15,"key":"REST"}],"neow_cost":"CURSE","seed_source_timestamp":76080270766019,"circlet_count":0,"master_deck":["Defend_G","Defend_G","Defend_G","Defend_G","Defend_G","Strike_G","Strike_G","Strike_G+1","Survivor","Neutralize","Shame","Expertise","Choke","Prepared+1","Caltrops","Backflip"],"relics":["Ring of the Snake","Girya","Molten Egg 2","Juzu Bracelet"],"potions_floor_usage":[16,16],"damage_taken":[{"damage":0,"enemies":"Cultist","floor":1,"turns":4},{"damage":9,"enemies":"Jaw Worm","floor":3,"turns":4},{"damage":3,"enemies":"Small Slimes","floor":7,"turns":3},{"damage":49,"enemies":"Lagavulin","floor":14,"turns":6},{"damage":28,"enemies":"Hexaghost","floor":16,"turns":11}],"seed_played":"1710547954496019463","potions_obtained":[{"floor":1,"key":"Strength Potion"},{"floor":7,"key":"Ancient Potion"}],"is_trial":false,"path_per_floor":["M","$","M","?","?","R","M","R","T","R","$","R","?","E","R"],"character_chosen":"THE_SILENT","items_purchased":["Choke"],"campfire_rested":2,"item_purchase_floors":[2],"current_hp_per_floor":[70,70,61,50,36,57,54,54,54,54,54,54,54,5,26,0],"gold":37,"neow_bonus":"ONE_RARE_RELIC","is_prod":false,"is_daily":false,"chose_seed":false,"campfire_upgraded":0,"win_rate":0,"timestamp":1536807532,"path_taken":["M","$","M","?","?","R","M","R","T","R","$","R","?","E","R","BOSS"],"build_version":"2018-09-06","purchased_purges":2,"victory":false,"max_hp_per_floor":[70,70,70,70,70,70,70,70,70,70,70,70,70,70,70,70],"card_choices":[{"not_picked":["Outmaneuver","Bane"],"picked":"Expertise","floor":1},{"not_picked":["Quick Slash","Deadly Poison"],"picked":"Prepared","floor":3},{"not_picked":["Heel Hook","Deflect"],"picked":"Caltrops","floor":7},{"not_picked":["Prepared","Slice+1"],"picked":"Backflip","floor":14}],"player_experience":806190,"relics_obtained":[{"floor":9,"key":"Molten Egg 2"},{"floor":14,"key":"Juzu Bracelet"}],"event_choices":[{"event_name":"World of Goop","player_choice":"Gather Gold","floor":4,"damage_taken":0},{"event_name":"Shining Light","player_choice":"Entered Light","floor":5,"damage_taken":0},{"event_name":"Golden Idol","player_choice":"Ignored","floor":13,"damage_taken":0}],"is_beta":false,"boss_relics":[],"items_purged_floors":[2,11],"is_endless":false,"potions_floor_spawned":[1,7],"killed_by":"Hexaghost","ascension_level":3}