{"gold_per_floor":[109,109,134,134,59,59,80,80,80,80,80,80,100,114,114,114],"floor_reached":16,"playtime":450,"items_purged":["Strike_R"],"score":135,"play_id":"01998052-096a-4f7b-ac41-de7da502ed32","local_time":"20180803185750","is_ascension_mode":true,"campfire_choices":[{"data":"Iron Wave","floor":6.0,"key":"SMITH"},{"data":"Bash","floor":8.0,"key":"SMITH"},{"data":"Cleave","floor":12,"key":"SMITH"},{"data":"Double Tap","floor":15,"key":"SMITH"}],"neow_cost":"NONE","seed_source_timestamp":0,"circlet_count":0,"master_deck":["Strike_R","Strike_R","Strike_R","Strike_R","Defend_R","Defend_R","Defend_R","Defend_R","Bash+1","AscendersBane","Cleave+1","Seeing Red","Iron Wave+1","Rampage","Double Tap+1"],"special_seed":0,"relics":["Burning Blood","Golden Idol","Champion Belt","Question Card"],"potions_floor_usage":[16],"damage_taken":[{"damage":5.0,"enemies":"Small Slimes","floor":1.0,"turns":3.0},{"damage":18.0,"enemies":"Jaw Worm","floor":3.0,"turns":4.0},{"damage":0.0,"enemies":"2 Louse","floor":7.0,"turns":3.0},{"damage":1,"enemies":"Large Slime","floor":13,"turns":6},{"damage":6,"enemies":"Red Slaver","floor":14,"turns":3},{"damage":39,"enemies":"Slime Boss","floor":16,"turns":7}],"seed_played":"-6993812675852670635","potions_obtained":[{"floor":1.0,"key":"Ancient Potion"},{"floor":14,"key":"AttackPotion"}],"is_trial":false,"path_per_floor":["M","?","M","?","$","R","M","R","T","$","?","R","M","M","R"],"character_chosen":"IRONCLAD","items_purchased":[],"campfire_rested":0,"item_purchase_floors":[],"current_hp_per_floor":[73,73,61,61,61,61,67,67,67,67,34,34,39,39,39,0],"gold":114,"neow_bonus":"THREE_CARDS","is_prod":false,"is_daily":false,"chose_seed":false,"campfire_upgraded":4,"win_rate":0,"timestamp":1533315470,"path_taken":["M","?","M","?","$","R","?","R","T","$","?","R","M","M","R","BOSS"],"build_version":"2018-08-02","purchased_purges":1,"victory":false,"max_hp_per_floor":[80,74,74,74,74,74,74,74,74,74,74,74,74,74,74,74],"card_choices":[{"not_picked":["Sword Boomerang","Dual Wield"],"picked":"Cleave","floor":0.0},{"not_picked":["Twin Strike","Sword Boomerang"],"picked":"Seeing Red","floor":1.0},{"not_picked":["Warcry","Pommel Strike"],"picked":"Iron Wave","floor":3.0},{"not_picked":["Carnage","Anger","Combust"],"picked":"SKIP","floor":7.0},{"not_picked":["Infernal Blade","Shrug It Off","Reckless Charge"],"picked":"Rampage","floor":13},{"not_picked":["Flame Barrier","Headbutt","Perfected Strike"],"picked":"Double Tap","floor":14}],"player_experience":441837,"relics_obtained":[{"floor":9.0,"key":"Champion Belt"}],"event_choices":[{"event_name":"Golden Idol","player_choice":"Lose Max HP","floor":2.0,"damage_taken":0.0},{"event_name":"The Woman in Blue","player_choice":"Bought 0 Potions","floor":4.0,"damage_taken":0.0},{"event_name":"Scrap Ooze","player_choice":"success","floor":11.0,"damage_taken":33.0}],"is_beta":false,"boss_relics":[],"items_purged_floors":[5],"is_endless":false,"potions_floor_spawned":[1,14],"killed_by":"Slime Boss","ascension_level":10}