{"gold_per_floor":[114,114,129,79,254,254,254,254,254,71,71,86,116,16,16,116,116,131,146,146,146,161,161,191,90,140,140,140,10,10,25,25,125,125,140,155,255,255,255,255,255,255,280,295,145,160,160,160,160,160],"floor_reached":51,"playtime":3310,"items_purged":["Doubt","Fiend Fire"],"score":755,"play_id":"3b8f4c9c-ed13-43a3-8334-f83988bb1a4e","local_time":"20190206182653","daily_mods":["Shiny","Flight","Binary"],"is_ascension_mode":false,"campfire_choices":[{"data":"True Grit","floor":6.0,"key":"SMITH"},{"data":"Barricade","floor":7.0,"key":"SMITH"},{"data":"Exhume","floor":8.0,"key":"SMITH"},{"data":"Dark Embrace","floor":11.0,"key":"SMITH"},{"data":"Limit Break","floor":15,"key":"SMITH"},{"data":"Feed","floor":23,"key":"SMITH"},{"data":"Armaments","floor":27,"key":"SMITH"},{"data":"Exhume","floor":30,"key":"SMITH"},{"data":"Shockwave","floor":32,"key":"SMITH"},{"data":"Madness","floor":40,"key":"SMITH"},{"data":"Mayhem","floor":41,"key":"SMITH"},{"floor":42,"key":"REST"},{"data":"Demon Form","floor":47,"key":"SMITH"},{"data":"Bandage Up","floor":49,"key":"SMITH"}],"neow_cost":"","seed_source_timestamp":0,"circlet_count":0,"master_deck":["Double Tap","Demon Form+1","Feed+1","Limit Break+1","Barricade+1","Berserk+1","Impervious","Juggernaut","Reaper","Exhume+1","Offering","Immolate","True Grit+1","Flame Barrier","Inflame","Exhume+1","Cleave+1","Armaments+1","Feel No Pain","Spot Weakness","Impervious","Heavy Blade","Shockwave+1","Juggernaut","Pummel+1","Flex","Bandage Up+1","Mayhem+1","Madness+1","Uppercut+1","Corruption"],"special_seed":17933,"relics":["Burning Blood","Question Card","Boot","Sozu","MawBank","Omamori","Runic Cube","Bird Faced Urn","Dead Branch","Regal Pillow","Vajra"],"potions_floor_usage":[16,18],"damage_taken":[{"damage":30.0,"enemies":"Cultist","floor":1.0,"turns":4.0},{"damage":28.0,"enemies":"Jaw Worm","floor":3.0,"turns":3.0},{"damage":6.0,"enemies":"2 Louse","floor":12.0,"turns":1.0},{"damage":29,"enemies":"3 Sentries","floor":13,"turns":3},{"damage":55,"enemies":"Hexaghost","floor":16,"turns":7},{"damage":23,"enemies":"2 Thieves","floor":18,"turns":4},{"damage":18,"enemies":"Chosen","floor":19,"turns":5},{"damage":37,"enemies":"Snake Plant","floor":22,"turns":5},{"damage":26,"enemies":"Slavers","floor":24,"turns":5},{"damage":12,"enemies":"Centurion and Healer","floor":31,"turns":4},{"damage":26,"enemies":"Automaton","floor":33,"turns":6},{"damage":56,"enemies":"Orb Walker","floor":35,"turns":5},{"damage":20,"enemies":"2 Orb Walkers","floor":36,"turns":2},{"damage":31,"enemies":"Mind Bloom Boss Battle","floor":37,"turns":4},{"damage":25,"enemies":"3 Darklings","floor":44,"turns":2},{"damage":48,"enemies":"Sphere and 2 Shapes","floor":46,"turns":5},{"damage":47,"enemies":"Donu and Deca","floor":50,"turns":4}],"seed_played":"843888505984905002","potions_obtained":[{"floor":3.0,"key":"LiquidBronze"},{"floor":16,"key":"Block Potion"}],"is_trial":false,"path_per_floor":["M","?","M","?","?","R","R","R","T","$","R","M","E","$","R","B",null,"M","M","?","?","M","R","E","$","T","R","?","$","R","M","R","B",null,"M","?","?","?","?","R","R","R","T","M","$","M","R","?","R","B",null],"character_chosen":"IRONCLAD","items_purchased":["Flame Barrier","Inflame","Feel No Pain","Spot Weakness","Impervious","Heavy Blade","Vajra"],"campfire_rested":1,"item_purchase_floors":[10,10,25,25,29,29,45],"current_hp_per_floor":[75,75,53,53,53,53,53,53,53,53,53,53,72,72,72,66,83,83,86,86,96,81,81,65,65,65,65,65,65,65,69,69,53,108,73,63,80,70,70,70,70,103,103,112,112,98,98,98,98,81],"gold":160,"neow_bonus":"","is_prod":false,"is_daily":true,"chose_seed":false,"campfire_upgraded":13,"win_rate":0,"timestamp":1549495613,"path_taken":["M","?","?","?","?","R","R","R","T","$","R","?","E","$","R","BOSS","M","?","?","?","?","R","E","$","T","R","?","?","R","M","R","BOSS","M","?","?","?","?","R","R","R","T","M","$","?","R","?","R","BOSS"],"build_version":"2019-01-23","purchased_purges":2,"victory":true,"max_hp_per_floor":[83,83,83,83,83,83,83,83,83,83,83,83,83,83,83,83,83,83,86,86,96,96,96,100,100,100,100,100,100,100,104,104,108,108,108,112,112,112,112,112,112,112,112,112,112,116,116,116,116,116],"card_choices":[{"not_picked":["Anger"],"picked":"True Grit","floor":1.0},{"not_picked":["Clash","Pommel Strike"],"picked":"SKIP","floor":3.0},{"not_picked":["Headbutt","Sever Soul","Dual Wield"],"picked":"SKIP","floor":12.0},{"not_picked":["Inflame","Cleave"],"picked":"Iron Wave","floor":13},{"not_picked":["Impervious","Juggernaut"],"picked":"Exhume","floor":16},{"not_picked":["Entrench","Twin Strike"],"picked":"Cleave+1","floor":18},{"not_picked":["Iron Wave","Cleave"],"picked":"Ghostly Armor","floor":19},{"not_picked":["Anger","Wild Strike","Barricade"],"picked":"SKIP","floor":22},{"not_picked":["Headbutt+1","Perfected Strike+1"],"picked":"Armaments","floor":24},{"not_picked":["Armaments+1","Whirlwind"],"picked":"Shockwave","floor":31},{"not_picked":["Fiend Fire","Limit Break"],"picked":"Juggernaut","floor":33},{"not_picked":["Wild Strike","Pommel Strike"],"picked":"Pummel+1","floor":35},{"not_picked":["Entrench","Havoc+1"],"picked":"Flex","floor":36},{"not_picked":["Flash of Steel","Deep Breath"],"picked":"Bandage Up","floor":38},{"not_picked":["Bandage Up","Good Instincts"],"picked":"Mayhem","floor":38},{"not_picked":["Master of Strategy","Discovery"],"picked":"Madness","floor":38},{"not_picked":["Wild Strike+1","Shrug It Off"],"picked":"Uppercut+1","floor":44},{"not_picked":["Armaments","Searing Blow","Flex"],"picked":"SKIP","floor":46}],"player_experience":582170,"relics_obtained":[{"floor":9.0,"key":"Question Card"},{"floor":13,"key":"Boot"},{"floor":24,"key":"MawBank"},{"floor":26,"key":"Omamori"},{"floor":36,"key":"Bird Faced Urn"},{"floor":37,"key":"Dead Branch"},{"floor":43,"key":"Regal Pillow"}],"event_choices":[{"damage_healed":0.0,"max_hp_gain":0.0,"max_hp_loss":0.0,"gold_gain":0.0,"event_name":"Accursed Blacksmith","player_choice":"Forge","floor":2.0,"gold_loss":0.0,"damage_taken":0.0,"cards_upgraded":["Berserk"]},{"cards_removed":["Bludgeon"],"damage_healed":0.0,"max_hp_gain":0.0,"max_hp_loss":0.0,"gold_gain":0.0,"event_name":"The Cleric","player_choice":"Card Removal","floor":4.0,"gold_loss":50.0,"damage_taken":0.0},{"damage_healed":0.0,"max_hp_gain":0.0,"max_hp_loss":0.0,"gold_gain":175.0,"event_name":"Liars Game","player_choice":"AGREE","floor":5.0,"gold_loss":0.0,"damage_taken":0.0,"cards_obtained":["Doubt"]},{"damage_healed":0,"gold_gain":0,"player_choice":"Simplicity","damage_taken":0,"max_hp_gain":0,"max_hp_loss":0,"event_name":"Back to Basics","floor":20,"gold_loss":0,"cards_upgraded":[]},{"cards_removed":["Brutality"],"damage_healed":0,"gold_gain":0,"player_choice":"Offered Rare","damage_taken":0,"max_hp_gain":10,"max_hp_loss":0,"event_name":"Bonfire Elementals","floor":21,"gold_loss":0},{"cards_removed":["Ghostly Armor"],"damage_healed":0,"gold_gain":0,"player_choice":"Purged","damage_taken":0,"max_hp_gain":0,"max_hp_loss":0,"event_name":"Purifier","floor":28,"gold_loss":0},{"damage_healed":0,"gold_gain":0,"player_choice":"Fight","damage_taken":0,"max_hp_gain":0,"max_hp_loss":0,"event_name":"Mysterious Sphere","floor":36,"gold_loss":0},{"damage_healed":0,"gold_gain":0,"player_choice":"Fight","damage_taken":0,"max_hp_gain":0,"max_hp_loss":0,"event_name":"MindBloom","floor":37,"gold_loss":0},{"damage_healed":0,"gold_gain":0,"player_choice":"Memory 3","damage_taken":10,"max_hp_gain":0,"max_hp_loss":0,"event_name":"SensoryStone","floor":38,"gold_loss":0},{"cards_removed":["Dark Embrace"],"damage_healed":0,"gold_gain":0,"player_choice":"Removed Power","damage_taken":0,"max_hp_gain":0,"max_hp_loss":0,"event_name":"Falling","floor":39,"gold_loss":0},{"damage_healed":0,"gold_gain":0,"cards_transformed":["Iron Wave"],"player_choice":"Transformed","damage_taken":0,"max_hp_gain":0,"max_hp_loss":0,"event_name":"Transmorgrifier","floor":48,"gold_loss":0,"cards_obtained":["Corruption"]}],"is_beta":false,"boss_relics":[{"not_picked":["Tiny House","Empty Cage"],"picked":"Sozu"},{"not_picked":["Orrery","White Beast Statue"],"picked":"Runic Cube"}],"items_purged_floors":[10,14],"is_endless":false,"potions_floor_spawned":[3,16,19,22,24,35,46],"ascension_level":0}