{"gold_per_floor":[113,124,124,124,91,91,111,111,411,423,423,457,477,492,492,596,596,614,614,629,281,297,297,317,331,412,430,430,430,190,205,205,307,307,323,343,343,396,0,0,0,0,72,72,98,116,134,154,154,154],"floor_reached":51,"playtime":2548,"items_purged":["Strike_B","Writhe"],"score":1072,"play_id":"a7b18b08-42b5-4823-a43a-8606d9f42600","local_time":"20190330081120","is_ascension_mode":true,"campfire_choices":[{"data":"Defragment","floor":6.0,"key":"SMITH"},{"data":"Storm","floor":8.0,"key":"SMITH"},{"floor":11.0,"key":"REST"},{"floor":15.0,"key":"REST"},{"floor":23.0,"key":"REST"},{"floor":29.0,"key":"REST"},{"floor":32.0,"key":"REST"},{"floor":40.0,"key":"REST"},{"data":"Creative AI","floor":42.0,"key":"SMITH"},{"data":"Echo Form","floor":44.0,"key":"SMITH"},{"floor":49.0,"key":"REST"}],"neow_cost":"NONE","seed_source_timestamp":0,"circlet_count":0,"master_deck":["AscendersBane","Strike_B","Strike_B","Defend_B","Defend_B","Defend_B","Defend_B","Zap","Dualcast+1","Storm+1","Defragment+1","Static Discharge","Coolheaded","Capacitor","Chaos","White Noise","Barrage","Creative AI+1","Defragment","Steam","BootSequence","Loop","Self Repair+1","Cold Snap","Leap","Capacitor","Panache","Conserve Battery","Echo Form+1","Glacier+1","Capacitor+1","Storm+1","Defragment","Magnetism","Hologram","Stack","Reinforced Body+1","Hello World+1","White Noise+1"],"special_seed":0,"relics":["Cracked Core","Mummified Hand","DataDisk","Black Star","Nloth\u0027s Gift","Strawberry","Pear","Inserter","Ginger","Mercury Hourglass","Oddly Smooth Stone","Bag of Marbles"],"potions_floor_usage":[50],"damage_taken":[{"damage":5.0,"enemies":"2 Louse","floor":1.0,"turns":2.0},{"damage":4.0,"enemies":"Jaw Worm","floor":2.0,"turns":3.0},{"damage":1.0,"enemies":"Cultist","floor":7.0,"turns":3.0},{"damage":15.0,"enemies":"Gremlin Gang","floor":10.0,"turns":3.0},{"damage":4.0,"enemies":"Gremlin Nob","floor":12.0,"turns":3.0},{"damage":0.0,"enemies":"Large Slime","floor":13.0,"turns":3.0},{"damage":21.0,"enemies":"Exordium Thugs","floor":14.0,"turns":3.0},{"damage":16.0,"enemies":"The Guardian","floor":16.0,"turns":7.0},{"damage":23.0,"enemies":"2 Thieves","floor":18.0,"turns":3.0},{"damage":9.0,"enemies":"Chosen","floor":20.0,"turns":3.0},{"damage":13.0,"enemies":"Sentry and Sphere","floor":22.0,"turns":4.0},{"damage":30.0,"enemies":"Shelled Parasite and Fungi","floor":24.0,"turns":3.0},{"damage":12.0,"enemies":"Snecko","floor":25.0,"turns":5.0},{"damage":3.0,"enemies":"Chosen and Byrds","floor":27.0,"turns":4.0},{"damage":11.0,"enemies":"Snake Plant","floor":31.0,"turns":4.0},{"damage":31.0,"enemies":"Automaton","floor":33.0,"turns":7.0},{"damage":19.0,"enemies":"3 Shapes","floor":35.0,"turns":4.0},{"damage":6.0,"enemies":"Orb Walker","floor":36.0,"turns":4.0},{"damage":34.0,"enemies":"2 Orb Walkers","floor":38.0,"turns":4.0},{"damage":30.0,"enemies":"Reptomancer","floor":45.0,"turns":4.0},{"damage":14.0,"enemies":"Maw","floor":46.0,"turns":5.0},{"damage":13.0,"enemies":"Sphere and 2 Shapes","floor":47.0,"turns":3.0},{"damage":39.0,"enemies":"Jaw Worm Horde","floor":48.0,"turns":4.0},{"damage":42,"enemies":"Donu and Deca","floor":50,"turns":8}],"seed_played":"8148375700726509532","potions_obtained":[{"floor":1.0,"key":"SpeedPotion"},{"floor":7.0,"key":"FocusPotion"},{"floor":18.0,"key":"AttackPotion"},{"floor":22.0,"key":"Dexterity Potion"},{"floor":27.0,"key":"AttackPotion"},{"floor":33.0,"key":"Weak Potion"},{"floor":35.0,"key":"Explosive Potion"},{"floor":45.0,"key":"Fire Potion"},{"floor":48.0,"key":"SpeedPotion"}],"is_trial":false,"path_per_floor":["M","M","?","?","$","R","M","R","T","M","R","E","M","M","R","B",null,"M","?","M","$","M","R","M","M","T","M","?","R","$","M","R","B",null,"M","M","?","?","$","R","$","R","T","R","E","M","M","M","R","B",null],"character_chosen":"DEFECT","items_purchased":["Static Discharge","Strawberry","BootSequence","Loop","Capacitor","Panache","Defragment","Magnetism","Hologram"],"campfire_rested":7,"item_purchase_floors":[5,21,21,21,30,30,39,39,39],"current_hp_per_floor":[63,59,59,41,41,41,40,40,40,25,47,43,43,22,44,28,63,40,40,31,38,25,49,19,17,27,24,24,51,51,50,77,56,83,74,78,92,68,68,92,92,92,92,92,62,58,55,16,43,1],"gold":154,"neow_bonus":"UPGRADE_CARD","is_prod":false,"is_daily":false,"chose_seed":false,"campfire_upgraded":4,"win_rate":0,"timestamp":1553947880,"path_taken":["M","M","?","?","$","R","M","R","T","M","R","E","M","M","R","BOSS","M","?","M","$","M","R","M","?","T","?","?","R","?","M","R","BOSS","M","M","?","?","$","R","?","R","T","R","E","M","M","?","R","BOSS"],"build_version":"2019-01-23","purchased_purges":2,"victory":true,"max_hp_per_floor":[75,75,75,75,75,75,75,75,75,75,75,75,75,75,75,75,75,75,75,75,82,82,82,82,82,92,92,92,92,92,92,92,92,92,92,92,92,92,92,92,92,92,92,92,92,92,92,92,92,92],"card_choices":[{"not_picked":["Beam Cell","Barrage"],"picked":"Storm","floor":1.0},{"not_picked":["Turbo","Redo"],"picked":"Defragment","floor":2.0},{"not_picked":["Double Energy","Beam Cell"],"picked":"Coolheaded","floor":7.0},{"not_picked":["Turbo","Chaos"],"picked":"Capacitor","floor":10.0},{"not_picked":["All For One","Turbo"],"picked":"Chaos","floor":12.0},{"not_picked":["Tempest","Coolheaded"],"picked":"White Noise","floor":13.0},{"not_picked":["Sweeping Beam","Rip and Tear"],"picked":"Barrage","floor":14.0},{"not_picked":["Hyperbeam","Thunder Strike"],"picked":"Creative AI","floor":16.0},{"not_picked":["BootSequence","Rebound"],"picked":"Defragment","floor":18.0},{"not_picked":["Gash","Beam Cell+1"],"picked":"Steam","floor":20.0},{"not_picked":["Cold Snap","Redo","Beam Cell+1"],"picked":"SKIP","floor":22.0},{"not_picked":["Hello World","Loop+1"],"picked":"Self Repair+1","floor":24.0},{"not_picked":["Ball Lightning","Gash"],"picked":"Cold Snap","floor":25.0},{"not_picked":["Consume","Reboot"],"picked":"Leap","floor":27.0},{"not_picked":["Compile Driver","Redo"],"picked":"Conserve Battery","floor":31.0},{"not_picked":["Hyperbeam","Creative AI"],"picked":"Echo Form","floor":33.0},{"not_picked":["Stack","Static Discharge"],"picked":"Glacier+1","floor":35.0},{"not_picked":["Compile Driver","BootSequence"],"picked":"Capacitor+1","floor":36.0},{"not_picked":["Beam Cell","Turbo+1"],"picked":"Storm+1","floor":38.0},{"not_picked":["Darkness+1","Beam Cell+1"],"picked":"Stack","floor":45.0},{"not_picked":["Coolheaded+1","Hologram"],"picked":"Reinforced Body+1","floor":46.0},{"not_picked":["All For One","Cold Snap"],"picked":"Hello World+1","floor":47.0},{"not_picked":["Auto Shields+1","Reinforced Body+1"],"picked":"White Noise+1","floor":48.0}],"player_experience":2543260,"relics_obtained":[{"floor":9.0,"key":"Old Coin"},{"floor":12.0,"key":"DataDisk"},{"floor":26.0,"key":"Pear"},{"floor":38.0,"key":"Ginger"},{"floor":43.0,"key":"Mercury Hourglass"},{"floor":45.0,"key":"Oddly Smooth Stone"},{"floor":45.0,"key":"Bag of Marbles"}],"event_choices":[{"damage_healed":0.0,"max_hp_gain":0.0,"max_hp_loss":0.0,"gold_gain":0.0,"event_name":"Golden Idol","player_choice":"Ignored","floor":3.0,"gold_loss":0.0,"damage_taken":0.0},{"damage_healed":0.0,"max_hp_gain":0.0,"max_hp_loss":0.0,"gold_gain":0.0,"event_name":"Scrap Ooze","player_choice":"Success","floor":4.0,"gold_loss":0.0,"damage_taken":18.0,"relics_obtained":["Mummified Hand"]},{"damage_healed":0.0,"max_hp_gain":0.0,"max_hp_loss":0.0,"gold_gain":0.0,"event_name":"N\u0027loth","player_choice":"Traded Relic","floor":19.0,"relics_lost":["Old Coin"],"gold_loss":0.0,"damage_taken":0.0,"relics_obtained":["Nloth\u0027s Gift"]},{"cards_removed":["Strike_B"],"damage_healed":0.0,"max_hp_gain":0.0,"max_hp_loss":0.0,"gold_gain":0.0,"event_name":"Purifier","player_choice":"Purged","floor":28.0,"gold_loss":0.0,"damage_taken":0.0},{"damage_healed":23.0,"max_hp_gain":0.0,"max_hp_loss":0.0,"gold_gain":0.0,"event_name":"Winding Halls","player_choice":"Writhe","floor":37.0,"gold_loss":0.0,"damage_taken":0.0,"cards_obtained":["Writhe"]},{"damage_healed":0.0,"max_hp_gain":0.0,"max_hp_loss":0.0,"gold_gain":0.0,"event_name":"Mysterious Sphere","player_choice":"Fight","floor":38.0,"gold_loss":0.0,"damage_taken":0.0}],"is_beta":false,"boss_relics":[{"not_picked":["Busted Crown","Ectoplasm"],"picked":"Black Star"},{"not_picked":["Velvet Choker","Snecko Eye"],"picked":"Inserter"}],"items_purged_floors":[21,39],"is_endless":false,"potions_floor_spawned":[1,7,18,22,27,33,35,45,48],"ascension_level":10}