{"gold_per_floor":[12,12,22,32,42,42,53,53,53,64,64,83,97,97,97,194,194,207,207,64,34],"floor_reached":21,"playtime":731,"items_purged":["Strike_R"],"score":260,"play_id":"c8181c22-4bdb-457e-be97-f1e23224f164","local_time":"20180803135526","is_ascension_mode":true,"campfire_choices":[{"data":"Rampage","floor":6,"key":"SMITH"},{"data":"Bash","floor":8,"key":"SMITH"},{"floor":15,"key":"REST"}],"neow_cost":"NO_GOLD","seed_source_timestamp":4119900471421784,"circlet_count":0,"master_deck":["Strike_R","Strike_R","Strike_R","Defend_R","Defend_R","Defend_R","Bash+1","AscendersBane","Rampage+1","Offering","Evolve+1"],"relics":["Black Blood","Unceasing Top","Frozen Egg 2"],"potions_floor_usage":[13,13,16,21],"damage_taken":[{"damage":1,"enemies":"Cultist","floor":1,"turns":4},{"damage":5,"enemies":"Small Slimes","floor":3,"turns":5},{"damage":7,"enemies":"Jaw Worm","floor":4,"turns":3},{"damage":8,"enemies":"3 Louse","floor":5,"turns":3},{"damage":7,"enemies":"Large Slime","floor":7,"turns":6},{"damage":16,"enemies":"Exordium Thugs","floor":10,"turns":4},{"damage":7,"enemies":"Looter","floor":12,"turns":3},{"damage":8,"enemies":"Gremlin Gang","floor":13,"turns":6},{"damage":50,"enemies":"Slime Boss","floor":16,"turns":9},{"damage":57,"enemies":"Spheric Guardian","floor":18,"turns":6},{"damage":17,"enemies":"2 Thieves","floor":21,"turns":2}],"seed_played":"-3269977214833025371","potions_obtained":[{"floor":4,"key":"Strength Potion"},{"floor":10,"key":"SkillPotion"},{"floor":13,"key":"Strength Potion"},{"floor":18,"key":"GamblersBrew"}],"is_trial":false,"path_per_floor":["M","?","M","M","M","R","M","R","T","M","$","M","M","?","R","B",null,"M","?","$"],"character_chosen":"IRONCLAD","items_purchased":["Evolve+1"],"campfire_rested":1,"item_purchase_floors":[20],"current_hp_per_floor":[77,77,78,77,75,75,74,74,74,64,64,63,61,43,67,23,66,19,19,19,2],"gold":34,"neow_bonus":"REMOVE_TWO","is_prod":false,"is_daily":false,"chose_seed":false,"campfire_upgraded":2,"win_rate":0,"timestamp":1533297326,"path_taken":["M","?","M","M","M","R","M","R","T","M","$","M","?","?","R","BOSS","M","?","$","?"],"build_version":"2018-08-02","purchased_purges":1,"victory":false,"max_hp_per_floor":[80,80,80,80,80,80,80,80,80,80,80,80,80,80,80,80,80,80,80,80,80],"card_choices":[{"not_picked":["Warcry","Ghostly Armor","Sword Boomerang"],"picked":"SKIP","floor":1},{"not_picked":["Clash","Heavy Blade","Sword Boomerang"],"picked":"SKIP","floor":3},{"not_picked":["Dropkick","Pommel Strike"],"picked":"Rampage","floor":4},{"not_picked":["Cleave","Armaments","Corruption"],"picked":"SKIP","floor":5},{"not_picked":["Havoc","Heavy Blade","Armaments"],"picked":"SKIP","floor":7},{"not_picked":["Pommel Strike","Clash","Exhume"],"picked":"SKIP","floor":10},{"not_picked":["Combust","Ghostly Armor","Warcry"],"picked":"SKIP","floor":12},{"not_picked":["Anger","Headbutt","Feel No Pain"],"picked":"SKIP","floor":13},{"not_picked":["Feed","Dark Embrace+1"],"picked":"Offering","floor":16},{"not_picked":["Rupture+1","Cleave","Iron Wave"],"picked":"SKIP","floor":18}],"player_experience":438186,"relics_obtained":[{"floor":9,"key":"Unceasing Top"}],"event_choices":[{"event_name":"The Cleric","player_choice":"Leave","floor":2,"damage_taken":0},{"event_name":"Scrap Ooze","player_choice":"success","floor":14,"damage_taken":18},{"event_name":"The Woman in Blue","player_choice":"Bought 0 Potions","floor":19,"damage_taken":0}],"is_beta":false,"boss_relics":[{"not_picked":["Calling Bell","Runic Dome"],"picked":"Black Blood"}],"items_purged_floors":[20],"is_endless":false,"potions_floor_spawned":[4,10,13,18],"killed_by":"2 Thieves","ascension_level":10}