{"gold_per_floor":[116,116,116,9,29,29,40,40,40,40,40,55,55,55,55,158,158,171,185,195,195],"floor_reached":21,"playtime":1067,"items_purged":[],"score":203,"play_id":"b25b7842-bc4c-4f61-b72e-de45fcbc9525","local_time":"20181014182319","is_ascension_mode":true,"campfire_choices":[{"data":"Discovery","floor":6,"key":"SMITH"},{"data":"Loop","floor":8,"key":"SMITH"},{"floor":15,"key":"REST"}],"neow_cost":"NONE","seed_source_timestamp":302998330744208,"circlet_count":0,"master_deck":["Strike_B","Strike_B","Strike_B","Defend_B","Defend_B","Defend_B","Defend_B","Zap","Dualcast","Ball Lightning","Loop+1","Capacitor+1","Discovery+1","Skim","Conserve Battery","Echo Form","Glacier+1","Conserve Battery","Coolheaded"],"relics":["Cracked Core","Blood Vial","Lantern","Eternal Feather"],"potions_floor_usage":[20,21],"damage_taken":[{"damage":22,"enemies":"Small Slimes","floor":1,"turns":3},{"damage":8,"enemies":"2 Louse","floor":5,"turns":2},{"damage":0,"enemies":"Jaw Worm","floor":7,"turns":3},{"damage":9,"enemies":"3 Louse","floor":12,"turns":2},{"damage":27,"enemies":"Slime Boss","floor":16,"turns":7},{"damage":28,"enemies":"Spheric Guardian","floor":18,"turns":4},{"damage":12,"enemies":"Shell Parasite","floor":19,"turns":10},{"damage":25,"enemies":"Snecko","floor":20,"turns":7},{"damage":19,"enemies":"Centurion and Healer","floor":21,"turns":8}],"seed_played":"9059249207262620358","potions_obtained":[{"floor":1,"key":"Dexterity Potion"},{"floor":7,"key":"Block Potion"},{"floor":12,"key":"SteroidPotion"},{"floor":20,"key":"SpeedPotion"}],"is_trial":false,"path_per_floor":["M","?","?","$","M","R","M","R","T","$","?","M","T","$","R","B",null,"M","M","M"],"character_chosen":"DEFECT","items_purchased":["Discovery"],"campfire_rested":1,"item_purchase_floors":[4],"current_hp_per_floor":[53,53,53,53,45,45,45,45,45,45,45,38,38,38,60,35,75,47,37,14,0],"gold":195,"neow_bonus":"THREE_CARDS","is_prod":false,"is_daily":false,"chose_seed":false,"campfire_upgraded":2,"win_rate":0,"timestamp":1539555799,"path_taken":["M","?","?","$","M","R","M","R","T","?","?","M","?","$","R","BOSS","M","?","M","M"],"build_version":"2018-10-11","purchased_purges":0,"victory":false,"max_hp_per_floor":[75,75,75,75,75,75,75,75,75,75,75,75,75,75,75,75,75,75,75,75,75],"card_choices":[{"not_picked":["Leap","Barrage"],"picked":"Ball Lightning","floor":0},{"not_picked":["Redo","Rebound"],"picked":"Loop","floor":1},{"not_picked":["Scrape","Streamline"],"picked":"Skim","floor":5},{"not_picked":["Compile Driver","Beam Cell","Genetic Algorithm"],"picked":"SKIP","floor":7},{"not_picked":["Rip and Tear","Cold Snap"],"picked":"Conserve Battery","floor":12},{"not_picked":["Hyperbeam","Machine Learning"],"picked":"Echo Form","floor":16},{"not_picked":["Fusion","Double Energy"],"picked":"Glacier+1","floor":18},{"not_picked":["Sweeping Beam","Loop"],"picked":"Conserve Battery","floor":19},{"not_picked":["Aggregate","Gash"],"picked":"Coolheaded","floor":20}],"player_experience":1286676,"relics_obtained":[{"floor":9,"key":"Blood Vial"},{"floor":13,"key":"Lantern"}],"event_choices":[{"event_name":"Golden Idol","player_choice":"Ignored","floor":2,"damage_taken":0},{"event_name":"Living Wall","player_choice":"Change","floor":3,"damage_taken":0},{"event_name":"Upgrade Shrine","player_choice":"Upgraded","floor":11,"damage_taken":0}],"is_beta":false,"boss_relics":[{"not_picked":["Coffee Dripper","Cursed Key"],"picked":"Eternal Feather"}],"items_purged_floors":[],"is_endless":false,"potions_floor_spawned":[1,7,12,20],"killed_by":"Centurion and Healer","ascension_level":4}