{"gold_per_floor":[118,118,43,90,90,90,101,1,1,1,33,33,46,58,58,155,155,168,184,184,197,27,27,27,47,73,89,89,89,108,120,120,120],"floor_reached":33,"playtime":709,"items_purged":["Strike_B","Doubt","Regret"],"score":297,"play_id":"b94612e1-d077-4b3d-a05b-574c7e4d852d","local_time":"20190516011946","is_ascension_mode":false,"campfire_choices":[{"data":"Tempest","floor":6,"key":"SMITH"},{"data":"Dualcast","floor":10,"key":"SMITH"},{"data":"Conserve Battery","floor":12,"key":"SMITH"},{"data":"Defend_B","floor":15,"key":"SMITH"},{"floor":23,"key":"REST"},{"floor":29,"key":"REST"},{"floor":32,"key":"REST"}],"neow_cost":"NONE","seed_source_timestamp":0,"circlet_count":0,"master_deck":["Strike_B+1","Strike_B+1","Defend_B","Defend_B","Defend_B","Defend_B+1","Zap+1","Dualcast+1","Tempest+1","Conserve Battery+1","Ball Lightning","Multi-Cast","Cold Snap","Tempest+1","Hologram","Double Energy","Regret","Fission","Shame","Stack+1","Capacitor"],"special_seed":0,"relics":["Cursed Key","Pen Nib","Bag of Marbles","Whetstone","Philosopher\u0027s Stone","Enchiridion","Smiling Mask","Shuriken"],"potions_floor_usage":[11,16,21,27],"damage_taken":[{"damage":3,"enemies":"Small Slimes","floor":1,"turns":3},{"damage":0,"enemies":"Cultist","floor":7,"turns":2},{"damage":16,"enemies":"Lagavulin","floor":11,"turns":4},{"damage":1,"enemies":"Jaw Worm","floor":13,"turns":2},{"damage":9,"enemies":"Red Slaver","floor":14,"turns":2},{"damage":2,"enemies":"Slime Boss","floor":16,"turns":3},{"damage":34,"enemies":"3 Byrds","floor":18,"turns":4},{"damage":2,"enemies":"Chosen","floor":19,"turns":3},{"damage":25,"enemies":"Snake Plant","floor":21,"turns":4},{"damage":11,"enemies":"3 Cultists","floor":25,"turns":4},{"damage":5,"enemies":"Centurion and Healer","floor":27,"turns":5},{"damage":2,"enemies":"Snecko","floor":30,"turns":3},{"damage":0,"enemies":"Chosen and Byrds","floor":31,"turns":2},{"damage":49,"enemies":"Champ","floor":33,"turns":7}],"seed_played":"2523626868100937421","potions_obtained":[{"floor":7,"key":"FocusPotion"},{"floor":14,"key":"AttackPotion"},{"floor":18,"key":"FearPotion"},{"floor":25,"key":"Poison Potion"},{"floor":30,"key":"Energy Potion"}],"is_trial":false,"path_per_floor":["M","?","$","T","?","R","M","$","T","R","E","R","M","M","R","B",null,"M","M","?","M","$","R","?","M","T","M","T","R","M","M","R","B"],"character_chosen":"DEFECT","items_purchased":["Hologram"],"campfire_rested":3,"item_purchase_floors":[22],"current_hp_per_floor":[72,72,72,72,72,72,72,72,72,72,56,56,55,46,46,44,75,41,39,39,14,14,36,20,9,9,4,4,26,24,24,46,0],"gold":120,"neow_bonus":"BOSS_RELIC","is_prod":false,"is_daily":false,"chose_seed":false,"campfire_upgraded":4,"win_rate":0,"timestamp":1557991186,"path_taken":["M","?","$","?","?","R","M","$","T","R","E","R","M","M","R","BOSS","M","M","?","M","$","R","?","M","T","M","?","R","M","M","R","BOSS"],"build_version":"2019-01-23","purchased_purges":3,"victory":false,"max_hp_per_floor":[75,75,75,75,75,75,75,75,75,75,75,75,75,75,75,75,75,75,75,75,75,75,75,75,75,75,75,75,75,75,75,75,75],"card_choices":[{"not_picked":["Rebound","Scrape"],"picked":"Tempest","floor":1},{"not_picked":["Go for the Eyes","Chill","Steam"],"picked":"SKIP","floor":7},{"not_picked":["Stack","Redo"],"picked":"Conserve Battery","floor":11},{"not_picked":["Cold Snap","Stack","Scrape"],"picked":"SKIP","floor":13},{"not_picked":["Glacier","Go for the Eyes"],"picked":"Ball Lightning","floor":14},{"not_picked":["Core Surge","All For One"],"picked":"Multi-Cast","floor":16},{"not_picked":["Steam","FTL","Lockon"],"picked":"SKIP","floor":18},{"not_picked":["Go for the Eyes","Gash"],"picked":"Cold Snap","floor":19},{"not_picked":["Defragment","Coolheaded"],"picked":"Tempest+1","floor":21},{"not_picked":["Chill","Streamline"],"picked":"Double Energy","floor":25},{"not_picked":["Conserve Battery","Rebound+1"],"picked":"Fission","floor":27},{"not_picked":["Sweeping Beam+1","Beam Cell"],"picked":"Stack+1","floor":30},{"not_picked":["Hologram","Turbo"],"picked":"Capacitor","floor":31}],"player_experience":1411000,"relics_obtained":[{"floor":4,"key":"Pen Nib"},{"floor":9,"key":"Bag of Marbles"},{"floor":11,"key":"Whetstone"},{"floor":24,"key":"Enchiridion"},{"floor":26,"key":"Smiling Mask"},{"floor":28,"key":"Shuriken"}],"event_choices":[{"cards_removed":["Strike_B"],"damage_healed":0,"gold_gain":0,"player_choice":"Purged","damage_taken":0,"max_hp_gain":0,"max_hp_loss":0,"event_name":"Purifier","floor":2,"gold_loss":0},{"damage_healed":0,"gold_gain":0,"player_choice":"Upgraded","damage_taken":0,"max_hp_gain":0,"max_hp_loss":0,"event_name":"Upgrade Shrine","floor":5,"gold_loss":0,"cards_upgraded":["Zap"]},{"damage_healed":0,"gold_gain":0,"player_choice":"Ignored","damage_taken":0,"max_hp_gain":0,"max_hp_loss":0,"event_name":"Vampires","floor":20,"gold_loss":0},{"damage_healed":0,"gold_gain":0,"player_choice":"Obtained Book","damage_taken":16,"max_hp_gain":0,"max_hp_loss":0,"event_name":"Cursed Tome","floor":24,"gold_loss":0}],"is_beta":false,"boss_relics":[{"not_picked":["Tiny House","Fusion Hammer"],"picked":"Philosopher\u0027s Stone"}],"items_purged_floors":[3,8,22],"is_endless":false,"potions_floor_spawned":[7,14,18,25,30],"killed_by":"Champ","ascension_level":0}