{"gold_per_floor":[116,71,71,131,56,56,117,147,196,226,237,137,153,165,165,266,266,283,158,174,224,128,155,0,0,53,53,53,53,103,119,119,217,217,237,254,304,354,404,404,95,145,225,225,275,275,602,652,652,652],"floor_reached":50,"playtime":5681,"items_purged":["Bash","Strike_R","Defend_R","Regret"],"score":542,"play_id":"fb675f97-62f5-47e6-b819-2044d8d49ed3","local_time":"20181209231203","is_ascension_mode":true,"campfire_choices":[{"floor":6,"key":"RECALL"},{"floor":15,"key":"REST"},{"floor":25,"key":"REST"},{"floor":27,"key":"REST"},{"data":"Combust","floor":29,"key":"SMITH"},{"floor":32,"key":"REST"},{"data":"Combust","floor":40,"key":"SMITH"},{"data":"Shrug It Off","floor":44,"key":"SMITH"},{"floor":46,"key":"REST"},{"floor":49,"key":"REST"}],"neow_cost":"NONE","seed_source_timestamp":274606166689645,"circlet_count":0,"master_deck":["Strike_R","Strike_R","Strike_R","Defend_R+1","Defend_R","Defend_R+1","Shrug It Off+1","Cleave","Combust+1","Combust+1","Iron Wave","Combust+1","Feed","Shrug It Off+1","Demon Form+1","Feed","Iron Wave","Juggernaut+1","Metallicize+1"],"relics":["Burning Blood","NeowsBlessing","SsserpentHead","War Paint","Happy Flower","Juzu Bracelet","Velvet Choker","Omamori","Frozen Egg 2","Calling Bell","Boot","The Courier","Turnip","Bottled Tornado","Old Coin"],"potions_floor_usage":[10,16,16,31,33,33,47,50],"damage_taken":[{"damage":0,"enemies":"2 Louse","floor":1,"turns":1},{"damage":0,"enemies":"Cultist","floor":4,"turns":1},{"damage":0,"enemies":"Small Slimes","floor":7,"turns":1},{"damage":18,"enemies":"3 Sentries","floor":8,"turns":6},{"damage":16,"enemies":"Lagavulin","floor":10,"turns":7},{"damage":13,"enemies":"Blue Slaver","floor":11,"turns":3},{"damage":6,"enemies":"Looter","floor":13,"turns":3},{"damage":13,"enemies":"Gremlin Gang","floor":14,"turns":2},{"damage":58,"enemies":"The Guardian","floor":16,"turns":12},{"damage":12,"enemies":"Chosen","floor":18,"turns":5},{"damage":13,"enemies":"2 Thieves","floor":20,"turns":4},{"damage":68,"enemies":"Gremlin Leader","floor":23,"turns":7},{"damage":17,"enemies":"Centurion and Healer","floor":31,"turns":5},{"damage":38,"enemies":"Automaton","floor":33,"turns":8},{"damage":26,"enemies":"3 Shapes","floor":35,"turns":4},{"damage":38,"enemies":"3 Darklings","floor":36,"turns":4},{"damage":57,"enemies":"Reptomancer","floor":47,"turns":5},{"damage":61,"enemies":"Awakened One","floor":50,"turns":3}],"seed_played":"-7609433402873358028","potions_obtained":[{"floor":1,"key":"PowerPotion"},{"floor":4,"key":"Strength Potion"},{"floor":8,"key":"PowerPotion"},{"floor":11,"key":"SkillPotion"},{"floor":18,"key":"Dexterity Potion"},{"floor":20,"key":"Swift Potion"},{"floor":33,"key":"Energy Potion"},{"floor":47,"key":"Regen Potion"}],"is_trial":false,"path_per_floor":["M","$","?","M","$","R","M","E","T","E","M","$","M","M","R","B",null,"M","$","M","?","$","E","?","R","T","R","$","R","?","M","R","B",null,"M","M","?","?","?","R","$","?","T","R","?","R","E","?","R","B"],"character_chosen":"IRONCLAD","items_purchased":["Shrug It Off","Omamori","Juggernaut+1","Metallicize+1"],"campfire_rested":6,"item_purchase_floors":[2,22,41,41],"current_hp_per_floor":[80,80,80,80,80,80,80,68,68,58,51,51,51,44,68,16,80,74,74,70,70,70,8,8,32,32,56,56,56,40,29,55,23,88,71,39,39,39,39,39,39,39,39,39,39,66,15,15,42,0],"gold":652,"neow_bonus":"THREE_ENEMY_KILL","is_prod":false,"is_daily":false,"chose_seed":false,"campfire_upgraded":3,"win_rate":0,"timestamp":1544418723,"path_taken":["M","$","?","?","$","R","?","E","T","E","M","$","M","M","R","BOSS","M","$","M","?","?","E","?","R","T","R","$","R","?","M","R","BOSS","M","M","?","?","?","R","$","?","T","R","?","R","E","?","R","BOSS"],"build_version":"2018-12-06","purchased_purges":4,"victory":false,"max_hp_per_floor":[80,80,80,80,80,80,80,80,80,80,80,80,80,80,80,80,80,80,80,83,83,83,83,83,83,83,83,83,83,88,88,88,88,88,91,91,91,91,91,91,91,91,91,91,91,91,91,91,91,91],"card_choices":[{"not_picked":["Whirlwind","True Grit","Sword Boomerang"],"picked":"SKIP","floor":1},{"not_picked":["Clash","Sever Soul"],"picked":"Cleave","floor":4},{"not_picked":["Warcry","Whirlwind"],"picked":"Combust","floor":7},{"not_picked":["Clothesline","True Grit","Fiend Fire"],"picked":"SKIP","floor":8},{"not_picked":["Pommel Strike","Warcry"],"picked":"Combust","floor":10},{"not_picked":["Rage","Thunderclap"],"picked":"Iron Wave","floor":11},{"not_picked":["Uppercut","Infernal Blade","Perfected Strike"],"picked":"SKIP","floor":13},{"not_picked":["True Grit","Rupture"],"picked":"Combust","floor":14},{"not_picked":["Impervious","Reaper"],"picked":"Feed","floor":16},{"not_picked":["Rupture+1","Perfected Strike+1"],"picked":"Shrug It Off+1","floor":18},{"not_picked":["Heavy Blade+1","Flex","Rampage+1"],"picked":"SKIP","floor":20},{"not_picked":["Carnage","Battle Trance","Uppercut"],"picked":"SKIP","floor":23},{"not_picked":["Clothesline","Cleave"],"picked":"Demon Form+1","floor":31},{"not_picked":["Impervious","Fiend Fire"],"picked":"Feed","floor":33},{"not_picked":["Perfected Strike+1","Ghostly Armor"],"picked":"Iron Wave","floor":35},{"not_picked":["Warcry","Fire Breathing+1","Demon Form+1"],"picked":"SKIP","floor":36},{"not_picked":["Anger","Thunderclap+1","Sever Soul"],"picked":"SKIP","floor":47}],"player_experience":139069,"relics_obtained":[{"floor":8,"key":"War Paint"},{"floor":9,"key":"Happy Flower"},{"floor":10,"key":"Juzu Bracelet"},{"floor":23,"key":"Frozen Egg 2"},{"floor":34,"key":"Boot"},{"floor":34,"key":"The Courier"},{"floor":34,"key":"Turnip"},{"floor":43,"key":"Bottled Tornado"},{"floor":47,"key":"Old Coin"}],"event_choices":[{"damage_healed":0,"gold_gain":0,"player_choice":"Trade","damage_taken":0,"relics_obtained":["SsserpentHead"],"max_hp_gain":0,"max_hp_loss":0,"event_name":"FaceTrader","floor":3,"gold_loss":0},{"damage_healed":0,"gold_gain":0,"player_choice":"Upgraded","damage_taken":0,"max_hp_gain":0,"max_hp_loss":0,"event_name":"Upgrade Shrine","floor":21,"gold_loss":0,"cards_upgraded":["Combust"]},{"damage_healed":0,"gold_gain":0,"player_choice":"Paid Fearfully","damage_taken":0,"max_hp_gain":0,"max_hp_loss":0,"event_name":"Masked Bandits","floor":24,"gold_loss":205},{"damage_healed":0,"gold_gain":0,"player_choice":"Shed Blood","damage_taken":21,"max_hp_gain":5,"max_hp_loss":0,"event_name":"Forgotten Altar","floor":30,"gold_loss":0},{"damage_healed":0,"gold_gain":0,"player_choice":"Ignored","damage_taken":0,"max_hp_gain":0,"max_hp_loss":0,"event_name":"Tomb of Lord Red Mask","floor":37,"gold_loss":0},{"damage_healed":0,"gold_gain":0,"player_choice":"Memory 1","damage_taken":0,"max_hp_gain":0,"max_hp_loss":0,"event_name":"SensoryStone","floor":38,"gold_loss":0},{"damage_healed":0,"gold_gain":0,"player_choice":"Ignored","damage_taken":0,"max_hp_gain":0,"max_hp_loss":0,"event_name":"SecretPortal","floor":39,"gold_loss":0},{"cards_removed":["Strike_R"],"damage_healed":0,"gold_gain":0,"player_choice":"Removed Attack","damage_taken":0,"max_hp_gain":0,"max_hp_loss":0,"event_name":"Falling","floor":42,"gold_loss":0},{"damage_healed":0,"gold_gain":0,"player_choice":"Bought 0 Potions","damage_taken":0,"max_hp_gain":0,"max_hp_loss":0,"event_name":"The Woman in Blue","floor":45,"gold_loss":0},{"damage_healed":0,"gold_gain":0,"player_choice":"Ignored","damage_taken":0,"max_hp_gain":0,"max_hp_loss":0,"event_name":"Mysterious Sphere","floor":48,"gold_loss":0}],"is_beta":false,"boss_relics":[{"not_picked":["Lizard Tail","Tiny House"],"picked":"Velvet Choker"},{"not_picked":["Orrery","Snecko Eye"],"picked":"Calling Bell"}],"items_purged_floors":[5,12,19,41],"is_endless":false,"potions_floor_spawned":[1,4,8,11,18,20,33,47],"killed_by":"Awakened One","ascension_level":1}