{"gold_per_floor":[19,19,39,0,17,17,31,57,109,119,119,138,51,66,66,145,145,164,264,276,201,213,213,225,225,225,240,240,240,23,23,23,98,98,117,169,183,193,193,193,193,35,111,111,128,138,138,148,148,148],"floor_reached":50,"playtime":2449,"items_purged":[],"score":828,"play_id":"c1f036b6-bb4d-4edb-b479-66c6fad5c330","local_time":"20190504234438","is_ascension_mode":true,"campfire_choices":[{"data":"Streamline","floor":6,"key":"SMITH"},{"data":"Storm","floor":11,"key":"SMITH"},{"data":"Conserve Battery","floor":15,"key":"SMITH"},{"data":"Electrodynamics","floor":23,"key":"SMITH"},{"data":"Creative AI","floor":25,"key":"SMITH"},{"data":"Dualcast","floor":28,"key":"SMITH"},{"floor":32,"key":"REST"},{"data":"Apotheosis","floor":40,"key":"SMITH"},{"data":"Melter","floor":41,"key":"SMITH"},{"data":"Machine Learning","floor":44,"key":"SMITH"},{"floor":49,"key":"REST"}],"neow_cost":"NO_GOLD","seed_source_timestamp":24293808382600,"circlet_count":0,"master_deck":["AscendersBane","Strike_B","Strike_B","Strike_B+1","Defend_B","Defend_B","Defend_B","Zap","Dualcast+1","Streamline+1","Streamline+1","Melter+1","Self Repair","Storm+1","Chill","Leap","Conserve Battery+1","Self Repair","Leap","Electrodynamics+1","Undo","Rebound+1","Rebound+1","Creative AI+1","Heatsinks","Apotheosis+1","Machine Learning+1","Machine Learning","Melter+1","FTL+1","Lockon+1","Seek","Defragment+1","Mind Blast+1","Bandage Up","Reinforced Body","FTL+1"],"relics":["Cracked Core","Mummified Hand","Whetstone","Velvet Choker","WingedGreaves","Molten Egg 2","Bronze Scales","Enchiridion","Black Star","Prayer Wheel","Oddly Smooth Stone","Happy Flower","Dodecahedron"],"potions_floor_usage":[19,19,33],"damage_taken":[{"damage":2,"enemies":"Jaw Worm","floor":1,"turns":3},{"damage":1,"enemies":"Cultist","floor":3,"turns":4},{"damage":0,"enemies":"Small Slimes","floor":5,"turns":2},{"damage":8,"enemies":"Blue Slaver","floor":7,"turns":3},{"damage":35,"enemies":"3 Sentries","floor":8,"turns":9},{"damage":3,"enemies":"Large Slime","floor":10,"turns":4},{"damage":6,"enemies":"Looter","floor":12,"turns":3},{"damage":20,"enemies":"Exordium Wildlife","floor":14,"turns":4},{"damage":6,"enemies":"The Guardian","floor":16,"turns":12},{"damage":31,"enemies":"Chosen","floor":18,"turns":5},{"damage":7,"enemies":"Colosseum Slavers","floor":19,"turns":4},{"damage":4,"enemies":"Colosseum Nobs","floor":19,"turns":4},{"damage":7,"enemies":"3 Byrds","floor":20,"turns":3},{"damage":27,"enemies":"Centurion and Healer","floor":22,"turns":7},{"damage":5,"enemies":"Cultist and Chosen","floor":24,"turns":4},{"damage":0,"enemies":"3 Cultists","floor":27,"turns":3},{"damage":47,"enemies":"Champ","floor":33,"turns":7},{"damage":3,"enemies":"Orb Walker","floor":35,"turns":3},{"damage":39,"enemies":"2 Orb Walkers","floor":36,"turns":4},{"damage":10,"enemies":"3 Shapes","floor":37,"turns":4},{"damage":5,"enemies":"Jaw Worm Horde","floor":38,"turns":4},{"damage":30,"enemies":"4 Shapes","floor":45,"turns":4},{"damage":20,"enemies":"Transient","floor":46,"turns":5},{"damage":15,"enemies":"Sphere and 2 Shapes","floor":48,"turns":3},{"damage":43,"enemies":"Donu and Deca","floor":50,"turns":2}],"seed_played":"5317427465615360884","potions_obtained":[{"floor":3,"key":"Energy Potion"},{"floor":5,"key":"Strength Potion"},{"floor":24,"key":"Energy Potion"},{"floor":27,"key":"Poison Potion"},{"floor":35,"key":"SpeedPotion"},{"floor":36,"key":"Fire Potion"}],"is_trial":false,"path_per_floor":["M","?","M","$","M","R","M","E","T","M","R","M","$","M","R","B",null,"M","?","M","?","M","R","M","R","T","M","R","?","$","?","R","B",null,"M","?","M","M","?","R","R","$","T","R","M","M","?","M","R","B"],"character_chosen":"DEFECT","items_purchased":["Melter","Self Repair","Apotheosis","Happy Flower"],"campfire_rested":2,"item_purchase_floors":[4,13,30,42],"current_hp_per_floor":[76,76,75,75,75,75,74,46,46,43,43,44,44,38,38,46,75,58,68,75,75,62,62,64,64,64,71,71,50,50,50,75,38,73,77,58,58,70,70,70,70,70,70,70,40,30,25,14,39,0],"gold":148,"neow_bonus":"TWENTY_PERCENT_HP_BONUS","is_prod":false,"is_daily":false,"chose_seed":false,"campfire_upgraded":9,"win_rate":0,"timestamp":1557027878,"path_taken":["M","?","M","?","M","R","M","E","T","M","R","M","$","?","R","BOSS","M","?","M","?","M","R","M","R","T","M","R","?","?","?","R","BOSS","M","?","M","M","?","R","R","$","T","R","M","?","?","M","R","BOSS"],"build_version":"2019-01-23","purchased_purges":0,"victory":false,"max_hp_per_floor":[85,85,85,85,85,85,85,85,85,85,85,85,85,85,85,85,85,85,85,85,85,85,85,85,85,85,85,85,85,85,85,85,85,85,85,85,85,85,85,85,85,85,85,85,85,85,85,85,85,85],"card_choices":[{"not_picked":["Steam","Ball Lightning"],"picked":"Streamline","floor":1},{"not_picked":["Cold Snap","Rebound"],"picked":"Streamline","floor":3},{"not_picked":["Beam Cell","Sweeping Beam"],"picked":"Self Repair","floor":5},{"not_picked":["Skim","Rainbow"],"picked":"Storm","floor":7},{"not_picked":["Lockon","Darkness"],"picked":"Chill","floor":8},{"not_picked":["Doom and Gloom","Ball Lightning"],"picked":"Leap","floor":10},{"not_picked":["Ball Lightning","Coolheaded"],"picked":"Conserve Battery","floor":12},{"not_picked":["Ball Lightning","Cold Snap"],"picked":"Leap","floor":14},{"not_picked":["Buffer","Core Surge"],"picked":"Electrodynamics","floor":16},{"not_picked":["Go for the Eyes","Redo"],"picked":"Undo","floor":18},{"not_picked":["Stack","Skim+1"],"picked":"Rebound+1","floor":19},{"not_picked":["Steam","Coolheaded","Stack"],"picked":"SKIP","floor":20},{"not_picked":["Glacier","Barrage+1"],"picked":"Rebound+1","floor":22},{"not_picked":["Hologram+1","Tempest"],"picked":"Creative AI","floor":24},{"not_picked":["Go for the Eyes+1","Gash+1"],"picked":"Heatsinks","floor":27},{"not_picked":["Buffer","Amplify"],"picked":"Machine Learning","floor":33},{"not_picked":["Gash+1","Turbo+1","Cold Snap+1"],"picked":"SKIP","floor":35},{"not_picked":["Compile Driver+1","Aggregate"],"picked":"Machine Learning","floor":37},{"not_picked":["Steam","Sunder+1"],"picked":"Melter+1","floor":37},{"not_picked":["Beam Cell+1","Ball Lightning+1"],"picked":"FTL+1","floor":38},{"not_picked":["Sweeping Beam+1","Rebound+1","Ball Lightning+1"],"picked":"SKIP","floor":38},{"not_picked":["Reprogram+1","Rebound+1"],"picked":"Lockon+1","floor":45},{"not_picked":["Barrage+1","Genetic Algorithm","Sunder+1"],"picked":"SKIP","floor":45},{"not_picked":["Rebound+1","Leap"],"picked":"Seek","floor":46},{"not_picked":["Hologram","Conserve Battery"],"picked":"Defragment+1","floor":46},{"not_picked":["Secret Weapon","Blind"],"picked":"Mind Blast+1","floor":47},{"not_picked":["Enlightenment","Secret Technique"],"picked":"Bandage Up","floor":47},{"not_picked":["Beam Cell+1","Lockon+1"],"picked":"Reinforced Body","floor":48},{"not_picked":["Hello World+1","Cold Snap+1"],"picked":"FTL+1","floor":48}],"player_experience":2887235,"relics_obtained":[{"floor":8,"key":"Mummified Hand"},{"floor":9,"key":"Whetstone"},{"floor":19,"key":"WingedGreaves"},{"floor":19,"key":"Molten Egg 2"},{"floor":26,"key":"Bronze Scales"},{"floor":29,"key":"Enchiridion"},{"floor":36,"key":"Prayer Wheel"},{"floor":43,"key":"Dodecahedron"}],"event_choices":[{"cards_removed":["Strike_B"],"damage_healed":0,"gold_gain":0,"player_choice":"Offered Basic","damage_taken":0,"max_hp_gain":0,"max_hp_loss":0,"event_name":"Bonfire Elementals","floor":2,"gold_loss":0},{"damage_healed":0,"gold_gain":0,"player_choice":"Fight","damage_taken":0,"max_hp_gain":0,"max_hp_loss":0,"event_name":"Colosseum","floor":19,"gold_loss":0},{"damage_healed":0,"gold_gain":0,"player_choice":"Fought Nobs","damage_taken":0,"max_hp_gain":0,"max_hp_loss":0,"event_name":"Colosseum","floor":19,"gold_loss":0},{"cards_removed":["Defend_B"],"damage_healed":0,"gold_gain":0,"player_choice":"Gave Gold","damage_taken":0,"max_hp_gain":0,"max_hp_loss":0,"event_name":"Beggar","floor":21,"gold_loss":75},{"damage_healed":0,"gold_gain":0,"player_choice":"Obtained Book","damage_taken":21,"max_hp_gain":0,"max_hp_loss":0,"event_name":"Cursed Tome","floor":29,"gold_loss":0},{"damage_healed":0,"gold_gain":0,"player_choice":"Ignored","damage_taken":0,"max_hp_gain":0,"max_hp_loss":0,"event_name":"Vampires","floor":31,"gold_loss":0},{"damage_healed":0,"gold_gain":0,"player_choice":"Fight","damage_taken":0,"max_hp_gain":0,"max_hp_loss":0,"event_name":"Mysterious Sphere","floor":36,"gold_loss":0},{"damage_healed":0,"gold_gain":0,"player_choice":"Gave Potion","damage_taken":0,"relics_obtained":["Oddly Smooth Stone"],"max_hp_gain":0,"max_hp_loss":0,"event_name":"WeMeetAgain","floor":39,"gold_loss":0},{"damage_healed":0,"gold_gain":0,"player_choice":"Memory 2","damage_taken":5,"max_hp_gain":0,"max_hp_loss":0,"event_name":"SensoryStone","floor":47,"gold_loss":0}],"is_beta":false,"boss_relics":[{"not_picked":["Astrolabe","Fusion Hammer"],"picked":"Velvet Choker"},{"not_picked":["Calling Bell","Runic Dome"],"picked":"Black Star"}],"items_purged_floors":[],"is_endless":false,"potions_floor_spawned":[3,5,7,12,16,19,24,27,35,36],"killed_by":"Donu and Deca","ascension_level":16}