{"gold_per_floor":[115,134,309,309,325,325,337,337,337,165,165,165,165,183,183,284,284,299,314,314,314,314,328,342,342,342,342],"floor_reached":27,"playtime":1851,"items_purged":[],"score":305,"play_id":"0a553313-d03d-4076-b488-1fe35f806dc9","local_time":"20190312200923","is_ascension_mode":true,"campfire_choices":[{"floor":6.0,"key":"REST"},{"data":"Catalyst","floor":12.0,"key":"SMITH"},{"data":"The Bomb","floor":15.0,"key":"SMITH"},{"floor":25,"key":"REST"}],"neow_cost":"PERCENT_DAMAGE","seed_source_timestamp":0,"circlet_count":0,"master_deck":["AscendersBane","Defend_G","Defend_G","Defend_G","Strike_G","Strike_G","Strike_G","Survivor","Neutralize","Deadly Poison","All Out Attack","Corpse Explosion","Catalyst+1","The Bomb+1","Caltrops","Tools of the Trade","Bane","Sucker Punch+1","Decay","Necronomicurse","Footwork+1","Prepared"],"special_seed":0,"relics":["Ring of the Snake","Blue Candle","Matryoshka","Strawberry","Empty Cage","Necronomicon","Bag of Marbles","Frozen Egg 2"],"potions_floor_usage":[24,27],"damage_taken":[{"damage":2.0,"enemies":"Small Slimes","floor":1.0,"turns":4.0},{"damage":1.0,"enemies":"2 Louse","floor":2.0,"turns":4.0},{"damage":4.0,"enemies":"Cultist","floor":5.0,"turns":3.0},{"damage":6.0,"enemies":"Looter","floor":7.0,"turns":3.0},{"damage":0.0,"enemies":"2 Fungi Beasts","floor":14.0,"turns":2.0},{"damage":33.0,"enemies":"Hexaghost","floor":16.0,"turns":8.0},{"damage":15.0,"enemies":"Chosen","floor":18.0,"turns":5.0},{"damage":1.0,"enemies":"3 Byrds","floor":19.0,"turns":3.0},{"damage":6.0,"enemies":"3 Cultists","floor":23.0,"turns":3.0},{"damage":18,"enemies":"Centurion and Healer","floor":24,"turns":4},{"damage":32,"enemies":"Sentry and Sphere","floor":27,"turns":4}],"seed_played":"8340589121916987054","potions_obtained":[{"floor":2.0,"key":"SpeedPotion"},{"floor":7.0,"key":"Swift Potion"},{"floor":14.0,"key":"PowerPotion"},{"floor":16.0,"key":"Block Potion"},{"floor":18.0,"key":"PowerPotion"},{"floor":23.0,"key":"Swift Potion"}],"is_trial":false,"path_per_floor":["M","M","?","?","M","R","M","?","T","$","?","R","?","M","R","B",null,"M","M","?","?","?","M","M","R","T","M"],"character_chosen":"THE_SILENT","items_purchased":["The Bomb"],"campfire_rested":2,"item_purchase_floors":[10],"current_hp_per_floor":[43,42,42,42,38,59,53,53,53,53,53,53,48,48,48,15,62,47,46,46,46,30,24,6,29,29,0],"gold":342,"neow_bonus":"REMOVE_TWO","is_prod":false,"is_daily":false,"chose_seed":false,"campfire_upgraded":2,"win_rate":0,"timestamp":1552435763,"path_taken":["M","M","?","?","?","R","M","?","T","$","?","R","?","M","R","BOSS","M","M","?","?","?","M","M","R","T","M"],"build_version":"2019-01-23","purchased_purges":0,"victory":false,"max_hp_per_floor":[70,70,70,70,70,70,70,70,70,70,70,70,77,77,77,77,77,77,77,77,77,77,77,77,77,77,77],"card_choices":[{"not_picked":["Escape Plan","Slice"],"picked":"Deadly Poison","floor":1.0},{"not_picked":["Slice","Dodge and Roll"],"picked":"All Out Attack","floor":2.0},{"not_picked":["Well Laid Plans","Dagger Throw"],"picked":"Corpse Explosion","floor":5.0},{"not_picked":["Deadly Poison","Infinite Blades"],"picked":"Catalyst","floor":7.0},{"not_picked":["Sucker Punch","Cloak And Dagger"],"picked":"Caltrops","floor":14.0},{"not_picked":["A Thousand Cuts","Doppelganger"],"picked":"Tools of the Trade","floor":16.0},{"not_picked":["Choke","Caltrops"],"picked":"Bane","floor":18.0},{"not_picked":["Infinite Blades+1","Predator"],"picked":"Sucker Punch+1","floor":19.0},{"not_picked":["Backflip","Slice+1"],"picked":"Footwork+1","floor":23.0},{"not_picked":["Skewer","Underhanded Strike"],"picked":"Prepared","floor":24}],"player_experience":2387187,"relics_obtained":[{"floor":9.0,"key":"Blue Candle"},{"floor":22.0,"key":"Necronomicon"},{"floor":26,"key":"Bag of Marbles"},{"floor":26,"key":"Frozen Egg 2"}],"event_choices":[{"damage_healed":0.0,"max_hp_gain":0.0,"max_hp_loss":0.0,"gold_gain":175.0,"event_name":"Liars Game","player_choice":"AGREE","floor":3.0,"gold_loss":0.0,"damage_taken":0.0,"cards_obtained":["Doubt"]},{"cards_removed":["Doubt"],"damage_healed":0.0,"max_hp_gain":0.0,"max_hp_loss":0.0,"gold_gain":0.0,"event_name":"Purifier","player_choice":"Purged","floor":4.0,"gold_loss":0.0,"damage_taken":0.0},{"damage_healed":0.0,"max_hp_gain":0.0,"max_hp_loss":0.0,"gold_gain":0.0,"event_name":"Shining Light","player_choice":"Ignored","floor":8.0,"gold_loss":0.0,"damage_taken":0.0},{"damage_healed":0.0,"max_hp_gain":0.0,"max_hp_loss":0.0,"gold_gain":0.0,"event_name":"Dead Adventurer","player_choice":"Searched \u00271\u0027 times","floor":11.0,"gold_loss":0.0,"damage_taken":0.0,"relics_obtained":["Matryoshka"]},{"damage_healed":0.0,"max_hp_gain":0.0,"max_hp_loss":0.0,"gold_gain":0.0,"event_name":"Scrap Ooze","player_choice":"Success","floor":13.0,"gold_loss":0.0,"damage_taken":12.0,"relics_obtained":["Strawberry"]},{"damage_healed":0.0,"max_hp_gain":0.0,"max_hp_loss":0.0,"gold_gain":0.0,"event_name":"Ghosts","player_choice":"Ignored","floor":20.0,"gold_loss":0.0,"damage_taken":0.0},{"damage_healed":0.0,"max_hp_gain":0.0,"max_hp_loss":0.0,"gold_gain":0.0,"event_name":"Forgotten Altar","player_choice":"Smashed Altar","floor":21.0,"gold_loss":0.0,"damage_taken":0.0,"cards_obtained":["Decay"]},{"damage_healed":0.0,"max_hp_gain":0.0,"max_hp_loss":0.0,"gold_gain":0.0,"event_name":"Cursed Tome","player_choice":"Obtained Book","floor":22.0,"gold_loss":0.0,"damage_taken":16.0}],"is_beta":false,"boss_relics":[{"not_picked":["Orrery","Busted Crown"],"picked":"Empty Cage"}],"items_purged_floors":[],"is_endless":false,"potions_floor_spawned":[2,7,14,16,18,23],"killed_by":"Sentry and Sphere","ascension_level":10}