{"gold_per_floor":[111,111,211,234,234,234,252,252,252,293,150,150,184,204,204,330,330,350,350,350,107,121,157,157,177,203,216,257,276,310,334,334,463,501,524,545,560,660,673,673,709,584,584,618,618,62,62,62,62,62],"floor_reached":51,"playtime":3147,"items_purged":["Strike_R","Defend_R","Defend_R","Defend_R"],"score":1122,"play_id":"035986ae-3719-4da2-a260-2147b854fb78","local_time":"20180626175041","is_ascension_mode":true,"campfire_choices":[{"data":"Reaper","floor":6,"key":"SMITH"},{"data":"Bash","floor":8,"key":"SMITH"},{"data":"Inflame","floor":12,"key":"SMITH"},{"data":"Rage","floor":15,"key":"SMITH"},{"floor":24,"key":"REST"},{"floor":32,"key":"REST"},{"floor":40,"key":"REST"},{"floor":47,"key":"REST"},{"floor":49,"key":"REST"}],"neow_cost":"FIFTY_PERCENT_DAMAGE","seed_source_timestamp":848384176504870,"circlet_count":0,"master_deck":["Strike_R","Strike_R","Strike_R","Defend_R","Bash+1","Reaper+1","Evolve","Dropkick","Inflame+1","Rage+1","Fiend Fire","Thunderclap","Rage","Battle Trance","Demon Form+1","Heavy Blade+1","Madness","Madness","Fiend Fire"],"relics":["Burning Blood","Golden Idol","Mummified Hand","Boot","Vajra","Shuriken","Fusion Hammer","Singing Bowl","Bag of Preparation","Lantern","Kunai","Centennial Puzzle","Tiny House","Matryoshka","Orichalcum","Art of War","Gambling Chip","Bottled Tornado"],"potions_floor_usage":[10,10,16,23,30,33,44,50,50],"damage_taken":[{"damage":14,"enemies":"Jaw Worm","floor":1,"turns":5},{"damage":8,"enemies":"Small Slimes","floor":4,"turns":7},{"damage":8,"enemies":"2 Louse","floor":7,"turns":3},{"damage":22,"enemies":"3 Sentries","floor":10,"turns":6},{"damage":35,"enemies":"Lagavulin","floor":13,"turns":5},{"damage":21,"enemies":"Lots of Slimes","floor":14,"turns":4},{"damage":13,"enemies":"Slime Boss","floor":16,"turns":8},{"damage":8,"enemies":"2 Thieves","floor":18,"turns":3},{"damage":0,"enemies":"Chosen","floor":22,"turns":4},{"damage":38,"enemies":"Gremlin Leader","floor":23,"turns":5},{"damage":31,"enemies":"Centurion and Healer","floor":25,"turns":5},{"damage":0,"enemies":"Snake Plant","floor":27,"turns":3},{"damage":21,"enemies":"Slavers","floor":28,"turns":5},{"damage":10,"enemies":"3 Cultists","floor":29,"turns":4},{"damage":30,"enemies":"Book of Stabbing","floor":30,"turns":5},{"damage":5,"enemies":"Snecko","floor":31,"turns":4},{"damage":23,"enemies":"Collector","floor":33,"turns":5},{"damage":18,"enemies":"3 Shapes","floor":35,"turns":3},{"damage":19,"enemies":"Orb Walker","floor":36,"turns":4},{"damage":14,"enemies":"Sphere and 2 Shapes","floor":37,"turns":3},{"damage":43,"enemies":"Maw","floor":39,"turns":7},{"damage":3,"enemies":"Giant Head","floor":41,"turns":5},{"damage":43,"enemies":"2 Orb Walkers","floor":44,"turns":4},{"damage":88,"enemies":"Donu and Deca","floor":50,"turns":6}],"seed_played":"8539250497632318312","potions_obtained":[{"floor":1,"key":"PowerPotion"},{"floor":7,"key":"Fire Potion"},{"floor":13,"key":"Weak Potion"},{"floor":16,"key":"Fire Potion"},{"floor":22,"key":"Strength Potion"},{"floor":25,"key":"SpeedPotion"},{"floor":28,"key":"Regen Potion"},{"floor":29,"key":"GamblersBrew"},{"floor":34,"key":"Weak Potion"},{"floor":35,"key":"SteroidPotion"},{"floor":48,"key":"Fire Potion"},{"floor":48,"key":"Poison Potion"}],"is_trial":false,"path_per_floor":["M","?","?","M","T","R","M","R","T","E","$","R","E","M","R","B",null,"M","?","?","$","M","E","R","M","T","M","E","M","E","M","R","B",null,"M","M","M","?","M","R","E","$","T","E","?","$","R","?","R","B"],"character_chosen":"IRONCLAD","items_purchased":["Inflame","Singing Bowl","Bottled Tornado","Fiend Fire"],"campfire_rested":5,"item_purchase_floors":[11,21,46,46],"current_hp_per_floor":[34,34,34,36,36,36,44,44,44,43,43,43,27,36,36,43,66,74,74,74,74,74,76,76,63,63,79,77,82,75,81,86,86,93,94,83,91,91,84,99,101,101,101,95,82,82,103,103,103,58],"gold":62,"neow_bonus":"THREE_RARE_CARDS","is_prod":false,"is_daily":false,"chose_seed":false,"campfire_upgraded":4,"win_rate":0,"timestamp":1530028241,"path_taken":["M","?","?","?","?","R","M","R","T","E","$","R","E","M","R","BOSS","M","?","?","$","M","E","R","M","T","M","E","M","E","M","R","BOSS","M","M","M","?","M","R","E","$","T","E","?","$","R","?","R","BOSS"],"build_version":"2018-06-21v2","purchased_purges":4,"victory":true,"max_hp_per_floor":[80,74,74,74,74,74,74,74,74,74,74,74,74,74,74,74,74,74,74,74,74,74,76,76,78,78,80,82,82,84,86,86,86,93,95,97,99,99,99,99,101,101,101,103,103,103,103,103,103,103],"card_choices":[{"not_picked":["Bludgeon","Exhume"],"picked":"Reaper","floor":0},{"not_picked":["Battle Trance","Anger"],"picked":"Evolve","floor":1},{"not_picked":["Perfected Strike","Heavy Blade","Warcry"],"picked":"SKIP","floor":4},{"not_picked":["Iron Wave","Limit Break","Intimidate"],"picked":"SKIP","floor":7},{"not_picked":["Pommel Strike","Twin Strike"],"picked":"Dropkick","floor":10},{"not_picked":["Twin Strike","Impervious"],"picked":"Rage","floor":13},{"not_picked":["Disarm","True Grit","Pommel Strike"],"picked":"SKIP","floor":14},{"not_picked":["Brutality","Exhume"],"picked":"Fiend Fire","floor":16},{"not_picked":["Havoc","Armaments","Wild Strike"],"picked":"SKIP","floor":18},{"not_picked":["Warcry+1","True Grit+1"],"picked":"Rage","floor":22},{"not_picked":["True Grit+1","Shrug It Off+1","Thunderclap+1"],"picked":"Singing Bowl","floor":23},{"not_picked":["Clothesline","Headbutt","Havoc+1"],"picked":"Singing Bowl","floor":25},{"not_picked":["Cleave","Dual Wield","Disarm"],"picked":"Singing Bowl","floor":27},{"not_picked":["Intimidate","Burning Pact","Thunderclap"],"picked":"Singing Bowl","floor":28},{"not_picked":["Armaments","Iron Wave"],"picked":"Battle Trance","floor":29},{"not_picked":["Impervious","Carnage","True Grit"],"picked":"Singing Bowl","floor":30},{"not_picked":["Armaments","Clothesline","Shrug It Off"],"picked":"Singing Bowl","floor":31},{"not_picked":["Exhume","Immolate"],"picked":"Demon Form","floor":33},{"not_picked":["Headbutt","Ghostly Armor","Anger"],"picked":"Singing Bowl","floor":34},{"not_picked":["Feel No Pain","Shrug It Off","Spot Weakness+1"],"picked":"Singing Bowl","floor":35},{"not_picked":["Perfected Strike","Infernal Blade+1","Shrug It Off+1"],"picked":"Singing Bowl","floor":36},{"not_picked":["Havoc+1","Shrug It Off","Rampage"],"picked":"Singing Bowl","floor":37},{"not_picked":["Fire Breathing","Anger"],"picked":"Heavy Blade+1","floor":39},{"not_picked":["Body Slam+1","Havoc+1","Flex+1"],"picked":"Singing Bowl","floor":41},{"not_picked":["True Grit","Rupture","Havoc"],"picked":"Singing Bowl","floor":44}],"player_experience":353096,"relics_obtained":[{"floor":5,"key":"Mummified Hand"},{"floor":9,"key":"Boot"},{"floor":10,"key":"Vajra"},{"floor":13,"key":"Shuriken"},{"floor":23,"key":"Bag of Preparation"},{"floor":26,"key":"Lantern"},{"floor":28,"key":"Kunai"},{"floor":30,"key":"Centennial Puzzle"},{"floor":41,"key":"Matryoshka"},{"floor":43,"key":"Orichalcum"},{"floor":43,"key":"Art of War"},{"floor":44,"key":"Gambling Chip"}],"event_choices":[{"event_name":"Golden Idol","player_choice":"Lose Max HP","floor":2,"damage_taken":0},{"event_name":"Golden Shrine","player_choice":"Pray","floor":3,"damage_taken":0},{"event_name":"Ghosts","player_choice":"Ignored","floor":19,"damage_taken":0},{"event_name":"Transmorgrifier","player_choice":"Transform","floor":20,"damage_taken":0},{"event_name":"Golden Shrine","player_choice":"Pray","floor":38,"damage_taken":0},{"event_name":"Winding Halls","player_choice":"Embrace Madness","floor":45,"damage_taken":0},{"event_name":"The Lab","player_choice":"Got Potions","floor":48,"damage_taken":0}],"boss_relics":[{"not_picked":["Philosopher\u0027s Stone","Runic Cube"],"picked":"Fusion Hammer"},{"not_picked":["Lizard Tail","Snecko Eye"],"picked":"Tiny House"}],"items_purged_floors":[11,21,42,46],"is_endless":false,"potions_floor_spawned":[1,7,13,16,22,25,28,29,35],"ascension_level":8}