{"gold_per_floor":[115,40,54,19,34,34,59,73,99,23,0,0,28,47,47,47],"floor_reached":16,"playtime":717,"items_purged":["Strike_R"],"score":204,"play_id":"d72baeec-5d59-42cf-8ced-540d8b43df74","local_time":"20190423143112","is_ascension_mode":true,"campfire_choices":[{"data":"Finesse","floor":6.0,"key":"SMITH"},{"floor":15.0,"key":"REST"}],"neow_cost":"NONE","seed_source_timestamp":0,"circlet_count":0,"master_deck":["AscendersBane","Strike_R","Strike_R","Strike_R","Strike_R","Defend_R+1","Defend_R+1","Defend_R","Defend_R","Bash","Finesse+1","Dropkick","Burning Pact","Warcry","Wild Strike","Dropkick","Headbutt","True Grit"],"special_seed":0,"relics":["Burning Blood","War Paint","Anchor","Dream Catcher"],"potions_floor_usage":[16,16],"damage_taken":[{"damage":17.0,"enemies":"Jaw Worm","floor":1.0,"turns":3.0},{"damage":8.0,"enemies":"2 Louse","floor":3.0,"turns":3.0},{"damage":5.0,"enemies":"Cultist","floor":5.0,"turns":4.0},{"damage":51.0,"enemies":"Lagavulin","floor":7.0,"turns":9.0},{"damage":10.0,"enemies":"Large Slime","floor":8.0,"turns":6.0},{"damage":24.0,"enemies":"Gremlin Nob","floor":13.0,"turns":4.0},{"damage":1.0,"enemies":"Exordium Wildlife","floor":14.0,"turns":3.0},{"damage":34,"enemies":"Slime Boss","floor":16,"turns":9}],"seed_played":"2487572530576917819","potions_obtained":[{"floor":3.0,"key":"SneckoOil"},{"floor":7.0,"key":"Fire Potion"},{"floor":13.0,"key":"SkillPotion"},{"floor":14.0,"key":"SteroidPotion"}],"is_trial":false,"path_per_floor":["M","$","M","?","M","R","E","M","T","$","?","?","E","M","R","B"],"character_chosen":"IRONCLAD","items_purchased":["Dropkick"],"campfire_rested":1,"item_purchase_floors":[10],"current_hp_per_floor":[57,57,55,73,74,74,29,25,25,25,25,25,7,12,34,0],"gold":47,"neow_bonus":"RANDOM_COLORLESS","is_prod":false,"is_daily":false,"chose_seed":false,"campfire_upgraded":1,"win_rate":0,"timestamp":1556038872,"path_taken":["M","$","M","?","M","R","E","M","T","$","?","?","E","M","R","BOSS"],"build_version":"2019-01-23","purchased_purges":1,"victory":false,"max_hp_per_floor":[75,75,75,75,75,75,75,75,75,75,75,75,75,75,75,75],"card_choices":[{"not_picked":["Thunderclap","Hemokinesis"],"picked":"Dropkick","floor":1.0},{"not_picked":["Intimidate","Clash"],"picked":"Burning Pact","floor":3.0},{"not_picked":["Heavy Blade","Intimidate","Clash"],"picked":"SKIP","floor":5.0},{"not_picked":["Dark Embrace","Combust"],"picked":"Warcry","floor":7.0},{"not_picked":["Clothesline","Infernal Blade"],"picked":"Wild Strike","floor":8.0},{"not_picked":["Clash","Flex","Whirlwind"],"picked":"SKIP","floor":13.0},{"not_picked":["Havoc","Body Slam"],"picked":"Headbutt","floor":14.0},{"not_picked":["Second Wind","Shrug It Off"],"picked":"True Grit","floor":15.0}],"player_experience":1147905,"relics_obtained":[{"floor":7.0,"key":"War Paint"},{"floor":9.0,"key":"Anchor"},{"floor":13.0,"key":"Dream Catcher"}],"event_choices":[{"damage_healed":18.0,"max_hp_gain":0.0,"max_hp_loss":0.0,"gold_gain":0.0,"event_name":"The Cleric","player_choice":"Healed","floor":4.0,"gold_loss":35.0,"damage_taken":0.0},{"damage_healed":0.0,"max_hp_gain":0.0,"max_hp_loss":0.0,"gold_gain":0.0,"event_name":"World of Goop","player_choice":"Left Gold","floor":11.0,"gold_loss":23.0,"damage_taken":0.0},{"damage_healed":0.0,"max_hp_gain":0.0,"max_hp_loss":0.0,"gold_gain":0.0,"event_name":"Liars Game","player_choice":"Ignored","floor":12.0,"gold_loss":0.0,"damage_taken":0.0}],"is_beta":false,"boss_relics":[],"items_purged_floors":[2],"is_endless":false,"potions_floor_spawned":[3,7,13,14],"killed_by":"Slime Boss","ascension_level":17}