{"gold_per_floor":[118,129,144,144,144,144,169,169,199,214,214,214,314,328,328,456,456,475,249,549,574,574,574,277,295,319,344,360,384,384,407,407,528,528,541,541,562,578,594,594,366,366,390,723,751,164,164,182,182,182],"floor_reached":51,"playtime":1943,"items_purged":["Strike_B","Strike_B","BootSequence","Double Energy"],"score":696,"play_id":"0a47d1a3-2de3-46a0-b797-767aaaed28bc","local_time":"20190517020611","is_ascension_mode":false,"campfire_choices":[{"data":"Dualcast","floor":6,"key":"SMITH"},{"data":"Conserve Battery","floor":8,"key":"SMITH"},{"data":"Ball Lightning","floor":12,"key":"SMITH"},{"data":"Loop","floor":15,"key":"SMITH"},{"data":"Rip and Tear","floor":23,"key":"SMITH"},{"data":"Loop","floor":30,"key":"SMITH"},{"floor":32,"key":"REST"},{"data":"Capacitor","floor":40,"key":"SMITH"},{"floor":47,"key":"REST"},{"floor":49,"key":"REST"}],"neow_cost":"NONE","seed_source_timestamp":0,"circlet_count":0,"master_deck":["Zap+1","Dualcast+1","Rebound","Ball Lightning+1","Conserve Battery+1","Core Surge+1","Cold Snap","Loop+1","Reboot","Rip and Tear+1","Ball Lightning+1","Conserve Battery","Loop+1","Steam","Reinforced Body","White Noise","Electrodynamics","Capacitor+1","Ball Lightning","Doom and Gloom","Coolheaded","Cold Snap+1","Conserve Battery","Stack","Coolheaded","Hologram","Trip","Blizzard+1"],"special_seed":0,"relics":["White Beast Statue","Tiny Chest","Busted Crown","Bronze Scales","Old Coin","Centennial Puzzle","Pandora\u0027s Box","Molten Egg 2","Whetstone","Mummified Hand","ClockworkSouvenir"],"potions_floor_usage":[3,7,10,10,16,27,27,27,31,33,33,33,37,38,45,50,50,50],"damage_taken":[{"damage":5,"enemies":"Cultist","floor":1,"turns":4},{"damage":2,"enemies":"Jaw Worm","floor":2,"turns":4},{"damage":0,"enemies":"2 Louse","floor":3,"turns":2},{"damage":0,"enemies":"Lots of Slimes","floor":7,"turns":4},{"damage":0,"enemies":"Exordium Thugs","floor":10,"turns":4},{"damage":6,"enemies":"3 Louse","floor":14,"turns":3},{"damage":10,"enemies":"The Guardian","floor":16,"turns":11},{"damage":6,"enemies":"3 Byrds","floor":18,"turns":5},{"damage":6,"enemies":"Shell Parasite","floor":21,"turns":6},{"damage":0,"enemies":"Centurion and Healer","floor":25,"turns":6},{"damage":11,"enemies":"Sentry and Sphere","floor":27,"turns":4},{"damage":0,"enemies":"Chosen and Byrds","floor":28,"turns":4},{"damage":9,"enemies":"Centurion and Healer","floor":29,"turns":6},{"damage":3,"enemies":"Snecko","floor":31,"turns":3},{"damage":9,"enemies":"Automaton","floor":33,"turns":10},{"damage":0,"enemies":"Orb Walker","floor":35,"turns":3},{"damage":11,"enemies":"3 Darklings","floor":37,"turns":4},{"damage":2,"enemies":"Writhing Mass","floor":38,"turns":4},{"damage":10,"enemies":"Spire Growth","floor":39,"turns":5},{"damage":26,"enemies":"Giant Head","floor":45,"turns":9},{"damage":8,"enemies":"Maw","floor":48,"turns":6},{"damage":25,"enemies":"Donu and Deca","floor":50,"turns":9}],"seed_played":"-6563331122068522363","potions_obtained":[{"floor":1,"key":"Fire Potion"},{"floor":2,"key":"EssenceOfSteel"},{"floor":3,"key":"Fire Potion"},{"floor":7,"key":"Weak Potion"},{"floor":10,"key":"Strength Potion"},{"floor":14,"key":"Dexterity Potion"},{"floor":16,"key":"SpeedPotion"},{"floor":18,"key":"Fire Potion"},{"floor":27,"key":"GamblersBrew"},{"floor":28,"key":"Ancient Potion"},{"floor":29,"key":"SteroidPotion"},{"floor":31,"key":"EssenceOfSteel"},{"floor":33,"key":"AttackPotion"},{"floor":35,"key":"SteroidPotion"},{"floor":37,"key":"Explosive Potion"},{"floor":38,"key":"FearPotion"},{"floor":39,"key":"Ancient Potion"},{"floor":45,"key":"SpeedPotion"}],"is_trial":false,"path_per_floor":["M","M","M","?","?","R","M","R","T","M","?","R","?","M","R","B",null,"M","$","T","M","?","R","$","M","T","M","M","M","R","M","R","B",null,"M","T","M","M","M","R","$","?","T","?","E","$","R","M","R","B",null],"character_chosen":"DEFECT","items_purchased":["Bronze Scales","Ball Lightning","Conserve Battery","Loop","Steam","Conserve Battery","Stack","ClockworkSouvenir","Coolheaded","Hologram","Trip","SpeedPotion"],"campfire_rested":3,"item_purchase_floors":[19,24,24,24,24,41,41,46,46,46,46,46],"current_hp_per_floor":[70,68,68,68,68,68,68,68,68,68,73,73,73,67,67,57,74,68,68,68,62,62,62,62,62,62,51,51,42,42,39,61,52,74,74,74,63,61,51,51,51,51,51,51,25,25,47,39,61,36],"gold":182,"neow_bonus":"BOSS_RELIC","is_prod":false,"is_daily":false,"chose_seed":false,"campfire_upgraded":7,"win_rate":0,"timestamp":1558080371,"path_taken":["M","?","M","?","?","R","M","R","T","M","?","R","?","?","R","BOSS","M","$","?","M","?","R","$","?","T","M","M","M","R","M","R","BOSS","M","?","M","M","?","R","$","?","T","?","E","$","R","M","R","BOSS"],"build_version":"2019-01-23","purchased_purges":4,"victory":true,"max_hp_per_floor":[75,75,75,69,69,69,69,69,69,69,74,74,74,74,74,74,74,74,74,74,74,74,74,74,74,74,74,74,74,74,74,74,74,74,74,74,74,74,74,74,74,74,74,74,74,74,74,74,74,74],"card_choices":[{"not_picked":["Sweeping Beam","Storm"],"picked":"Rebound","floor":1},{"not_picked":["Conserve Battery","Steam Power"],"picked":"Ball Lightning","floor":2},{"not_picked":["Streamline","Gash"],"picked":"Conserve Battery","floor":3},{"not_picked":["Stack","Gash"],"picked":"Core Surge","floor":7},{"not_picked":["Rebound","Leap"],"picked":"Cold Snap","floor":10},{"not_picked":["Leap","Compile Driver"],"picked":"Loop","floor":14},{"not_picked":["Machine Learning","Thunder Strike"],"picked":"Reboot","floor":16},{"not_picked":["Redo"],"picked":"SKIP","floor":18},{"not_picked":["Go for the Eyes"],"picked":"SKIP","floor":21},{"not_picked":[],"picked":"Reinforced Body","floor":25},{"not_picked":["BootSequence+1"],"picked":"SKIP","floor":27},{"not_picked":[],"picked":"White Noise","floor":28},{"not_picked":["Melter"],"picked":"SKIP","floor":29},{"not_picked":["Scrape"],"picked":"SKIP","floor":31},{"not_picked":[],"picked":"Electrodynamics","floor":33},{"not_picked":["Chill"],"picked":"SKIP","floor":35},{"not_picked":[],"picked":"Coolheaded","floor":37},{"not_picked":["Streamline+1"],"picked":"SKIP","floor":38},{"not_picked":[],"picked":"Cold Snap+1","floor":39},{"not_picked":["Sunder+1"],"picked":"SKIP","floor":45},{"not_picked":[],"picked":"Blizzard+1","floor":48}],"player_experience":1421754,"relics_obtained":[{"floor":9,"key":"Tiny Chest"},{"floor":20,"key":"Old Coin"},{"floor":26,"key":"Centennial Puzzle"},{"floor":36,"key":"Molten Egg 2"},{"floor":43,"key":"Whetstone"},{"floor":45,"key":"Mummified Hand"}],"event_choices":[{"damage_healed":0,"gold_gain":0,"player_choice":"Lose Max HP","damage_taken":0,"relics_obtained":["Golden Idol"],"max_hp_gain":0,"max_hp_loss":6,"event_name":"Golden Idol","floor":4,"gold_loss":0},{"damage_healed":0,"gold_gain":0,"player_choice":"Grow","damage_taken":0,"max_hp_gain":0,"max_hp_loss":0,"event_name":"Living Wall","floor":5,"gold_loss":0,"cards_upgraded":["Zap"]},{"damage_healed":0,"gold_gain":0,"player_choice":"Donut","damage_taken":0,"max_hp_gain":5,"max_hp_loss":0,"event_name":"Big Fish","floor":11,"gold_loss":0},{"damage_healed":0,"gold_gain":100,"player_choice":"Gold","damage_taken":0,"max_hp_gain":0,"max_hp_loss":0,"event_name":"Wheel of Change","floor":13,"gold_loss":0},{"damage_healed":0,"gold_gain":0,"cards_transformed":["Strike_B"],"player_choice":"Transformed","damage_taken":0,"max_hp_gain":0,"max_hp_loss":0,"event_name":"Transmorgrifier","floor":22,"gold_loss":0,"cards_obtained":["Rip and Tear"]},{"damage_healed":0,"gold_gain":0,"player_choice":"Ignored","damage_taken":0,"max_hp_gain":0,"max_hp_loss":0,"event_name":"Mysterious Sphere","floor":42,"gold_loss":0},{"damage_healed":0,"gold_gain":333,"player_choice":"Gave Idol","damage_taken":0,"max_hp_gain":0,"max_hp_loss":0,"event_name":"The Moai Head","floor":44,"relics_lost":["Golden Idol"],"gold_loss":0}],"is_beta":false,"boss_relics":[{"not_picked":["Tiny House","Astrolabe"],"picked":"Busted Crown"},{"not_picked":["Runic Pyramid","Snecko Eye"],"picked":"Pandora\u0027s Box"}],"items_purged_floors":[19,24,41,46],"is_endless":false,"potions_floor_spawned":[1,2,3,7,10,14,16,18,21,25,27,28,29,31,33,35,37,38,39,45,48],"ascension_level":0}