{"gold_per_floor":[115,133,146,32,52,52,83,83,107,137,137,199,218,2,2,78,78,91,91,91,108,120,120,150,150,177,177,203,213,213,264,264,340,340,360,360,371,389,409,409,435,435,459,486,486,521,796,527,527,527,527],"floor_reached":51,"playtime":3921,"items_purged":["Strike_B","Defend_B"],"score":1547,"play_id":"8a3eeed6-62ae-4ccf-ad3a-48e9a904e179","local_time":"20190517173111","is_ascension_mode":true,"campfire_choices":[{"data":"Sunder","floor":6.0,"key":"SMITH"},{"data":"Go for the Eyes","floor":8.0,"key":"SMITH"},{"data":"Sweeping Beam","floor":11.0,"key":"SMITH"},{"data":"Conserve Battery","floor":15.0,"key":"SMITH"},{"floor":23.0,"key":"REST"},{"data":"Fission","floor":25.0,"key":"SMITH"},{"floor":27.0,"key":"REST"},{"data":"Consume","floor":32.0,"key":"SMITH"},{"floor":40.0,"key":"REST"},{"floor":42.0,"key":"REST"},{"data":"Hologram","floor":45.0,"key":"SMITH"},{"floor":49.0,"key":"RECALL"}],"neow_cost":"NONE","seed_source_timestamp":0,"circlet_count":0,"master_deck":["AscendersBane","Defend_B","Defend_B","Defend_B","Zap","Dualcast","Conserve Battery+1","Compile Driver","Rebound+1","Sunder+1","Go for the Eyes+1","Coolheaded","Sweeping Beam+1","Coolheaded","Genetic Algorithm","Fission+1","Gash+1","Aggregate+1","Scrape+1","Sweeping Beam+1","Conserve Battery+1","FTL+1","Conserve Battery+1","Compile Driver+1","Consume+1","Darkness","Creative AI","Steam+1","Coolheaded+1","Hologram+1"],"special_seed":0,"relics":["Cracked Core","Bag of Preparation","Ancient Tea Set","Bag of Marbles","Tiny Chest","Runic Capacitor","Astrolabe","Potion Belt","Centennial Puzzle","Question Card","Whetstone","Sozu","Omamori","Orichalcum","Lantern","Kunai","Oddly Smooth Stone"],"potions_floor_usage":[],"damage_taken":[{"damage":0.0,"enemies":"Cultist","floor":1.0,"turns":3.0},{"damage":0.0,"enemies":"2 Louse","floor":2.0,"turns":3.0},{"damage":0.0,"enemies":"Jaw Worm","floor":3.0,"turns":3.0},{"damage":0.0,"enemies":"Exordium Wildlife","floor":5.0,"turns":2.0},{"damage":11.0,"enemies":"Gremlin Nob","floor":7.0,"turns":3.0},{"damage":6.0,"enemies":"3 Sentries","floor":10.0,"turns":5.0},{"damage":11.0,"enemies":"Lagavulin","floor":12.0,"turns":5.0},{"damage":7.0,"enemies":"Red Slaver","floor":13.0,"turns":2.0},{"damage":8.0,"enemies":"The Guardian","floor":16.0,"turns":12.0},{"damage":8.0,"enemies":"Shell Parasite","floor":18.0,"turns":7.0},{"damage":0.0,"enemies":"3 Byrds","floor":21.0,"turns":3.0},{"damage":3.0,"enemies":"Snake Plant","floor":22.0,"turns":4.0},{"damage":27.0,"enemies":"Book of Stabbing","floor":24.0,"turns":8.0},{"damage":0.0,"enemies":"Slavers","floor":28.0,"turns":2.0},{"damage":6.0,"enemies":"Sentry and Sphere","floor":29.0,"turns":7.0},{"damage":7.0,"enemies":"Champ","floor":33.0,"turns":15.0},{"damage":5.0,"enemies":"3 Darklings","floor":35.0,"turns":3.0},{"damage":2.0,"enemies":"Orb Walker","floor":37.0,"turns":3.0},{"damage":18.0,"enemies":"3 Darklings","floor":38.0,"turns":2.0},{"damage":11.0,"enemies":"Sphere and 2 Shapes","floor":39.0,"turns":8.0},{"damage":26.0,"enemies":"Reptomancer","floor":41.0,"turns":7.0},{"damage":1.0,"enemies":"Nemesis","floor":46.0,"turns":9.0},{"damage":1.0,"enemies":"Awakened One","floor":50.0,"turns":30.0},{"damage":49,"enemies":"Time Eater","floor":51,"turns":5}],"seed_played":"-8850277120082595531","potions_obtained":[{"floor":2.0,"key":"Explosive Potion"},{"floor":3.0,"key":"Dexterity Potion"},{"floor":10.0,"key":"FocusPotion"},{"floor":33.0,"key":"LiquidBronze"}],"is_trial":false,"path_per_floor":["M","M","M","$","M","R","E","R","T","E","R","E","M","$","R","B",null,"M","$","?","M","M","R","E","R","T","R","E","M","?","T","R","B",null,"M","?","M","M","M","R","E","R","T","T","R","E","?","$","R","B","B"],"character_chosen":"DEFECT","items_purchased":["Sunder","Runic Capacitor","Oddly Smooth Stone"],"campfire_rested":4,"item_purchase_floors":[4,14,48],"current_hp_per_floor":[64,64,64,64,64,64,53,53,53,47,47,36,29,29,29,21,59,51,51,51,51,48,69,42,42,42,63,63,57,57,57,57,50,66,61,61,59,41,30,51,25,46,46,46,46,45,45,45,45,44,0],"gold":527,"neow_bonus":"RANDOM_COMMON_RELIC","is_prod":false,"is_daily":false,"chose_seed":false,"campfire_upgraded":7,"win_rate":0,"timestamp":1558139471,"path_taken":["M","?","M","$","M","R","E","R","T","E","R","E","M","$","R","BOSS","M","$","?","M","?","R","E","R","T","R","E","M","?","?","R","BOSS","M","?","M","?","M","R","E","R","T","?","R","E","?","$","R","BOSS","BOSS"],"build_version":"2019-05-07","purchased_purges":2,"victory":false,"max_hp_per_floor":[71,71,71,71,71,71,71,71,71,71,71,71,71,71,71,71,71,71,71,71,71,71,71,71,71,71,71,71,71,71,71,71,71,71,71,71,71,71,71,71,71,71,71,71,71,71,71,71,71,71,71],"card_choices":[{"not_picked":["Hologram","Heatsinks"],"picked":"Conserve Battery","floor":1.0},{"not_picked":["Gash","Go for the Eyes"],"picked":"Compile Driver","floor":2.0},{"not_picked":["Stack","Chill"],"picked":"Rebound","floor":3.0},{"not_picked":["Turbo","Gash"],"picked":"Go for the Eyes","floor":5.0},{"not_picked":["Beam Cell","Barrage"],"picked":"Coolheaded","floor":7.0},{"not_picked":["Rip and Tear","Stack"],"picked":"Sweeping Beam","floor":10.0},{"not_picked":["White Noise","Rebound"],"picked":"Coolheaded","floor":12.0},{"not_picked":["Recycle","Leap"],"picked":"Genetic Algorithm","floor":13.0},{"not_picked":["Buffer","Hyperbeam"],"picked":"Fission","floor":16.0},{"not_picked":["Leap","Streamline"],"picked":"Sweeping Beam+1","floor":18.0},{"not_picked":["Go for the Eyes","White Noise"],"picked":"FTL","floor":21.0},{"not_picked":["Blizzard","Beam Cell"],"picked":"Conserve Battery+1","floor":22.0},{"not_picked":["Sweeping Beam","Turbo"],"picked":"Compile Driver+1","floor":24.0},{"not_picked":["Double Energy","Compile Driver"],"picked":"Consume","floor":28.0},{"not_picked":["Ball Lightning","Loop","Auto Shields+1"],"picked":"Darkness","floor":29.0},{"not_picked":["Thunder Strike","Hyperbeam","Rainbow"],"picked":"Creative AI","floor":33.0},{"not_picked":["Compile Driver","Steam","Reprogram","Beam Cell"],"picked":"SKIP","floor":35.0},{"not_picked":["Darkness+1","Genetic Algorithm+1","White Noise"],"picked":"Steam+1","floor":37.0},{"not_picked":["Rip and Tear+1","Barrage","Beam Cell"],"picked":"Coolheaded+1","floor":38.0},{"not_picked":["Genetic Algorithm","Rebound","Rip and Tear"],"picked":"Hologram","floor":39.0},{"not_picked":["Go for the Eyes","Hello World","Blizzard","Compile Driver"],"picked":"SKIP","floor":41.0},{"not_picked":["Sweeping Beam","Hologram","Genetic Algorithm","Melter"],"picked":"SKIP","floor":46.0}],"player_experience":1538337,"relics_obtained":[{"floor":7.0,"key":"Ancient Tea Set"},{"floor":10.0,"key":"Bag of Marbles"},{"floor":12.0,"key":"Tiny Chest"},{"floor":24.0,"key":"Potion Belt"},{"floor":26.0,"key":"Centennial Puzzle"},{"floor":28.0,"key":"Question Card"},{"floor":31.0,"key":"Whetstone"},{"floor":41.0,"key":"Omamori"},{"floor":43.0,"key":"Orichalcum"},{"floor":44.0,"key":"Lantern"},{"floor":46.0,"key":"Kunai"}],"event_choices":[{"damage_healed":0.0,"max_hp_gain":0.0,"max_hp_loss":0.0,"gold_gain":0.0,"event_name":"Duplicator","player_choice":"Copied","floor":20.0,"gold_loss":0.0,"damage_taken":0.0,"cards_obtained":["Conserve Battery"]},{"damage_healed":0.0,"max_hp_gain":0.0,"max_hp_loss":0.0,"gold_gain":0.0,"event_name":"The Mausoleum","player_choice":"Ignored","floor":30.0,"gold_loss":0.0,"damage_taken":0.0},{"damage_healed":0.0,"max_hp_gain":0.0,"max_hp_loss":0.0,"gold_gain":0.0,"event_name":"SecretPortal","player_choice":"Ignored","floor":36.0,"gold_loss":0.0,"damage_taken":0.0},{"damage_healed":0.0,"max_hp_gain":0.0,"max_hp_loss":0.0,"gold_gain":275.0,"event_name":"Golden Shrine","player_choice":"Desecrate","floor":47.0,"gold_loss":0.0,"damage_taken":0.0,"cards_obtained":["Regret"]}],"is_beta":true,"boss_relics":[{"not_picked":["Empty Cage","Inserter"],"picked":"Astrolabe"},{"not_picked":["FrozenCore","Eternal Feather"],"picked":"Sozu"}],"items_purged_floors":[4,48],"is_endless":false,"potions_floor_spawned":[2,3,5,10,13,18,33,37,39,46],"killed_by":"Time Eater","ascension_level":20}