{"gold_per_floor":[369,369,369,386,397,397,322,341,391,409,112,62,62,62,62,162,212,222,222,222,222,241,241,260,135,162,172,192,211,211,126,126,222,222,233,83,83,83,83,115,115,115,115,115,115,115,126,142,142,142],"floor_reached":51,"playtime":1312,"items_purged":["Strike_R","Strike_R","Defend_R","Defend_R+1"],"score":838,"play_id":"0735ab38-fedf-4b05-a40a-1bb8dc9ca7cc","local_time":"20190522093254","is_ascension_mode":false,"campfire_choices":[{"data":"Bash","floor":6.0,"key":"SMITH"},{"data":"Clash","floor":13.0,"key":"SMITH"},{"data":"Strike_R","floor":15.0,"key":"SMITH"},{"data":"Defend_R","floor":23.0,"key":"SMITH"},{"data":"Dropkick","floor":32.0,"key":"SMITH"},{"floor":41,"key":"REST"},{"floor":44,"key":"REST"},{"floor":49,"key":"REST"}],"neow_cost":"TEN_PERCENT_HP_LOSS","seed_source_timestamp":505912363627213,"circlet_count":0,"master_deck":["Strike_R+1","Bash+1","Clash+1","Dropkick+1","Shrug It Off+1"],"special_seed":0,"relics":["Burning Blood","Blood Vial","TheAbacus","Tiny House","Juzu Bracelet","Anchor","Sozu","Dream Catcher","Mummified Hand"],"potions_floor_usage":[50],"damage_taken":[{"damage":2.0,"enemies":"2 Louse","floor":1.0,"turns":3.0},{"damage":1.0,"enemies":"Jaw Worm","floor":4.0,"turns":3.0},{"damage":5.0,"enemies":"Small Slimes","floor":5.0,"turns":3.0},{"damage":0.0,"enemies":"Exordium Wildlife","floor":8.0,"turns":4.0},{"damage":2.0,"enemies":"Large Slime","floor":10.0,"turns":5.0},{"damage":69.0,"enemies":"Hexaghost","floor":16.0,"turns":10.0},{"damage":5.0,"enemies":"Chosen","floor":18.0,"turns":3.0},{"damage":1.0,"enemies":"3 Byrds","floor":22.0,"turns":5.0},{"damage":14.0,"enemies":"Cultist and Chosen","floor":24.0,"turns":6.0},{"damage":22.0,"enemies":"Sentry and Sphere","floor":27.0,"turns":6.0},{"damage":13.0,"enemies":"Snake Plant","floor":28.0,"turns":2.0},{"damage":0.0,"enemies":"3 Cultists","floor":29.0,"turns":4.0},{"damage":40.0,"enemies":"Champ","floor":33.0,"turns":8.0},{"damage":8.0,"enemies":"Orb Walker","floor":35.0,"turns":3.0},{"damage":0,"enemies":"Giant Head","floor":40,"turns":5},{"damage":5,"enemies":"3 Shapes","floor":47,"turns":4},{"damage":0,"enemies":"Jaw Worm Horde","floor":48,"turns":3},{"damage":74,"enemies":"Donu and Deca","floor":50,"turns":13}],"seed_played":"-8587916233759807515","potions_obtained":[{"floor":5.0,"key":"Explosive Potion"},{"floor":16.0,"key":"PowerPotion"},{"floor":17.0,"key":"SkillPotion"},{"floor":22.0,"key":"Regen Potion"},{"floor":28.0,"key":"Swift Potion"},{"floor":29.0,"key":"Ancient Potion"}],"is_trial":false,"path_per_floor":["M","?","?","M","M","R","$","M","T","M","$","?","R","?","R","B",null,"M","?","?","?","M","R","M","$","T","M","M","M","?","?","R","B",null,"M","$","?","?","$","E","R","?","T","R","?","$","M","M","R","B",null],"character_chosen":"IRONCLAD","items_purchased":["TheAbacus"],"campfire_rested":3,"item_purchase_floors":[11],"current_hp_per_floor":[72,72,77,77,77,77,77,77,77,77,77,77,77,77,77,14,82,82,82,82,82,82,82,74,74,74,60,55,63,63,63,63,31,82,80,80,78,78,78,78,78,78,78,78,78,78,78,78,78,25],"gold":142,"neow_bonus":"TWO_FIFTY_GOLD","is_prod":false,"is_daily":false,"chose_seed":false,"campfire_upgraded":5,"win_rate":0,"timestamp":1558488774,"path_taken":["M","?","?","M","M","R","$","M","T","M","$","?","R","?","R","BOSS","M","?","?","?","?","R","M","$","T","M","M","M","?","?","R","BOSS","M","$","?","?","$","E","R","?","T","R","?","$","M","M","R","BOSS"],"build_version":"2019-01-23","purchased_purges":4,"victory":true,"max_hp_per_floor":[72,72,77,77,77,77,77,77,77,77,77,77,77,77,77,77,82,82,82,82,82,82,82,82,82,82,82,82,82,82,82,82,82,82,82,82,78,78,78,78,78,78,78,78,78,78,78,78,78,78],"card_choices":[{"not_picked":["Body Slam","Anger"],"picked":"Clash","floor":1.0},{"not_picked":["Iron Wave","Entrench","Clothesline"],"picked":"SKIP","floor":4.0},{"not_picked":["Berserk","Warcry","Second Wind"],"picked":"SKIP","floor":5.0},{"not_picked":["Clothesline","Armaments","Twin Strike"],"picked":"SKIP","floor":8.0},{"not_picked":["Flex","True Grit","Bloodletting"],"picked":"SKIP","floor":10.0},{"not_picked":["Battle Trance+1","Wild Strike","Heavy Blade"],"picked":"SKIP","floor":18.0},{"not_picked":["Warcry","Twin Strike+1","Hemokinesis+1"],"picked":"SKIP","floor":22.0},{"not_picked":["Brutality","Bloodletting"],"picked":"Dropkick","floor":24.0},{"not_picked":["Wild Strike+1","Cleave+1","Headbutt+1"],"picked":"SKIP","floor":27.0},{"not_picked":["Fire Breathing+1","Perfected Strike+1","True Grit"],"picked":"SKIP","floor":28.0},{"not_picked":["Feed","Ghostly Armor","Sword Boomerang"],"picked":"SKIP","floor":29.0},{"not_picked":["Clash","Warcry+1"],"picked":"Shrug It Off+1","floor":35.0},{"not_picked":["Reckless Charge+1","Warcry","Cleave+1"],"picked":"SKIP","floor":40},{"not_picked":["Wild Strike","Perfected Strike","Dual Wield"],"picked":"SKIP","floor":47},{"not_picked":["True Grit","Perfected Strike","Heavy Blade"],"picked":"SKIP","floor":48}],"player_experience":559971,"relics_obtained":[{"floor":9.0,"key":"Blood Vial"},{"floor":26.0,"key":"Juzu Bracelet"},{"floor":40,"key":"Dream Catcher"},{"floor":43,"key":"Mummified Hand"}],"event_choices":[{"cards_removed":["Defend_R"],"damage_healed":0.0,"max_hp_gain":0.0,"max_hp_loss":0.0,"gold_gain":0.0,"event_name":"Living Wall","player_choice":"Forget","floor":2.0,"gold_loss":0.0,"damage_taken":0.0},{"damage_healed":0.0,"max_hp_gain":5.0,"max_hp_loss":0.0,"gold_gain":0.0,"event_name":"Big Fish","player_choice":"Donut","floor":3.0,"gold_loss":0.0,"damage_taken":0.0},{"cards_removed":["Defend_R"],"damage_healed":0.0,"max_hp_gain":0.0,"max_hp_loss":0.0,"gold_gain":0.0,"event_name":"The Cleric","player_choice":"Card Removal","floor":12.0,"gold_loss":50.0,"damage_taken":0.0},{"damage_healed":0.0,"max_hp_gain":0.0,"max_hp_loss":0.0,"gold_gain":0.0,"event_name":"Liars Game","player_choice":"Ignored","floor":14.0,"gold_loss":0.0,"damage_taken":0.0},{"cards_removed":["Strike_R"],"damage_healed":0.0,"max_hp_gain":0.0,"max_hp_loss":0.0,"gold_gain":0.0,"event_name":"Back to Basics","player_choice":"Elegance","floor":19.0,"gold_loss":0.0,"damage_taken":0.0},{"damage_healed":0.0,"max_hp_gain":0.0,"max_hp_loss":0.0,"gold_gain":0.0,"event_name":"Ghosts","player_choice":"Ignored","floor":20.0,"gold_loss":0.0,"damage_taken":0.0},{"damage_healed":0.0,"max_hp_gain":0.0,"max_hp_loss":0.0,"gold_gain":0.0,"event_name":"Duplicator","player_choice":"Ignored","floor":21.0,"gold_loss":0.0,"damage_taken":0.0},{"damage_healed":0.0,"max_hp_gain":0.0,"max_hp_loss":0.0,"gold_gain":0.0,"event_name":"The Mausoleum","player_choice":"Ignored","floor":30.0,"gold_loss":0.0,"damage_taken":0.0},{"damage_healed":0.0,"max_hp_gain":0.0,"max_hp_loss":0.0,"gold_gain":0.0,"event_name":"Addict","player_choice":"Obtained Relic","floor":31.0,"gold_loss":85.0,"damage_taken":0.0,"relics_obtained":["Anchor"]},{"damage_healed":0.0,"max_hp_gain":0.0,"max_hp_loss":4.0,"gold_gain":0.0,"event_name":"Winding Halls","player_choice":"Max HP","floor":37.0,"gold_loss":0.0,"damage_taken":0.0},{"damage_healed":0,"gold_gain":0,"player_choice":"Ignored","damage_taken":0,"max_hp_gain":0,"max_hp_loss":0,"event_name":"Mysterious Sphere","floor":38,"gold_loss":0},{"cards_removed":["Strike_R"],"damage_healed":0,"gold_gain":0,"player_choice":"Removed Attack","damage_taken":0,"max_hp_gain":0,"max_hp_loss":0,"event_name":"Falling","floor":42,"gold_loss":0},{"damage_healed":0,"gold_gain":0,"player_choice":"Memory 1","damage_taken":0,"max_hp_gain":0,"max_hp_loss":0,"event_name":"SensoryStone","floor":45,"gold_loss":0}],"is_beta":false,"boss_relics":[{"not_picked":["Runic Dome","Philosopher\u0027s Stone"],"picked":"Tiny House"},{"not_picked":["Fusion Hammer","Black Blood"],"picked":"Sozu"}],"items_purged_floors":[7,11,25,36],"is_endless":false,"potions_floor_spawned":[5,16,22,28,29,48],"ascension_level":0}