{"gold_per_floor":[116,128,128,203,227,227,402,402,402,75,95,110,43,72,72,192,192,205,205,225,248,268,268,311,324,349,349,349,223,238,513,513,513],"floor_reached":33,"playtime":1303,"items_purged":["Doubt","Strike_B+1"],"score":330,"play_id":"cf5fd622-9f20-4907-b5d9-31d764b2f87c","local_time":"20190518235254","is_ascension_mode":false,"campfire_choices":[{"data":"Zap","floor":6,"key":"SMITH"},{"data":"Storm","floor":8,"key":"SMITH"},{"data":"Dualcast","floor":15,"key":"SMITH"},{"data":"Storm","floor":23,"key":"SMITH"},{"data":"Storm","floor":27,"key":"SMITH"},{"data":"Storm","floor":32,"key":"SMITH"}],"neow_cost":"NONE","seed_source_timestamp":5469916620009,"circlet_count":0,"master_deck":["Strike_B+1","Strike_B+1","Strike_B+1","Defend_B+1","Defend_B+1","Defend_B+1","Defend_B+1","Zap+1","Dualcast+1","Storm+1","Ball Lightning","Hello World","Storm+1","Meteor Strike","Cold Snap","Storm+1","Coolheaded","Self Repair","Storm+1","Electrodynamics","Defragment","Necronomicurse","Consume","Multi-Cast","Skim+1","Hello World","Self Repair","Regret"],"relics":["Cracked Core","Golden Idol","Centennial Puzzle","Odd Mushroom","Nuclear Battery","Necronomicon","Regal Pillow","Blood Vial","Smiling Mask"],"potions_floor_usage":[14,14,16,22,33,33,33],"damage_taken":[{"damage":0,"enemies":"2 Louse","floor":1,"turns":2},{"damage":5,"enemies":"Small Slimes","floor":2,"turns":3},{"damage":1,"enemies":"Jaw Worm","floor":5,"turns":2},{"damage":2,"enemies":"Exordium Thugs","floor":11,"turns":4},{"damage":0,"enemies":"Large Slime","floor":12,"turns":3},{"damage":4,"enemies":"The Mushroom Lair","floor":14,"turns":3},{"damage":0,"enemies":"Slime Boss","floor":16,"turns":4},{"damage":7,"enemies":"Shell Parasite","floor":18,"turns":2},{"damage":5,"enemies":"Chosen","floor":20,"turns":2},{"damage":0,"enemies":"Centurion and Healer","floor":22,"turns":3},{"damage":20,"enemies":"Gremlin Leader","floor":24,"turns":4},{"damage":0,"enemies":"Snecko","floor":25,"turns":2},{"damage":0,"enemies":"Snake Plant","floor":30,"turns":2},{"damage":56,"enemies":"Champ","floor":33,"turns":6}],"seed_played":"3038581952801709867","potions_obtained":[{"floor":1,"key":"Swift Potion"},{"floor":2,"key":"Block Potion"},{"floor":5,"key":"Poison Potion"},{"floor":14,"key":"SpeedPotion"},{"floor":18,"key":"GamblersBrew"},{"floor":20,"key":"Block Potion"},{"floor":30,"key":"LiquidBronze"}],"is_trial":false,"path_per_floor":["M","M","?","?","M","R","?","R","T","$","M","M","$","?","R","B",null,"M","?","M","T","M","R","E","M","T","R","?","$","M","?","R","B"],"character_chosen":"DEFECT","items_purchased":["Storm","Meteor Strike","Cold Snap","Self Repair","Hello World"],"campfire_rested":0,"item_purchase_floors":[10,10,10,13,29],"current_hp_per_floor":[82,77,76,65,64,64,64,64,64,64,62,62,62,65,65,72,76,69,53,55,55,62,62,49,51,51,51,51,51,53,53,53,0],"gold":513,"neow_bonus":"TEN_PERCENT_HP_BONUS","is_prod":false,"is_daily":false,"chose_seed":false,"campfire_upgraded":6,"win_rate":0,"timestamp":1558245174,"path_taken":["M","M","?","?","M","R","?","R","T","$","M","?","?","?","R","BOSS","M","?","M","?","M","R","E","M","T","R","?","$","M","?","R","BOSS"],"build_version":"2019-01-23","purchased_purges":2,"victory":false,"max_hp_per_floor":[82,82,76,76,76,76,76,76,76,76,76,76,76,76,76,76,76,76,76,76,76,76,76,76,76,76,76,76,76,76,76,76,76],"card_choices":[{"not_picked":["Darkness","Rebound"],"picked":"Storm","floor":1},{"not_picked":["Chill","Beam Cell"],"picked":"Ball Lightning","floor":2},{"not_picked":["Sweeping Beam","Blizzard"],"picked":"Hello World","floor":5},{"not_picked":["Compile Driver","Steam"],"picked":"Storm","floor":11},{"not_picked":["Blizzard","Undo"],"picked":"Coolheaded","floor":12},{"not_picked":["Chill","Stack"],"picked":"Storm","floor":14},{"not_picked":["Meteor Strike","Seek"],"picked":"Electrodynamics","floor":16},{"not_picked":["Go for the Eyes","Coolheaded"],"picked":"Defragment","floor":18},{"not_picked":["FTL+1","Stack","Steam"],"picked":"SKIP","floor":20},{"not_picked":["Sweeping Beam+1","Lockon"],"picked":"Consume","floor":22},{"not_picked":["Stack","FTL"],"picked":"Multi-Cast","floor":24},{"not_picked":["Static Discharge","Leap"],"picked":"Skim+1","floor":25},{"not_picked":["Auto Shields","Consume"],"picked":"Self Repair","floor":30}],"player_experience":1440881,"relics_obtained":[{"floor":9,"key":"Centennial Puzzle"},{"floor":14,"key":"Odd Mushroom"},{"floor":19,"key":"Necronomicon"},{"floor":21,"key":"Regal Pillow"},{"floor":24,"key":"Blood Vial"},{"floor":26,"key":"Smiling Mask"}],"event_choices":[{"damage_healed":0,"gold_gain":0,"player_choice":"Lose Max HP","damage_taken":0,"relics_obtained":["Golden Idol"],"max_hp_gain":0,"max_hp_loss":6,"event_name":"Golden Idol","floor":3,"gold_loss":0},{"damage_healed":0,"gold_gain":75,"player_choice":"Gather Gold","damage_taken":11,"max_hp_gain":0,"max_hp_loss":0,"event_name":"World of Goop","floor":4,"gold_loss":0},{"damage_healed":0,"gold_gain":175,"player_choice":"AGREE","damage_taken":0,"max_hp_gain":0,"max_hp_loss":0,"event_name":"Liars Game","floor":7,"gold_loss":0,"cards_obtained":["Doubt"]},{"damage_healed":0,"gold_gain":0,"player_choice":"Fought Mushrooms","damage_taken":0,"max_hp_gain":0,"max_hp_loss":0,"event_name":"Mushrooms","floor":14,"gold_loss":0},{"damage_healed":0,"gold_gain":0,"player_choice":"Obtained Book","damage_taken":16,"max_hp_gain":0,"max_hp_loss":0,"event_name":"Cursed Tome","floor":19,"gold_loss":0},{"damage_healed":0,"gold_gain":0,"player_choice":"Simplicity","damage_taken":0,"max_hp_gain":0,"max_hp_loss":0,"event_name":"Back to Basics","floor":28,"gold_loss":0,"cards_upgraded":["Strike_B","Strike_B","Strike_B","Strike_B","Defend_B","Defend_B","Defend_B","Defend_B"]},{"damage_healed":0,"gold_gain":275,"player_choice":"Desecrate","damage_taken":0,"max_hp_gain":0,"max_hp_loss":0,"event_name":"Golden Shrine","floor":31,"gold_loss":0,"cards_obtained":["Regret"]}],"is_beta":false,"boss_relics":[{"not_picked":["White Beast Statue","Black Star"],"picked":"Nuclear Battery"}],"items_purged_floors":[10,29],"is_endless":false,"potions_floor_spawned":[1,2,5,14,18,20,30],"killed_by":"Champ","ascension_level":0}