{"gold_per_floor":[111,130,130,58,78,110,130,130,130,130,148,148,323,340,340,340],"floor_reached":16,"playtime":625,"items_purged":[],"score":128,"play_id":"cb9c9ac9-edac-48fa-a2a7-a656ff0cc23e","local_time":"20190117234341","is_ascension_mode":true,"campfire_choices":[{"floor":8,"key":"REST"},{"floor":10,"key":"RECALL"},{"data":"Zap","floor":12,"key":"SMITH"},{"data":"Defragment","floor":15,"key":"SMITH"}],"neow_cost":"PERCENT_DAMAGE","seed_source_timestamp":25262920107529,"circlet_count":0,"master_deck":["Strike_B","Strike_B","Strike_B","Defend_B","Defend_B","Defend_B","Zap+1","Dualcast","Go for the Eyes","Defragment+1","Conserve Battery","Electrodynamics","Redo","Doubt","Loop"],"relics":["Cracked Core","Bottled Tornado","Question Card"],"potions_floor_usage":[6,16,16],"damage_taken":[{"damage":7,"enemies":"Small Slimes","floor":1,"turns":3},{"damage":6,"enemies":"Cultist","floor":2,"turns":4},{"damage":6,"enemies":"Jaw Worm","floor":5,"turns":3},{"damage":34,"enemies":"Lagavulin","floor":6,"turns":7},{"damage":14,"enemies":"Blue Slaver","floor":7,"turns":3},{"damage":19,"enemies":"Exordium Wildlife","floor":11,"turns":4},{"damage":0,"enemies":"3 Louse","floor":14,"turns":3},{"damage":26,"enemies":"The Guardian","floor":16,"turns":7}],"seed_played":"-5705229330605142792","potions_obtained":[{"floor":2,"key":"Weak Potion"},{"floor":7,"key":"FearPotion"},{"floor":14,"key":"Fire Potion"}],"is_trial":false,"path_per_floor":["M","M","?","$","M","E","M","R","T","R","M","R","?","M","R","B"],"character_chosen":"DEFECT","items_purchased":["Defragment"],"campfire_rested":1,"item_purchase_floors":[4],"current_hp_per_floor":[47,48,75,75,69,35,21,43,43,43,24,24,24,24,24,0],"gold":340,"neow_bonus":"REMOVE_TWO","is_prod":false,"is_daily":false,"chose_seed":false,"campfire_upgraded":2,"win_rate":0,"timestamp":1547786621,"path_taken":["M","M","?","?","M","E","M","R","T","R","?","R","?","M","R","BOSS"],"build_version":"2019-01-17","purchased_purges":0,"victory":false,"max_hp_per_floor":[75,75,75,75,75,75,75,75,75,75,75,75,75,75,75,75],"card_choices":[{"not_picked":["Beam Cell","BootSequence"],"picked":"Self Repair","floor":1},{"not_picked":["Undo","Consume"],"picked":"Go for the Eyes","floor":2},{"not_picked":["Coolheaded","Go for the Eyes"],"picked":"Conserve Battery","floor":5},{"not_picked":["Turbo","Barrage","Stack"],"picked":"SKIP","floor":6},{"not_picked":["Go for the Eyes","Self Repair"],"picked":"Electrodynamics","floor":7},{"not_picked":["Stack","Blizzard","Sweeping Beam"],"picked":"Redo","floor":11},{"not_picked":["Stack","Compile Driver","Sweeping Beam"],"picked":"Loop","floor":14}],"player_experience":378464,"relics_obtained":[{"floor":6,"key":"Bottled Tornado"},{"floor":9,"key":"Question Card"}],"event_choices":[{"cards_removed":["Self Repair"],"damage_healed":27,"gold_gain":0,"player_choice":"Offered Uncommon","damage_taken":0,"max_hp_gain":0,"max_hp_loss":0,"event_name":"Bonfire Elementals","floor":3,"gold_loss":0},{"damage_healed":0,"gold_gain":175,"player_choice":"AGREE","damage_taken":0,"max_hp_gain":0,"max_hp_loss":0,"event_name":"Liars Game","floor":13,"gold_loss":0,"cards_obtained":["Doubt"]}],"is_beta":false,"boss_relics":[],"items_purged_floors":[],"is_endless":false,"potions_floor_spawned":[2,7,14],"killed_by":"The Guardian","ascension_level":5}