{"path_per_floor":["M","M","$","?","M","R","M","M","T","R","?","R","M","E","R","B",null,"M","?","M","?","M"],"character_chosen":"THE_SILENT","items_purchased":["Noxious Fumes"],"gold_per_floor":[111,121,40,40,55,55,68,81,81,81,81,81,95,121,121,222,222,232,232,245,245,263,263],"floor_reached":23,"campfire_rested":1,"playtime":1322,"item_purchase_floors":[3],"current_hp_per_floor":[63,58,58,51,36,36,30,17,17,17,40,40,35,32,53,26,59,56,56,55,39,32,0],"items_purged":[],"gold":263,"score":299,"play_id":"d1dbca9c-98fa-4155-8bc7-0185b42fd474","local_time":"20180622000245","is_prod":false,"is_daily":false,"chose_seed":false,"is_ascension_mode":true,"campfire_upgraded":3,"win_rate":0,"timestamp":1529618565,"campfire_choices":[{"data":"Neutralize","floor":6,"key":"SMITH"},{"data":"After Image","floor":10,"key":"SMITH"},{"data":"Noxious Fumes","floor":12,"key":"SMITH"},{"floor":15,"key":"REST"}],"path_taken":["M","M","$","?","M","R","M","M","T","R","?","R","?","E","R","BOSS","M","?","M","?","M","M"],"build_version":"2018-06-14v2","seed_source_timestamp":440550135181958,"purchased_purges":0,"victory":false,"master_deck":["Defend_G","Defend_G","Defend_G","Defend_G","Strike_G","Strike_G","Strike_G","Survivor","Neutralize+1","AscendersBane","Bouncing Flask","Caltrops","Noxious Fumes+1","Cloak And Dagger","After Image+1","Caltrops","Leg Sweep","Corpse Explosion","Malaise","Slice+1"],"max_hp_per_floor":[70,70,70,70,70,70,70,70,70,70,70,70,70,70,70,70,70,70,70,70,70,70,70],"relics":["Empty Cage","Vajra","Blood Vial","Runic Pyramid","Nilry\u0027s Codex"],"card_choices":[{"not_picked":["All Out Attack","Deflect"],"picked":"Bouncing Flask","floor":1},{"not_picked":["Backstab","Terror"],"picked":"Caltrops","floor":2},{"not_picked":["Dodge and Roll","Outmaneuver"],"picked":"Cloak And Dagger","floor":5},{"not_picked":["Malaise","Dodge and Roll"],"picked":"After Image","floor":7},{"not_picked":["Prepared","Flying Knee","Quick Slash"],"picked":"SKIP","floor":8},{"not_picked":["Leg Sweep","Deflect"],"picked":"Caltrops","floor":13},{"not_picked":["Unload","Heel Hook"],"picked":"Leg Sweep","floor":14},{"not_picked":["Glass Knife","Night Terror"],"picked":"Corpse Explosion","floor":16},{"not_picked":["Choke","Heel Hook+1"],"picked":"Malaise","floor":18},{"not_picked":["Dagger Spray","Setup","Masterful Stab"],"picked":"SKIP","floor":20},{"not_picked":["Riddle With Holes","Cloak And Dagger"],"picked":"Slice+1","floor":22}],"player_experience":342578,"potions_floor_usage":[14,16,20],"damage_taken":[{"damage":0,"enemies":"2 Louse","floor":1,"turns":4},{"damage":5,"enemies":"Small Slimes","floor":2,"turns":6},{"damage":15,"enemies":"Jaw Worm","floor":5,"turns":5},{"damage":6,"enemies":"2 Fungi Beasts","floor":7,"turns":3},{"damage":13,"enemies":"Exordium Thugs","floor":8,"turns":6},{"damage":5,"enemies":"3 Louse","floor":13,"turns":5},{"damage":3,"enemies":"Lagavulin","floor":14,"turns":6},{"damage":29,"enemies":"Hexaghost","floor":16,"turns":8},{"damage":5,"enemies":"Spheric Guardian","floor":18,"turns":6},{"damage":3,"enemies":"3 Byrds","floor":20,"turns":2},{"damage":9,"enemies":"Centurion and Healer","floor":22,"turns":7},{"damage":45,"enemies":"3 Cultists","floor":23,"turns":5}],"relics_obtained":[{"floor":9,"key":"Vajra"},{"floor":14,"key":"Blood Vial"},{"floor":21,"key":"Nilry\u0027s Codex"}],"event_choices":[{"event_name":"Golden Wing","player_choice":"Card Removal","floor":4,"damage_taken":0},{"event_name":"Big Fish","player_choice":"Banana","floor":11,"damage_taken":0},{"event_name":"Ghosts","player_choice":"Ignored","floor":19,"damage_taken":0},{"event_name":"Cursed Tome","player_choice":"Obtained Book","floor":21,"damage_taken":0}],"boss_relics":[{"not_picked":["Lizard Tail","Runic Dome"],"picked":"Runic Pyramid"}],"items_purged_floors":[],"is_endless":false,"potions_floor_spawned":[1,2,8,13,18],"seed_played":"7317171623674426357","killed_by":"3 Cultists","ascension_level":11,"potions_obtained":[{"floor":1,"key":"Ancient Potion"},{"floor":2,"key":"SteroidPotion"},{"floor":8,"key":"FearPotion"},{"floor":13,"key":"SkillPotion"},{"floor":18,"key":"LiquidBronze"}],"is_trial":false}