{"gold_per_floor":[119,131,149,174,189,189,220,220,247,247,247,44,60,71,71,172,172,189,158,158],"floor_reached":20,"playtime":1395,"items_purged":["Strike_G"],"score":202,"play_id":"e030c96d-bb3d-41ff-868f-00277b0e354b","local_time":"20180916163018","is_ascension_mode":true,"campfire_choices":[{"floor":6.0,"key":"REST"},{"floor":8.0,"key":"REST"},{"floor":10.0,"key":"REST"},{"floor":15.0,"key":"REST"}],"neow_cost":"PERCENT_DAMAGE","seed_source_timestamp":0,"circlet_count":0,"master_deck":["Defend_G","Defend_G","Defend_G","Defend_G","Defend_G","Strike_G","Strike_G","Strike_G","Survivor","Neutralize","Underhanded Strike","Catalyst","Bane","Deadly Poison","Deadly Poison","Backflip","Backflip","Doppelganger","Flying Knee+1"],"special_seed":0,"relics":["Ring of the Snake","Ginger","Pen Nib","Blue Candle","Smiling Mask","Bronze Scales","Lizard Tail"],"potions_floor_usage":[19],"damage_taken":[{"damage":6.0,"enemies":"Cultist","floor":1.0,"turns":4.0},{"damage":2.0,"enemies":"2 Louse","floor":2.0,"turns":4.0},{"damage":8.0,"enemies":"Jaw Worm","floor":3.0,"turns":6.0},{"damage":6.0,"enemies":"Blue Slaver","floor":5.0,"turns":5.0},{"damage":28.0,"enemies":"Gremlin Nob","floor":7.0,"turns":4.0},{"damage":4.0,"enemies":"Exordium Wildlife","floor":13.0,"turns":4.0},{"damage":1.0,"enemies":"Red Slaver","floor":14.0,"turns":3.0},{"damage":37,"enemies":"The Guardian","floor":16,"turns":11},{"damage":17,"enemies":"Shell Parasite","floor":18,"turns":6},{"damage":26,"enemies":"2 Thieves","floor":19,"turns":5},{"damage":64,"enemies":"Centurion and Healer","floor":20,"turns":7}],"seed_played":"3684480940968086824","potions_obtained":[{"floor":5.0,"key":"Energy Potion"},{"floor":7.0,"key":"AttackPotion"},{"floor":13.0,"key":"FearPotion"},{"floor":16,"key":"FearPotion"}],"is_trial":false,"path_per_floor":["M","M","M","T","M","R","E","R","T","R","?","$","M","M","R","B",null,"M","M"],"character_chosen":"THE_SILENT","items_purchased":["Bronze Scales"],"campfire_rested":4,"item_purchase_floors":[12],"current_hp_per_floor":[43,41,33,33,27,48,20,41,41,62,62,62,58,57,70,33,70,53,27,0],"gold":158,"neow_bonus":"ONE_RARE_RELIC","is_prod":false,"is_daily":false,"chose_seed":false,"campfire_upgraded":0,"win_rate":0,"timestamp":1537129818,"path_taken":["M","?","M","?","M","R","E","R","T","R","?","$","M","M","R","BOSS","M","M","M"],"build_version":"2018-09-06","purchased_purges":1,"victory":false,"max_hp_per_floor":[70,70,70,70,70,70,70,70,70,70,70,70,70,70,70,70,70,70,70,70],"card_choices":[{"not_picked":["Deflect","Setup"],"picked":"Underhanded Strike","floor":1.0},{"not_picked":["Flying Knee","Flechettes"],"picked":"Catalyst","floor":2.0},{"not_picked":["Skewer","Outmaneuver"],"picked":"Bane","floor":3.0},{"not_picked":["Cloak And Dagger","Endless Agony"],"picked":"Deadly Poison","floor":5.0},{"not_picked":["Caltrops","All Out Attack"],"picked":"Deadly Poison","floor":7.0},{"not_picked":["Terror","Blur"],"picked":"Backflip","floor":13.0},{"not_picked":["Prepared","Outmaneuver"],"picked":"Backflip","floor":14.0},{"not_picked":["Die Die Die","Wraith Form v2"],"picked":"Doppelganger","floor":16},{"not_picked":["Masterful Stab","Dagger Spray","Slice"],"picked":"SKIP","floor":18},{"not_picked":["Quick Slash","PiercingWail"],"picked":"Flying Knee+1","floor":19}],"player_experience":856539,"relics_obtained":[{"floor":4.0,"key":"Pen Nib"},{"floor":7.0,"key":"Blue Candle"},{"floor":9.0,"key":"Smiling Mask"}],"event_choices":[{"event_name":"Purifier","player_choice":"One Purge","floor":11.0,"damage_taken":0.0}],"is_beta":false,"boss_relics":[{"not_picked":["Pandora\u0027s Box","Runic Pyramid"],"picked":"Lizard Tail"}],"items_purged_floors":[12],"is_endless":false,"potions_floor_spawned":[5,7,13,16,18],"killed_by":"Centurion and Healer","ascension_level":3}