{"gold_per_floor":[114,133,58,58,58,58,87,99,187,374,386,414,25,52,52,52],"floor_reached":16,"playtime":625,"items_purged":["Strike_B","Regret"],"score":183,"play_id":"f9139cf6-2295-4b36-9a36-43f1311a4f5b","local_time":"20190131154007","is_ascension_mode":true,"campfire_choices":[{"data":"Fusion","floor":6,"key":"SMITH"},{"data":"Zap","floor":8,"key":"SMITH"},{"data":"Hologram","floor":11,"key":"SMITH"},{"floor":15,"key":"REST"}],"neow_cost":"NONE","seed_source_timestamp":152632419430588,"circlet_count":0,"master_deck":["Strike_B","Strike_B","Strike_B","Defend_B","Defend_B+1","Defend_B+1","Defend_B","Zap+1","Dualcast","Fusion+1","Coolheaded","Hologram+1","Doubt","Coolheaded","Gash","Buffer"],"relics":["Cracked Core","NeowsBlessing","FossilizedHelix","MawBank","Sundial","Cables","War Paint"],"potions_floor_usage":[14],"damage_taken":[{"damage":0,"enemies":"Small Slimes","floor":1,"turns":1},{"damage":0,"enemies":"2 Louse","floor":2,"turns":1},{"damage":0,"enemies":"3 Sentries","floor":7,"turns":1},{"damage":12,"enemies":"Jaw Worm","floor":12,"turns":4},{"damage":33,"enemies":"Lagavulin","floor":14,"turns":7},{"damage":46,"enemies":"Hexaghost","floor":16,"turns":12}],"seed_played":"-5295487991971664142","potions_obtained":[{"floor":1,"key":"PowerPotion"},{"floor":2,"key":"SmokeBomb"},{"floor":14,"key":"Ancient Potion"}],"is_trial":false,"path_per_floor":["M","M","$","?","$","R","E","R","T","?","R","M","$","E","R","B"],"character_chosen":"DEFECT","items_purchased":["Cables","Gash"],"campfire_rested":1,"item_purchase_floors":[13,13],"current_hp_per_floor":[68,68,68,68,68,68,68,68,68,68,68,56,56,23,45,0],"gold":52,"neow_bonus":"THREE_ENEMY_KILL","is_prod":false,"is_daily":false,"chose_seed":false,"campfire_upgraded":3,"win_rate":0,"timestamp":1548967207,"path_taken":["M","M","$","?","$","R","E","R","T","?","R","M","?","E","R","BOSS"],"build_version":"2019-01-23","purchased_purges":2,"victory":false,"max_hp_per_floor":[75,75,75,75,75,75,75,75,75,75,75,75,75,75,75,75],"card_choices":[{"not_picked":["Skim","Rebound"],"picked":"Fusion","floor":1},{"not_picked":["Leap","Compile Driver"],"picked":"Coolheaded","floor":2},{"not_picked":["Go for the Eyes","Turbo"],"picked":"Hologram","floor":7},{"not_picked":["Streamline","Conserve Battery"],"picked":"Coolheaded","floor":12},{"not_picked":["Capacitor","Redo"],"picked":"Buffer","floor":14}],"player_experience":549233,"relics_obtained":[{"floor":7,"key":"MawBank"},{"floor":9,"key":"Sundial"},{"floor":14,"key":"War Paint"}],"event_choices":[{"damage_healed":0,"gold_gain":0,"player_choice":"Box","damage_taken":0,"relics_obtained":["FossilizedHelix"],"max_hp_gain":0,"max_hp_loss":0,"event_name":"Big Fish","floor":4,"gold_loss":0,"cards_obtained":["Regret"]},{"damage_healed":0,"gold_gain":175,"player_choice":"AGREE","damage_taken":0,"max_hp_gain":0,"max_hp_loss":0,"event_name":"Liars Game","floor":10,"gold_loss":0,"cards_obtained":["Doubt"]}],"is_beta":false,"boss_relics":[],"items_purged_floors":[3,13],"is_endless":false,"potions_floor_spawned":[1,2,14],"killed_by":"Hexaghost","ascension_level":8}