{"gold_per_floor":[117,135,148,159,47,73,73,98,122,122,397,18,18,59,59,182,182,200,219,265,281,300,300,344,344,370,370],"floor_reached":27,"playtime":3453,"items_purged":["Strike_G"],"score":373,"play_id":"a9eedd65-9393-417c-9fde-216db646c986","local_time":"20190103223815","is_ascension_mode":true,"campfire_choices":[{"data":"Flechettes","floor":7,"key":"SMITH"},{"data":"Mayhem","floor":13,"key":"SMITH"},{"data":"Well Laid Plans","floor":15,"key":"SMITH"},{"floor":23,"key":"REST"},{"floor":25,"key":"REST"}],"neow_cost":"NONE","seed_source_timestamp":550789875769586,"circlet_count":0,"master_deck":["Defend_G","Defend_G","Defend_G","Defend_G","Defend_G","Strike_G","Strike_G","Strike_G","Strike_G","Survivor","Neutralize","Leg Sweep","Flechettes+1","Blade Dance","Infinite Blades","Unload","Well Laid Plans+1","Mayhem+1","Infinite Blades","Infinite Blades","Die Die Die","Outmaneuver","Leg Sweep","Blade Dance","Dagger Spray","Backflip","Outmaneuver","Terror","Crippling Poison+1"],"relics":["Ring of the Snake","Boot","Blue Candle","Omamori","Regal Pillow","Golden Idol","Tiny Chest","Strawberry","Orrery","Oddly Smooth Stone","Vajra","Smiling Mask"],"potions_floor_usage":[6,21,22,22,24],"damage_taken":[{"damage":1,"enemies":"Small Slimes","floor":1,"turns":4},{"damage":0,"enemies":"Jaw Worm","floor":2,"turns":4},{"damage":0,"enemies":"Cultist","floor":3,"turns":4},{"damage":5,"enemies":"3 Louse","floor":4,"turns":5},{"damage":0,"enemies":"3 Sentries","floor":6,"turns":2},{"damage":8,"enemies":"Gremlin Nob","floor":8,"turns":4},{"damage":6,"enemies":"Lagavulin","floor":14,"turns":6},{"damage":38,"enemies":"Hexaghost","floor":16,"turns":10},{"damage":22,"enemies":"2 Thieves","floor":18,"turns":4},{"damage":10,"enemies":"Shell Parasite","floor":19,"turns":7},{"damage":20,"enemies":"Sentry and Sphere","floor":21,"turns":6},{"damage":8,"enemies":"Shelled Parasite and Fungi","floor":22,"turns":5},{"damage":36,"enemies":"Slavers","floor":24,"turns":7},{"damage":44,"enemies":"Snake Plant","floor":27,"turns":5}],"seed_played":"-6445214355311680198","potions_obtained":[{"floor":2,"key":"SkillPotion"},{"floor":14,"key":"Energy Potion"},{"floor":16,"key":"Energy Potion"},{"floor":21,"key":"Block Potion"},{"floor":22,"key":"Fire Potion"},{"floor":24,"key":"Energy Potion"}],"is_trial":false,"path_per_floor":["M","M","M","M","$","E","R","E","T","?","?","$","R","E","R","B",null,"M","M","T","M","M","R","E","R","T","M"],"character_chosen":"THE_SILENT","items_purchased":["Infinite Blades","Mayhem","Tiny Chest","Infinite Blades"],"campfire_rested":2,"item_purchase_floors":[5,12,12,12],"current_hp_per_floor":[62,62,62,57,57,57,57,49,49,49,49,49,49,50,50,12,61,39,29,29,9,1,39,3,41,41,0],"gold":370,"neow_bonus":"RANDOM_COMMON_RELIC","is_prod":false,"is_daily":false,"chose_seed":false,"campfire_upgraded":3,"win_rate":0,"timestamp":1546576695,"path_taken":["M","M","M","M","$","E","R","E","T","?","?","$","R","E","R","BOSS","M","M","?","M","M","R","E","R","T","M"],"build_version":"2019-01-03v2","purchased_purges":1,"victory":false,"max_hp_per_floor":[70,70,70,70,70,70,70,70,70,70,70,70,70,77,77,77,77,77,77,77,77,77,77,77,77,77,77],"card_choices":[{"not_picked":["Deflect","Dagger Throw"],"picked":"Leg Sweep","floor":1},{"not_picked":["PiercingWail","Catalyst"],"picked":"Flechettes","floor":2},{"not_picked":["Dodge and Roll","Sucker Punch","Underhanded Strike"],"picked":"SKIP","floor":3},{"not_picked":["Acrobatics","Masterful Stab"],"picked":"Blade Dance","floor":4},{"not_picked":["Dagger Throw","Acrobatics"],"picked":"Unload","floor":6},{"not_picked":["Prepared","Acrobatics"],"picked":"Well Laid Plans","floor":8},{"not_picked":["Flying Knee","Backflip"],"picked":"Infinite Blades","floor":14},{"not_picked":["Wraith Form v2","Unload"],"picked":"Die Die Die","floor":16},{"not_picked":["Bane","Acrobatics"],"picked":"Outmaneuver","floor":17},{"not_picked":["Deadly Poison","Heel Hook"],"picked":"Leg Sweep","floor":17},{"not_picked":["Deadly Poison","Blur"],"picked":"Blade Dance","floor":17},{"not_picked":["Poisoned Stab","Bane"],"picked":"Dagger Spray","floor":17},{"not_picked":["Slice","Poisoned Stab"],"picked":"Backflip","floor":18},{"not_picked":["Eviscerate","Storm of Steel"],"picked":"Outmaneuver","floor":19},{"not_picked":["Deadly Poison","Poisoned Stab+1"],"picked":"Terror","floor":21},{"not_picked":["Eviscerate","Poisoned Stab","Deflect"],"picked":"SKIP","floor":22},{"not_picked":["Underhanded Strike","Cloak And Dagger"],"picked":"Crippling Poison+1","floor":24}],"player_experience":458054,"relics_obtained":[{"floor":6,"key":"Blue Candle"},{"floor":8,"key":"Omamori"},{"floor":9,"key":"Regal Pillow"},{"floor":14,"key":"Strawberry"},{"floor":20,"key":"Oddly Smooth Stone"},{"floor":24,"key":"Vajra"},{"floor":26,"key":"Smiling Mask"}],"event_choices":[{"damage_healed":0,"gold_gain":0,"player_choice":"Take Wound","damage_taken":0,"relics_obtained":["Golden Idol"],"max_hp_gain":0,"max_hp_loss":0,"event_name":"Golden Idol","floor":10,"gold_loss":0,"cards_obtained":["Injury"]},{"damage_healed":0,"gold_gain":275,"player_choice":"Desecrate","damage_taken":0,"max_hp_gain":0,"max_hp_loss":0,"event_name":"Golden Shrine","floor":11,"gold_loss":0,"cards_obtained":["Regret"]}],"is_beta":false,"boss_relics":[{"not_picked":["Busted Crown","Lizard Tail"],"picked":"Orrery"}],"items_purged_floors":[5],"is_endless":false,"potions_floor_spawned":[2,14,16,21,22,24],"killed_by":"Snake Plant","ascension_level":7}