{"gold_per_floor":[116,116,41,55,130,155,155,155,155,155,166,191,191,191,191,290,340,305,305,305,25,43,94,114,126,126,126,143,143,143,0,0,0],"floor_reached":33,"playtime":2350,"items_purged":["Defend_B","Decay"],"score":410,"play_id":"25ade8b5-0294-465b-853f-509f689078b8","local_time":"20190121163451","is_ascension_mode":true,"campfire_choices":[{"data":"Zap","floor":7.0,"key":"SMITH"},{"data":"Dualcast","floor":10.0,"key":"SMITH"},{"data":"Blizzard","floor":15,"key":"SMITH"},{"floor":27,"key":"DIG"},{"data":"Redo","floor":29,"key":"SMITH"},{"floor":32,"key":"DIG"}],"neow_cost":"NONE","seed_source_timestamp":343410251029895,"circlet_count":0,"master_deck":["Defend_B","Defend_B+1","Defend_B+1","Zap+1","Dualcast+1","Darkness+1","Auto Shields+1","Cold Snap","Blizzard+1","Rebound","Parasite","Rainbow+1","Redo+1","Bite","Bite","Bite","Bite","Bite","Magnetism","Undo+1","Tempest","Coolheaded","Conserve Battery+1"],"special_seed":0,"relics":["Cracked Core","NeowsBlessing","Orichalcum","Meat on the Bone","Mango","Tiny House","Shovel","PreservedInsect","Sundial","War Paint","Matryoshka"],"potions_floor_usage":[12,12,16,18,23,24,25,33],"damage_taken":[{"damage":0.0,"enemies":"Small Slimes","floor":1.0,"turns":1.0},{"damage":0.0,"enemies":"2 Louse","floor":4.0,"turns":1.0},{"damage":0.0,"enemies":"Gremlin Nob","floor":6.0,"turns":1.0},{"damage":0.0,"enemies":"Cultist","floor":11.0,"turns":3.0},{"damage":17,"enemies":"Lagavulin","floor":12,"turns":4},{"damage":16,"enemies":"The Guardian","floor":16,"turns":10},{"damage":21,"enemies":"2 Thieves","floor":18,"turns":5},{"damage":17,"enemies":"Shell Parasite","floor":22,"turns":5},{"damage":87,"enemies":"Slavers","floor":23,"turns":9},{"damage":12,"enemies":"Centurion and Healer","floor":24,"turns":6},{"damage":21,"enemies":"3 Cultists","floor":25,"turns":5},{"damage":27,"enemies":"Shelled Parasite and Fungi","floor":28,"turns":7},{"damage":26,"enemies":"Collector","floor":33,"turns":3}],"seed_played":"324765091671794141","potions_obtained":[{"floor":1.0,"key":"Dexterity Potion"},{"floor":4.0,"key":"Swift Potion"},{"floor":6.0,"key":"Strength Potion"},{"floor":16,"key":"Regen Potion"},{"floor":17,"key":"SpeedPotion"},{"floor":23,"key":"Weak Potion"},{"floor":24,"key":"LiquidBronze"},{"floor":25,"key":"GamblersBrew"}],"is_trial":false,"path_per_floor":["M","?","$","M","?","E","R","?","T","R","M","E","?","?","R","B",null,"M","?","?","$","M","E","M","M","T","R","M","R","?","?","R","B"],"character_chosen":"DEFECT","items_purchased":["Magnetism"],"campfire_rested":0,"item_purchase_floors":[21],"current_hp_per_floor":[68,53,53,53,42,42,42,42,42,42,42,51,73,78,78,62,91,70,70,69,69,56,16,22,23,23,23,20,20,20,20,20,0],"gold":0,"neow_bonus":"THREE_ENEMY_KILL","is_prod":false,"is_daily":false,"chose_seed":false,"campfire_upgraded":4,"win_rate":0,"timestamp":1548106491,"path_taken":["M","?","$","M","?","E","R","?","T","R","?","E","?","?","R","BOSS","M","?","?","$","M","E","M","M","T","R","M","R","?","?","R","BOSS"],"build_version":"2019-01-17v2","purchased_purges":2,"victory":false,"max_hp_per_floor":[75,75,75,75,75,75,75,75,75,75,75,89,89,94,94,94,99,99,99,69,69,69,69,69,69,69,69,69,69,69,69,69,69],"card_choices":[{"not_picked":["Lockon","Gash"],"picked":"Darkness","floor":1.0},{"not_picked":["Conserve Battery","Ball Lightning"],"picked":"Auto Shields","floor":4.0},{"not_picked":["Darkness","Turbo"],"picked":"Cold Snap","floor":6.0},{"not_picked":["Melter","Rebound"],"picked":"Blizzard","floor":11},{"not_picked":["Sweeping Beam","Go for the Eyes"],"picked":"Rebound","floor":12},{"not_picked":["Multi-Cast","Amplify"],"picked":"Rainbow","floor":16},{"not_picked":["Leap","Auto Shields"],"picked":"Redo","floor":18},{"not_picked":["Sunder+1","Steam","Blizzard+1"],"picked":"SKIP","floor":22},{"not_picked":["Auto Shields","Creative AI"],"picked":"Undo+1","floor":23},{"not_picked":["Capacitor","Rebound+1"],"picked":"Tempest","floor":24},{"not_picked":["White Noise","Hologram+1"],"picked":"Coolheaded","floor":25},{"not_picked":["Stack+1","Aggregate"],"picked":"Conserve Battery+1","floor":28}],"player_experience":416249,"relics_obtained":[{"floor":6.0,"key":"Orichalcum"},{"floor":9.0,"key":"Meat on the Bone"},{"floor":12,"key":"Mango"},{"floor":23,"key":"Shovel"},{"floor":26,"key":"PreservedInsect"},{"floor":27,"key":"Sundial"},{"floor":32,"key":"Matryoshka"}],"event_choices":[{"damage_healed":0.0,"max_hp_gain":0.0,"max_hp_loss":0.0,"gold_gain":0.0,"event_name":"Shining Light","player_choice":"Entered Light","floor":2.0,"gold_loss":0.0,"damage_taken":15.0,"cards_upgraded":["Defend_B","Darkness"]},{"damage_healed":0.0,"max_hp_gain":0.0,"max_hp_loss":0.0,"gold_gain":75.0,"event_name":"World of Goop","player_choice":"Gather Gold","floor":5.0,"gold_loss":0.0,"damage_taken":11.0},{"damage_healed":0.0,"max_hp_gain":0.0,"max_hp_loss":0.0,"gold_gain":0.0,"event_name":"Wheel of Change","player_choice":"Cursed","floor":8.0,"gold_loss":0.0,"damage_taken":0.0,"cards_obtained":["Decay"]},{"damage_healed":22,"gold_gain":0,"player_choice":"Healed and dodged fight","damage_taken":0,"max_hp_gain":0,"max_hp_loss":0,"event_name":"Mushrooms","floor":13,"gold_loss":0,"cards_obtained":["Parasite"]},{"damage_healed":0,"gold_gain":0,"player_choice":"Donut","damage_taken":0,"max_hp_gain":5,"max_hp_loss":0,"event_name":"Big Fish","floor":14,"gold_loss":0},{"damage_healed":0,"gold_gain":0,"player_choice":"Ignored","damage_taken":0,"max_hp_gain":0,"max_hp_loss":0,"event_name":"Ghosts","floor":19,"gold_loss":0},{"damage_healed":0,"gold_gain":0,"player_choice":"Became a vampire","damage_taken":0,"max_hp_gain":0,"max_hp_loss":30,"event_name":"Vampires","floor":20,"gold_loss":0,"cards_obtained":["Bite","Bite","Bite","Bite","Bite"]},{"damage_healed":0,"gold_gain":0,"player_choice":"Opened","damage_taken":0,"relics_obtained":["War Paint"],"max_hp_gain":0,"max_hp_loss":0,"event_name":"The Mausoleum","floor":30,"gold_loss":0},{"damage_healed":0,"gold_gain":0,"player_choice":"Paid Fearfully","damage_taken":0,"max_hp_gain":0,"max_hp_loss":0,"event_name":"Masked Bandits","floor":31,"gold_loss":143}],"is_beta":false,"boss_relics":[{"not_picked":["Calling Bell","Philosopher\u0027s Stone"],"picked":"Tiny House"}],"items_purged_floors":[3,21],"is_endless":false,"potions_floor_spawned":[1,4,6,16,23,24,25],"killed_by":"Collector","ascension_level":6}