{"gold_per_floor":[113,128,144,154,28,58,58,71,123,150,150,182,182,182,182,280,280,299,299,319,167,186,186,211,211,211,236,256,274,293,325,325,425,425,435,535,535,50,50,50,0,0,23,23,55,72,92,92,92,92],"floor_reached":50,"playtime":24666,"items_purged":["Strike_G"],"score":801,"play_id":"a6cdd85e-3bca-4a62-8d91-778cb1f91602","local_time":"20190102001030","is_ascension_mode":true,"campfire_choices":[{"floor":7,"key":"REST"},{"data":"Cloak And Dagger","floor":11,"key":"SMITH"},{"floor":15,"key":"REST"},{"data":"Neutralize","floor":23,"key":"SMITH"},{"data":"A Thousand Cuts","floor":25,"key":"SMITH"},{"floor":32,"key":"REST"},{"data":"Night Terror","floor":40,"key":"SMITH"},{"data":"Infinite Blades","floor":42,"key":"SMITH"},{"data":"Dash","floor":44,"key":"SMITH"},{"data":"Noxious Fumes","floor":49,"key":"SMITH"}],"neow_cost":"NONE","seed_source_timestamp":362380706477922,"circlet_count":0,"master_deck":["Defend_G+1","Defend_G+1","Defend_G+1","Defend_G+1","Defend_G+1","Strike_G+1","Strike_G+1","Strike_G+1","Strike_G+1","Survivor+1","Neutralize+1","Slice","Quick Slash","Cloak And Dagger+1","Quick Slash","Dash","Escape Plan","Die Die Die","Dash+1","A Thousand Cuts+1","Backflip","Blade Dance+1","Cloak And Dagger+1","Night Terror+1","Slice","Escape Plan","Infinite Blades+1","Clumsy","Finisher+1","Noxious Fumes+1"],"relics":["Cursed Key","Pantograph","War Paint","Ornamental Fan","Potion Belt","Runic Pyramid","Oddly Smooth Stone","Blue Candle","Darkstone Periapt","Lantern","Centennial Puzzle","Empty Cage","Turnip","Ice Cream","Red Mask","Regal Pillow","Pear"],"potions_floor_usage":[6,6,6,10,16,16,24,27,31,31,33,48,50,50,50,50],"damage_taken":[{"damage":4,"enemies":"Cultist","floor":1,"turns":5},{"damage":3,"enemies":"2 Louse","floor":2,"turns":3},{"damage":4,"enemies":"Small Slimes","floor":3,"turns":3},{"damage":0,"enemies":"2 Fungi Beasts","floor":4,"turns":4},{"damage":27,"enemies":"Gremlin Nob","floor":6,"turns":5},{"damage":0,"enemies":"Large Slime","floor":8,"turns":6},{"damage":11,"enemies":"Lagavulin","floor":10,"turns":6},{"damage":9,"enemies":"Gremlin Nob","floor":12,"turns":4},{"damage":9,"enemies":"Slime Boss","floor":16,"turns":8},{"damage":7,"enemies":"Spheric Guardian","floor":18,"turns":4},{"damage":2,"enemies":"Chosen","floor":20,"turns":4},{"damage":8,"enemies":"Centurion and Healer","floor":22,"turns":7},{"damage":4,"enemies":"Slavers","floor":24,"turns":5},{"damage":6,"enemies":"Gremlin Leader","floor":27,"turns":5},{"damage":21,"enemies":"Snake Plant","floor":28,"turns":5},{"damage":1,"enemies":"Shelled Parasite and Fungi","floor":29,"turns":7},{"damage":0,"enemies":"Cultist and Chosen","floor":30,"turns":5},{"damage":0,"enemies":"Slavers","floor":31,"turns":3},{"damage":7,"enemies":"Collector","floor":33,"turns":11},{"damage":1,"enemies":"Orb Walker","floor":35,"turns":3},{"damage":0,"enemies":"Mind Bloom Boss Battle","floor":36,"turns":4},{"damage":2,"enemies":"Nemesis","floor":45,"turns":6},{"damage":6,"enemies":"3 Darklings","floor":46,"turns":4},{"damage":7,"enemies":"Spire Growth","floor":47,"turns":5},{"damage":0,"enemies":"Transient","floor":48,"turns":1},{"damage":111,"enemies":"Time Eater","floor":50,"turns":12}],"seed_played":"-2044342191015905242","potions_obtained":[{"floor":4,"key":"EntropicBrew"},{"floor":6,"key":"Dexterity Potion"},{"floor":8,"key":"AttackPotion"},{"floor":12,"key":"AttackPotion"},{"floor":16,"key":"GhostInAJar"},{"floor":20,"key":"Energy Potion"},{"floor":24,"key":"AttackPotion"},{"floor":28,"key":"Block Potion"},{"floor":30,"key":"Dexterity Potion"},{"floor":31,"key":"SpeedPotion"},{"floor":33,"key":"Regen Potion"},{"floor":35,"key":"Dexterity Potion"},{"floor":46,"key":"GhostInAJar"}],"is_trial":false,"path_per_floor":["M","M","M","M","$","E","R","M","T","E","R","E","?","?","R","B",null,"M","?","M","$","M","R","E","R","T","E","M","M","M","E","R","B",null,"M","?","?","$","?","R","?","R","T","R","E","M","M","M","R","B"],"character_chosen":"THE_SILENT","items_purchased":["Quick Slash","Oddly Smooth Stone","Slice","Escape Plan","Ice Cream","Infinite Blades"],"campfire_rested":3,"item_purchase_floors":[5,21,38,38,38,38],"current_hp_per_floor":[59,56,52,52,52,25,46,46,46,35,35,26,26,26,47,61,68,61,61,59,59,51,51,47,47,47,41,20,19,19,19,40,58,67,66,70,70,70,70,70,70,70,76,76,84,78,71,71,71,0],"gold":92,"neow_bonus":"BOSS_RELIC","is_prod":false,"is_daily":false,"chose_seed":false,"campfire_upgraded":7,"win_rate":0,"timestamp":1546409430,"path_taken":["M","M","M","M","$","E","R","M","T","E","R","E","?","?","R","BOSS","M","?","M","$","M","R","E","R","T","E","M","M","M","E","R","BOSS","M","?","?","$","?","R","?","R","T","R","E","M","M","M","R","BOSS"],"build_version":"2018-12-20","purchased_purges":1,"victory":false,"max_hp_per_floor":[70,70,70,70,70,70,70,70,70,70,70,70,70,70,70,70,70,70,70,70,70,70,70,70,70,70,70,70,70,70,70,70,70,70,70,70,70,70,70,70,70,70,76,76,86,86,86,86,86,86],"card_choices":[{"not_picked":["Deflect","Dodge and Roll"],"picked":"Slice","floor":1},{"not_picked":["Dodge and Roll","Backflip"],"picked":"Quick Slash","floor":2},{"not_picked":["Distraction","Outmaneuver"],"picked":"Cloak And Dagger","floor":3},{"not_picked":["Sucker Punch","Expertise","Prepared"],"picked":"SKIP","floor":4},{"not_picked":["Bane","Underhanded Strike"],"picked":"Crippling Poison","floor":6},{"not_picked":["Underhanded Strike","Flying Knee"],"picked":"Backstab","floor":8},{"not_picked":["Dagger Spray","Setup"],"picked":"Dash","floor":10},{"not_picked":["Dodge and Roll","Predator"],"picked":"Escape Plan","floor":12},{"not_picked":["Glass Knife","Burst"],"picked":"Die Die Die","floor":16},{"not_picked":["Masterful Stab","Outmaneuver","Backstab"],"picked":"SKIP","floor":18},{"not_picked":["Quick Slash+1","Slice+1"],"picked":"Dash","floor":20},{"not_picked":["Quick Slash","Heel Hook","Crippling Poison"],"picked":"SKIP","floor":22},{"not_picked":["Underhanded Strike+1","Escape Plan"],"picked":"A Thousand Cuts","floor":24},{"not_picked":["Poisoned Stab","Dagger Spray","Bullet Time"],"picked":"SKIP","floor":27},{"not_picked":["Underhanded Strike+1","Outmaneuver"],"picked":"Backflip","floor":28},{"not_picked":["Expertise","Backflip+1","Bane"],"picked":"SKIP","floor":29},{"not_picked":["Bane","Heel Hook"],"picked":"Blade Dance+1","floor":30},{"not_picked":["Sucker Punch+1","Outmaneuver"],"picked":"Cloak And Dagger+1","floor":31},{"not_picked":["Wraith Form v2","Corpse Explosion"],"picked":"Night Terror","floor":33},{"not_picked":["Predator","Underhanded Strike+1","Tactician+1"],"picked":"SKIP","floor":35},{"not_picked":["Endless Agony","Prepared+1"],"picked":"Finisher+1","floor":45},{"not_picked":["Deadly Poison+1","Acrobatics+1","Dodge and Roll"],"picked":"SKIP","floor":46},{"not_picked":["Heel Hook","Sucker Punch"],"picked":"Noxious Fumes","floor":47}],"player_experience":403898,"relics_obtained":[{"floor":6,"key":"Pantograph"},{"floor":9,"key":"War Paint"},{"floor":10,"key":"Ornamental Fan"},{"floor":12,"key":"Potion Belt"},{"floor":24,"key":"Blue Candle"},{"floor":26,"key":"Darkstone Periapt"},{"floor":27,"key":"Lantern"},{"floor":31,"key":"Centennial Puzzle"},{"floor":36,"key":"Turnip"},{"floor":43,"key":"Regal Pillow"},{"floor":45,"key":"Pear"}],"event_choices":[{"damage_healed":0,"gold_gain":0,"player_choice":"Ignored","damage_taken":0,"max_hp_gain":0,"max_hp_loss":0,"event_name":"Liars Game","floor":13,"gold_loss":0},{"cards_removed":["Doubt"],"damage_healed":0,"gold_gain":0,"player_choice":"Forget","damage_taken":0,"max_hp_gain":0,"max_hp_loss":0,"event_name":"Living Wall","floor":14,"gold_loss":0},{"damage_healed":0,"gold_gain":0,"player_choice":"Simplicity","damage_taken":0,"max_hp_gain":0,"max_hp_loss":0,"event_name":"Back to Basics","floor":19,"gold_loss":0,"cards_upgraded":["Defend_G","Defend_G","Defend_G","Defend_G","Strike_G","Strike_G","Strike_G","Strike_G"]},{"damage_healed":0,"gold_gain":0,"player_choice":"Fight","damage_taken":0,"max_hp_gain":0,"max_hp_loss":0,"event_name":"MindBloom","floor":36,"gold_loss":0},{"damage_healed":0,"gold_gain":0,"player_choice":"Ignored","damage_taken":0,"max_hp_gain":0,"max_hp_loss":0,"event_name":"Mysterious Sphere","floor":37,"gold_loss":0},{"cards_removed":["Backstab"],"damage_healed":0,"gold_gain":0,"player_choice":"Removed Attack","damage_taken":0,"max_hp_gain":0,"max_hp_loss":0,"event_name":"Falling","floor":39,"gold_loss":0},{"damage_healed":0,"gold_gain":0,"player_choice":"Paid","damage_taken":0,"relics_obtained":["Red Mask"],"max_hp_gain":0,"max_hp_loss":0,"event_name":"Tomb of Lord Red Mask","floor":41,"gold_loss":50}],"is_beta":false,"boss_relics":[{"not_picked":["White Beast Statue","Black Star"],"picked":"Runic Pyramid"},{"not_picked":["Eternal Feather","HoveringKite"],"picked":"Empty Cage"}],"items_purged_floors":[5],"is_endless":false,"potions_floor_spawned":[4,6,8,12,16,20,24,28,30,31,33,35,46,48],"killed_by":"Time Eater","ascension_level":7}