{"gold_per_floor":[115,130,16,36,46,81,81,91,117,130,146,177,177,77,77,77],"floor_reached":16,"playtime":24877,"items_purged":["Defend_G","Regret"],"score":114,"play_id":"54b5e28d-35ae-4ce0-88fd-f78653ec90fa","local_time":"20180719020943","is_ascension_mode":false,"campfire_choices":[{"floor":7,"key":"REST"},{"floor":15,"key":"REST"}],"neow_cost":"NONE","seed_source_timestamp":106664768410393,"circlet_count":0,"master_deck":["Defend_G","Defend_G","Defend_G","Defend_G","Strike_G","Strike_G","Strike_G","Strike_G","Strike_G","Survivor","Neutralize","Dodge and Roll","Escape Plan","Well Laid Plans","Dagger Spray","Poisoned Stab","Caltrops","Terror","Deadly Poison","Finisher","Blur"],"relics":["Ring of the Snake","Strawberry","Art of War","Ancient Tea Set","Bag of Preparation","Omamori"],"potions_floor_usage":[6,6,12,16],"damage_taken":[{"damage":0,"enemies":"Cultist","floor":1,"turns":4},{"damage":0,"enemies":"Small Slimes","floor":2,"turns":5},{"damage":2,"enemies":"2 Louse","floor":4,"turns":3},{"damage":10,"enemies":"Large Slime","floor":5,"turns":8},{"damage":34,"enemies":"Lagavulin","floor":6,"turns":9},{"damage":0,"enemies":"3 Louse","floor":8,"turns":3},{"damage":10,"enemies":"2 Fungi Beasts","floor":10,"turns":4},{"damage":4,"enemies":"Gremlin Gang","floor":11,"turns":3},{"damage":18,"enemies":"Gremlin Nob","floor":12,"turns":4},{"damage":54,"enemies":"Slime Boss","floor":16,"turns":7}],"seed_played":"1107957545223093175","potions_obtained":[{"floor":4,"key":"FearPotion"},{"floor":5,"key":"Energy Potion"},{"floor":6,"key":"Weak Potion"},{"floor":8,"key":"Dexterity Potion"}],"is_trial":false,"path_per_floor":["M","M","$","M","M","E","R","M","T","M","M","E","?","$","R"],"character_chosen":"THE_SILENT","items_purchased":["Well Laid Plans"],"campfire_rested":2,"item_purchase_floors":[3],"current_hp_per_floor":[77,77,77,75,65,31,54,54,54,44,40,22,22,22,45,0],"gold":77,"neow_bonus":"RANDOM_COMMON_RELIC","is_prod":false,"is_daily":false,"chose_seed":false,"campfire_upgraded":0,"win_rate":0,"timestamp":1531980583,"path_taken":["M","M","$","M","M","E","R","M","T","M","?","E","?","$","R","BOSS"],"build_version":"2018-07-12","purchased_purges":2,"victory":false,"max_hp_per_floor":[77,77,77,77,77,77,77,77,77,77,77,77,77,77,77,77],"card_choices":[{"not_picked":["Acrobatics","Bane"],"picked":"Dodge and Roll","floor":1},{"not_picked":["Malaise","Deflect"],"picked":"Escape Plan","floor":2},{"not_picked":["Skewer","Quick Slash"],"picked":"Dagger Spray","floor":4},{"not_picked":["Bane","Flying Knee"],"picked":"Poisoned Stab","floor":5},{"not_picked":["Expertise","Night Terror"],"picked":"Caltrops","floor":6},{"not_picked":["Dodge and Roll","Slice"],"picked":"Terror","floor":8},{"not_picked":["Acrobatics","Prepared"],"picked":"Deadly Poison","floor":10},{"not_picked":["Predator","Sucker Punch"],"picked":"Finisher","floor":11},{"not_picked":["Outmaneuver","Dagger Spray"],"picked":"Blur","floor":12}],"player_experience":348407,"relics_obtained":[{"floor":6,"key":"Art of War"},{"floor":9,"key":"Ancient Tea Set"},{"floor":12,"key":"Bag of Preparation"}],"event_choices":[{"event_name":"Big Fish","player_choice":"Box","floor":13,"damage_taken":0}],"boss_relics":[],"items_purged_floors":[3,14],"is_endless":false,"potions_floor_spawned":[4,5,6,8],"killed_by":"Slime Boss","ascension_level":0}