{"gold_per_floor":[113,38,57,70,70,95,95,112,135,149,165,165,189,203,203,305,305,318,318,318,337,337,337,354,368,368,368],"floor_reached":27,"playtime":1109,"items_purged":["Strike_R"],"score":326,"play_id":"4a875067-c42f-4dd5-adf0-2c90432ed500","local_time":"20190112233224","is_ascension_mode":true,"campfire_choices":[{"data":"Cleave","floor":7,"key":"SMITH"},{"data":"Bash","floor":12,"key":"SMITH"},{"data":"Rampage","floor":15,"key":"SMITH"},{"floor":23,"key":"REST"}],"neow_cost":"TEN_PERCENT_HP_LOSS","seed_source_timestamp":83282138495646,"circlet_count":0,"master_deck":["AscendersBane","Strike_R","Strike_R","Strike_R","Defend_R","Defend_R","Defend_R","Bash+1","Perfected Strike","Rampage+1","Thunderclap","Clothesline","Cleave+1","Demon Form","Heavy Blade","Blood for Blood+1","Decay","Armaments","Impervious"],"relics":["Burning Blood","Regal Pillow","Red Skull","Vajra","Mark of Pain","Sundial"],"potions_floor_usage":[16,19,25],"damage_taken":[{"damage":2,"enemies":"2 Louse","floor":1,"turns":3},{"damage":2,"enemies":"Jaw Worm","floor":3,"turns":3},{"damage":0,"enemies":"Small Slimes","floor":4,"turns":3},{"damage":35,"enemies":"Lagavulin","floor":6,"turns":7},{"damage":10,"enemies":"Blue Slaver","floor":8,"turns":3},{"damage":0,"enemies":"Large Slime","floor":10,"turns":4},{"damage":8,"enemies":"Looter","floor":11,"turns":2},{"damage":10,"enemies":"Gremlin Gang","floor":14,"turns":3},{"damage":9,"enemies":"Slime Boss","floor":16,"turns":8},{"damage":24,"enemies":"3 Byrds","floor":18,"turns":5},{"damage":27,"enemies":"Colosseum Slavers","floor":19,"turns":2},{"damage":0,"enemies":"Chosen","floor":21,"turns":3},{"damage":41,"enemies":"Snecko","floor":24,"turns":5},{"damage":22,"enemies":"Snake Plant","floor":25,"turns":3},{"damage":15,"enemies":"3 Cultists","floor":27,"turns":3}],"seed_played":"-7456598131402457994","potions_obtained":[{"floor":1,"key":"AttackPotion"},{"floor":3,"key":"Energy Potion"},{"floor":6,"key":"Dexterity Potion"},{"floor":14,"key":"Energy Potion"},{"floor":21,"key":"Dexterity Potion"}],"is_trial":false,"path_per_floor":["M","$","M","M","?","E","R","M","T","M","M","R","T","M","R","B",null,"M","?","?","M","?","R","M","M","T","M"],"character_chosen":"IRONCLAD","items_purchased":[],"campfire_rested":1,"item_purchase_floors":[],"current_hp_per_floor":[72,72,72,72,72,43,43,39,39,45,43,43,43,39,39,36,63,45,24,24,30,30,66,31,15,15,0],"gold":368,"neow_bonus":"TRANSFORM_TWO_CARDS","is_prod":false,"is_daily":false,"chose_seed":false,"campfire_upgraded":3,"win_rate":0,"timestamp":1547353944,"path_taken":["M","$","M","M","?","E","R","M","T","M","M","R","?","M","R","BOSS","M","?","?","M","?","R","M","M","T","M"],"build_version":"2019-01-10","purchased_purges":1,"victory":false,"max_hp_per_floor":[72,72,72,72,72,72,72,72,72,72,72,72,72,72,72,72,72,72,72,72,72,72,72,72,72,72,72],"card_choices":[{"not_picked":["Rupture","Body Slam","True Grit"],"picked":"SKIP","floor":1},{"not_picked":["Rage","True Grit"],"picked":"Thunderclap","floor":3},{"not_picked":["Clash","Hemokinesis"],"picked":"Clothesline","floor":4},{"not_picked":["Limit Break","Twin Strike"],"picked":"Cleave","floor":6},{"not_picked":["Ghostly Armor","Headbutt","Body Slam"],"picked":"SKIP","floor":8},{"not_picked":["Sword Boomerang","Perfected Strike","Heavy Blade"],"picked":"SKIP","floor":10},{"not_picked":["Anger","Warcry","Carnage"],"picked":"SKIP","floor":11},{"not_picked":["Cleave","Pummel","Flex"],"picked":"SKIP","floor":14},{"not_picked":["Fiend Fire","Juggernaut"],"picked":"Demon Form","floor":16},{"not_picked":["Rampage+1","Anger"],"picked":"Heavy Blade","floor":18},{"not_picked":["Rage","Anger"],"picked":"Blood for Blood+1","floor":21},{"not_picked":["Thunderclap","Twin Strike"],"picked":"Armaments","floor":24},{"not_picked":["Armaments","Whirlwind"],"picked":"Impervious","floor":25}],"player_experience":1741508,"relics_obtained":[{"floor":6,"key":"Regal Pillow"},{"floor":9,"key":"Red Skull"},{"floor":13,"key":"Vajra"},{"floor":26,"key":"Sundial"}],"event_choices":[{"damage_healed":0,"gold_gain":0,"player_choice":"Ignored","damage_taken":0,"max_hp_gain":0,"max_hp_loss":0,"event_name":"Golden Idol","floor":5,"gold_loss":0},{"damage_healed":0,"gold_gain":0,"player_choice":"Fight","damage_taken":0,"max_hp_gain":0,"max_hp_loss":0,"event_name":"Colosseum","floor":19,"gold_loss":0},{"damage_healed":0,"gold_gain":0,"player_choice":"Fled From Nobs","damage_taken":0,"max_hp_gain":0,"max_hp_loss":0,"event_name":"Colosseum","floor":19,"gold_loss":0},{"damage_healed":0,"gold_gain":0,"player_choice":"Ignored","damage_taken":0,"max_hp_gain":0,"max_hp_loss":0,"event_name":"Ghosts","floor":20,"gold_loss":0},{"damage_healed":0,"gold_gain":0,"player_choice":"Smashed Altar","damage_taken":0,"max_hp_gain":0,"max_hp_loss":0,"event_name":"Forgotten Altar","floor":22,"gold_loss":0,"cards_obtained":["Decay"]}],"is_beta":false,"boss_relics":[{"not_picked":["Empty Cage","Busted Crown"],"picked":"Mark of Pain"}],"items_purged_floors":[2],"is_endless":false,"potions_floor_spawned":[1,3,6,14,19,21],"killed_by":"3 Cultists","ascension_level":10}