{"gold_per_floor":[115,128,128,148,159,159,2,2,29,29,63,238,320,70,70,172,172,192,247,266,266,4,4,16,16,316,231,231,131,170,214,214,214],"floor_reached":33,"playtime":3336,"items_purged":["Doubt","Strike_R"],"score":390,"play_id":"72230d0e-05b3-456d-a661-778823196e33","local_time":"20190111230513","is_ascension_mode":true,"campfire_choices":[{"data":"Armaments","floor":6,"key":"SMITH"},{"data":"Bash","floor":8,"key":"SMITH"},{"data":"Spot Weakness","floor":10,"key":"SMITH"},{"floor":15,"key":"REST"},{"floor":23,"key":"REST"},{"data":"Feed","floor":25,"key":"SMITH"},{"data":"Double Tap","floor":28,"key":"SMITH"},{"floor":32,"key":"REST"}],"neow_cost":"NONE","seed_source_timestamp":146645447212037,"circlet_count":0,"master_deck":["AscendersBane","Strike_R","Strike_R","Strike_R","Strike_R+1","Defend_R","Defend_R","Defend_R","Defend_R","Bash+1","Infernal Blade","Flame Barrier+1","Spot Weakness+1","Armaments","Armaments+1","Feed+1","HandOfGreed","Double Tap+1","Flame Barrier","Clothesline","Evolve","Disarm+1"],"relics":["Burning Blood","Happy Flower","Boot","Red Skull","Mummified Hand","Mark of Pain","Red Mask","Meat on the Bone","Old Coin","Darkstone Periapt"],"potions_floor_usage":[16,16,18,33],"damage_taken":[{"damage":0,"enemies":"Small Slimes","floor":1,"turns":3},{"damage":2,"enemies":"2 Louse","floor":2,"turns":2},{"damage":7,"enemies":"Jaw Worm","floor":4,"turns":3},{"damage":6,"enemies":"Blue Slaver","floor":5,"turns":5},{"damage":30,"enemies":"Gremlin Nob","floor":11,"turns":5},{"damage":30,"enemies":"Hexaghost","floor":16,"turns":9},{"damage":13,"enemies":"Shell Parasite","floor":18,"turns":6},{"damage":33,"enemies":"Masked Bandits","floor":19,"turns":5},{"damage":3,"enemies":"Chosen","floor":20,"turns":3},{"damage":18,"enemies":"Snake Plant","floor":24,"turns":3},{"damage":45,"enemies":"3 Cultists","floor":30,"turns":7},{"damage":4,"enemies":"Chosen and Byrds","floor":31,"turns":7},{"damage":86,"enemies":"Automaton","floor":33,"turns":6}],"seed_played":"-3007954988384728378","potions_obtained":[{"floor":2,"key":"Strength Potion"},{"floor":4,"key":"Poison Potion"},{"floor":16,"key":"Block Potion"},{"floor":19,"key":"GamblersBrew"}],"is_trial":false,"path_per_floor":["M","M","?","M","M","R","$","R","T","R","E","?","T","$","R","B",null,"M","?","M","?","$","R","M","R","T","?","R","$","M","M","R","B"],"character_chosen":"IRONCLAD","items_purchased":["Happy Flower","HandOfGreed","Meat on the Bone"],"campfire_rested":3,"item_purchase_floors":[7,14,22],"current_hp_per_floor":[78,80,64,63,63,63,63,63,63,63,39,39,39,39,63,39,70,66,42,48,31,31,59,62,62,62,62,62,62,39,53,83,0],"gold":214,"neow_bonus":"THREE_CARDS","is_prod":false,"is_daily":false,"chose_seed":false,"campfire_upgraded":5,"win_rate":0,"timestamp":1547265913,"path_taken":["M","M","?","M","M","R","$","R","T","R","E","?","?","?","R","BOSS","M","?","M","?","$","R","M","R","T","?","R","$","M","M","R","BOSS"],"build_version":"2019-01-10","purchased_purges":2,"victory":false,"max_hp_per_floor":[80,80,80,80,80,80,80,80,80,80,80,80,80,80,80,80,80,83,86,89,94,94,94,97,97,97,97,97,97,101,101,101,101],"card_choices":[{"not_picked":["Wild Strike","Body Slam"],"picked":"Infernal Blade","floor":0},{"not_picked":["Headbutt","True Grit"],"picked":"Flame Barrier","floor":1},{"not_picked":["Infernal Blade","Havoc"],"picked":"Spot Weakness","floor":2},{"not_picked":["Feel No Pain","Perfected Strike"],"picked":"Armaments","floor":4},{"not_picked":["Perfected Strike","Shrug It Off"],"picked":"Armaments","floor":5},{"not_picked":["Searing Blow","Double Tap"],"picked":"Feed","floor":11},{"not_picked":["Berserk","Immolate"],"picked":"Double Tap","floor":16},{"not_picked":["Twin Strike","Body Slam"],"picked":"Flame Barrier","floor":18},{"not_picked":["True Grit+1","Perfected Strike"],"picked":"Clothesline","floor":20},{"not_picked":["Armaments+1","Warcry"],"picked":"Evolve","floor":24},{"not_picked":["Sword Boomerang","Flex"],"picked":"Disarm+1","floor":30},{"not_picked":["Ghostly Armor","Sentinel","Body Slam"],"picked":"SKIP","floor":31}],"player_experience":1732370,"relics_obtained":[{"floor":9,"key":"Boot"},{"floor":11,"key":"Red Skull"},{"floor":13,"key":"Mummified Hand"},{"floor":19,"key":"Red Mask"},{"floor":26,"key":"Old Coin"}],"event_choices":[{"damage_healed":0,"gold_gain":0,"player_choice":"Entered Light","damage_taken":16,"max_hp_gain":0,"max_hp_loss":0,"event_name":"Shining Light","floor":3,"gold_loss":0,"cards_upgraded":["Strike_R","Flame Barrier"]},{"damage_healed":0,"gold_gain":175,"player_choice":"AGREE","damage_taken":0,"max_hp_gain":0,"max_hp_loss":0,"event_name":"Liars Game","floor":12,"gold_loss":0,"cards_obtained":["Doubt"]},{"damage_healed":0,"gold_gain":0,"player_choice":"Fought Bandits","damage_taken":0,"max_hp_gain":0,"max_hp_loss":0,"event_name":"Masked Bandits","floor":19,"gold_loss":0},{"damage_healed":0,"gold_gain":0,"player_choice":"Shed Blood","damage_taken":22,"max_hp_gain":5,"max_hp_loss":0,"event_name":"Forgotten Altar","floor":21,"gold_loss":0},{"damage_healed":0,"gold_gain":0,"player_choice":"Obtained Relic","damage_taken":0,"relics_obtained":["Darkstone Periapt"],"max_hp_gain":0,"max_hp_loss":0,"event_name":"Addict","floor":27,"gold_loss":85}],"is_beta":false,"boss_relics":[{"not_picked":["Calling Bell","White Beast Statue"],"picked":"Mark of Pain"}],"items_purged_floors":[14,29],"is_endless":false,"potions_floor_spawned":[2,4,16,19],"killed_by":"Automaton","ascension_level":10}