{"gold_per_floor":[369,387,3,16,16,41,41,6,31,31,50,104,134,159,171,183],"floor_reached":16,"playtime":762,"items_purged":["Strike_G"],"score":122,"play_id":"f19ff175-27d2-4ad6-9cb3-8cd2aba126ad","local_time":"20190209114316","is_ascension_mode":true,"campfire_choices":[{"floor":7,"key":"REST"},{"data":"Neutralize","floor":10,"key":"SMITH"},{"data":"Adrenaline","floor":15,"key":"SMITH"}],"neow_cost":"TEN_PERCENT_HP_LOSS","seed_source_timestamp":47100975412052,"circlet_count":0,"master_deck":["Defend_G","Defend_G","Defend_G","Defend_G","Defend_G","Strike_G+1","Strike_G+1","Strike_G","Strike_G","Survivor","Neutralize+1","Acrobatics","Bouncing Flask","Backstab","Bane","Adrenaline+1","Backflip","Flechettes","Prepared","Backstab"],"relics":["Ring of the Snake","Turnip","Bag of Marbles","Whetstone","MawBank"],"potions_floor_usage":[16,16],"damage_taken":[{"damage":6,"enemies":"Cultist","floor":1,"turns":5},{"damage":2,"enemies":"Small Slimes","floor":2,"turns":4},{"damage":6,"enemies":"Jaw Worm","floor":4,"turns":6},{"damage":25,"enemies":"Gremlin Nob","floor":6,"turns":4},{"damage":0,"enemies":"Lots of Slimes","floor":11,"turns":3},{"damage":0,"enemies":"Exordium Wildlife","floor":13,"turns":2},{"damage":5,"enemies":"Blue Slaver","floor":14,"turns":2},{"damage":52,"enemies":"Slime Boss","floor":16,"turns":11}],"seed_played":"1398071945111837561","potions_obtained":[{"floor":4,"key":"SkillPotion"},{"floor":6,"key":"Regen Potion"}],"is_trial":false,"path_per_floor":["M","M","$","M","?","E","R","$","T","R","M","T","M","M","R","B"],"character_chosen":"THE_SILENT","items_purchased":["Turnip","Flechettes"],"campfire_rested":1,"item_purchase_floors":[3,8],"current_hp_per_floor":[57,55,55,49,49,24,42,42,42,42,42,42,42,37,37,0],"gold":183,"neow_bonus":"TWO_FIFTY_GOLD","is_prod":false,"is_daily":false,"chose_seed":false,"campfire_upgraded":2,"win_rate":0,"timestamp":1549730596,"path_taken":["M","?","$","M","?","E","R","?","T","R","M","?","M","?","R","BOSS"],"build_version":"2019-01-23","purchased_purges":1,"victory":false,"max_hp_per_floor":[63,63,63,63,63,63,63,63,63,63,63,63,63,63,63,63],"card_choices":[{"not_picked":["Deflect","Distraction"],"picked":"Acrobatics","floor":1},{"not_picked":["Concentrate","Accuracy"],"picked":"Bouncing Flask","floor":2},{"not_picked":["Flying Knee","Flechettes"],"picked":"Backstab","floor":4},{"not_picked":["Deflect","Infinite Blades"],"picked":"Backflip","floor":6},{"not_picked":["Flying Knee","Blade Dance","Riddle With Holes"],"picked":"SKIP","floor":11},{"not_picked":["Endless Agony","Finisher"],"picked":"Prepared","floor":13},{"not_picked":["Backflip","Quick Slash"],"picked":"Backstab","floor":14}],"player_experience":2120606,"relics_obtained":[{"floor":6,"key":"Bag of Marbles"},{"floor":9,"key":"Whetstone"},{"floor":12,"key":"MawBank"}],"event_choices":[{"damage_healed":0,"gold_gain":0,"player_choice":"2 cards matched","damage_taken":0,"max_hp_gain":0,"max_hp_loss":0,"event_name":"Match and Keep!","floor":5,"gold_loss":0,"cards_obtained":["Bane","Adrenaline"]}],"is_beta":false,"boss_relics":[],"items_purged_floors":[3],"is_endless":false,"potions_floor_spawned":[4,6],"killed_by":"Slime Boss","ascension_level":4}