{"path_per_floor":["M","M","?","?","$","E","R","E","T","R","$","E","M","M","R","B",null,"M","$","?","$","T","R","M","E","T"],"character_chosen":"THE_SILENT","items_purchased":["Dagger Throw","Underhanded Strike","Acrobatics"],"gold_per_floor":[119,137,137,137,11,44,44,84,84,84,36,71,90,111,111,241,241,255,130,130,5,5,5,21,48,48,48],"floor_reached":27,"campfire_rested":1,"playtime":1603,"item_purchase_floors":[5,11,19],"current_hp_per_floor":[49,49,49,42,42,48,48,36,36,36,36,19,19,19,40,39,72,69,69,69,69,69,69,72,34,34,0],"items_purged":["Defend_G","Strike_G","Strike_G"],"gold":48,"score":296,"play_id":"702b33fa-d2cb-4380-a850-c6724e0af4e5","local_time":"20180608031231","is_prod":false,"is_daily":false,"chose_seed":false,"is_ascension_mode":true,"campfire_upgraded":1,"win_rate":0,"timestamp":1528420351,"campfire_choices":[{"data":"Underhanded Strike","floor":7,"key":"SMITH"},{"floor":10,"key":"DIG"},{"floor":15,"key":"REST"},{"floor":23,"key":"DIG"}],"path_taken":["M","M","?","?","$","E","R","E","T","R","?","E","M","M","R","BOSS","M","$","?","$","?","R","M","E","T","E"],"build_version":"2018-06-07","seed_source_timestamp":1919055176501273,"purchased_purges":3,"victory":false,"master_deck":["Defend_G","Defend_G","Defend_G","Strike_G+1","Survivor","Neutralize+1","Underhanded Strike","Heel Hook","Dagger Throw","Underhanded Strike+1","Underhanded Strike","Terror","Doppelganger","Acrobatics"],"max_hp_per_floor":[63,63,58,58,58,72,72,72,72,72,72,72,72,72,72,72,72,72,72,72,72,72,72,72,72,72,72],"relics":["Ring of the Snake","Bloody Idol","Mango","Whetstone","Shovel","Bottled Flame","Oddly Smooth Stone","Lizard Tail","Darkstone Periapt","Art of War","Anchor","Mummified Hand"],"card_choices":[{"not_picked":["Malaise","Dodge and Roll"],"picked":"Underhanded Strike","floor":1},{"not_picked":["Flying Knee","Masterful Stab"],"picked":"Heel Hook","floor":2},{"not_picked":["Venomology","Crippling Poison"],"picked":"Underhanded Strike","floor":6},{"not_picked":["Distraction","Escape Plan","Bane"],"picked":"SKIP","floor":8},{"not_picked":["Distraction","Deflect","Catalyst"],"picked":"SKIP","floor":12},{"not_picked":["Bane","Dagger Spray","Deflect"],"picked":"SKIP","floor":13},{"not_picked":["Malaise","Deflect"],"picked":"Terror","floor":14},{"not_picked":["Unload","Phantasmal Killer"],"picked":"Doppelganger","floor":16},{"not_picked":["Deadly Poison","Sucker Punch+1","PiercingWail"],"picked":"SKIP","floor":18},{"not_picked":["Acrobatics","Infinite Blades","Blade Dance"],"picked":"SKIP","floor":24},{"not_picked":["Slice","Bane+1","Quick Slash"],"picked":"SKIP","floor":25}],"player_experience":249879,"potions_floor_usage":[6,8,16,25,27],"damage_taken":[{"damage":14,"enemies":"Jaw Worm","floor":1,"turns":8},{"damage":0,"enemies":"2 Louse","floor":2,"turns":2},{"damage":23,"enemies":"3 Sentries","floor":6,"turns":8},{"damage":12,"enemies":"Gremlin Nob","floor":8,"turns":3},{"damage":17,"enemies":"3 Sentries","floor":12,"turns":5},{"damage":0,"enemies":"Small Slimes","floor":13,"turns":1},{"damage":0,"enemies":"2 Fungi Beasts","floor":14,"turns":2},{"damage":1,"enemies":"Slime Boss","floor":16,"turns":7},{"damage":3,"enemies":"Shell Parasite","floor":18,"turns":4},{"damage":0,"enemies":"Chosen","floor":24,"turns":3},{"damage":43,"enemies":"Gremlin Leader","floor":25,"turns":6},{"damage":91,"enemies":"Slavers","floor":27,"turns":11}],"relics_obtained":[{"floor":6,"key":"Mango"},{"floor":8,"key":"Whetstone"},{"floor":9,"key":"Shovel"},{"floor":10,"key":"Bottled Flame"},{"floor":12,"key":"Oddly Smooth Stone"},{"floor":22,"key":"Darkstone Periapt"},{"floor":23,"key":"Art of War"},{"floor":25,"key":"Anchor"},{"floor":26,"key":"Mummified Hand"}],"event_choices":[{"event_name":"Golden Idol","player_choice":"Lose Max HP","floor":3,"damage_taken":0},{"event_name":"Golden Wing","player_choice":"Card Removal","floor":4,"damage_taken":0},{"event_name":"Forgotten Altar","player_choice":"Gave Idol","floor":20,"damage_taken":0}],"boss_relics":[{"not_picked":["Ectoplasm","Tiny House"],"picked":"Lizard Tail"}],"items_purged_floors":[5,19,21],"potions_floor_spawned":[1,2,14,16,25],"seed_played":"8828190706074529448","killed_by":"Slavers","ascension_level":4,"potions_obtained":[{"floor":1,"key":"Strength Potion"},{"floor":2,"key":"Regen Potion"},{"floor":14,"key":"Fire Potion"},{"floor":16,"key":"SpeedPotion"},{"floor":25,"key":"Regen Potion"}],"is_trial":false}