{"gold_per_floor":[109,109,127,27,27,56,56,76,126,126,142,142,161,161,161,256,256,270,243,243],"floor_reached":20,"playtime":700,"items_purged":["Strike_G"],"score":218,"play_id":"6dee7908-01b4-441d-8a80-0218abfdf5ee","local_time":"20190301032737","is_ascension_mode":true,"campfire_choices":[{"data":"Dagger Spray","floor":7,"key":"SMITH"},{"floor":10,"key":"REST"},{"data":"Bullet Time","floor":12,"key":"SMITH"},{"data":"Sucker Punch","floor":15,"key":"SMITH"}],"neow_cost":"NONE","seed_source_timestamp":265674351301000,"circlet_count":0,"master_deck":["Defend_G","Defend_G","Defend_G","Defend_G","Defend_G","Strike_G","Strike_G+1","Strike_G+1","Survivor","Neutralize","Dagger Spray+1","Sucker Punch+1","Backflip","Regret","Terror","Backflip","Bullet Time+1","Skewer","Finisher","A Thousand Cuts","Accuracy","Infinite Blades+1"],"relics":["Ring of the Snake","Whetstone","Dream Catcher","Shuriken","Bronze Scales","White Beast Statue"],"potions_floor_usage":[19,20],"damage_taken":[{"damage":1,"enemies":"Jaw Worm","floor":1,"turns":5},{"damage":1,"enemies":"Cultist","floor":3,"turns":3},{"damage":35,"enemies":"Gremlin Nob","floor":6,"turns":5},{"damage":4,"enemies":"Small Slimes","floor":8,"turns":3},{"damage":3,"enemies":"3 Louse","floor":11,"turns":2},{"damage":0,"enemies":"Looter","floor":13,"turns":3},{"damage":14,"enemies":"Hexaghost","floor":16,"turns":9},{"damage":26,"enemies":"Chosen","floor":18,"turns":6},{"damage":27,"enemies":"2 Thieves","floor":19,"turns":5},{"damage":9,"enemies":"Colosseum Slavers","floor":20,"turns":2}],"seed_played":"-3205236190322402863","potions_obtained":[{"floor":1,"key":"Swift Potion"},{"floor":6,"key":"EssenceOfSteel"},{"floor":16,"key":"SmokeBomb"},{"floor":18,"key":"SteroidPotion"},{"floor":19,"key":"GhostInAJar"}],"is_trial":false,"path_per_floor":["M","?","M","$","?","E","R","M","T","R","M","R","M","?","R","B",null,"M","M","?"],"character_chosen":"THE_SILENT","items_purchased":["Backflip"],"campfire_rested":1,"item_purchase_floors":[4],"current_hp_per_floor":[69,69,68,68,68,33,33,29,29,50,47,47,47,47,47,33,61,35,8,0],"gold":243,"neow_bonus":"RANDOM_COMMON_RELIC","is_prod":false,"is_daily":false,"chose_seed":false,"campfire_upgraded":3,"win_rate":0,"timestamp":1551428857,"path_taken":["M","?","?","$","?","E","R","M","T","R","M","R","M","?","R","BOSS","M","M","?"],"build_version":"2019-01-23","purchased_purges":1,"victory":false,"max_hp_per_floor":[70,70,70,70,70,70,70,70,70,70,70,70,70,70,70,70,70,70,70,70],"card_choices":[{"not_picked":["Infinite Blades","Cloak And Dagger"],"picked":"Dagger Spray","floor":1},{"not_picked":["Setup","Caltrops"],"picked":"Sucker Punch","floor":3},{"not_picked":["Deadly Poison","Blade Dance"],"picked":"Terror","floor":6},{"not_picked":["Terror","Calculated Gamble"],"picked":"Backflip","floor":8},{"not_picked":["Blade Dance","Poisoned Stab"],"picked":"Bullet Time","floor":10},{"not_picked":["Setup","Slice"],"picked":"Skewer","floor":11},{"not_picked":["Dodge and Roll","Sucker Punch"],"picked":"Finisher","floor":13},{"not_picked":["Die Die Die","After Image"],"picked":"A Thousand Cuts","floor":16},{"not_picked":["Dash+1","Crippling Poison"],"picked":"Accuracy","floor":18},{"not_picked":["Outmaneuver","Dagger Spray"],"picked":"Infinite Blades+1","floor":19}],"player_experience":2234617,"relics_obtained":[{"floor":6,"key":"Shuriken"},{"floor":9,"key":"Bronze Scales"}],"event_choices":[{"cards_removed":["Strike_G"],"damage_healed":0,"gold_gain":0,"player_choice":"Offered Basic","damage_taken":0,"max_hp_gain":0,"max_hp_loss":0,"event_name":"Bonfire Elementals","floor":2,"gold_loss":0},{"damage_healed":0,"gold_gain":0,"player_choice":"Box","damage_taken":0,"relics_obtained":["Dream Catcher"],"max_hp_gain":0,"max_hp_loss":0,"event_name":"Big Fish","floor":5,"gold_loss":0,"cards_obtained":["Regret"]},{"damage_healed":0,"gold_gain":0,"player_choice":"Ignored","damage_taken":0,"max_hp_gain":0,"max_hp_loss":0,"event_name":"Golden Idol","floor":14,"gold_loss":0},{"damage_healed":0,"gold_gain":0,"player_choice":"Fight","damage_taken":0,"max_hp_gain":0,"max_hp_loss":0,"event_name":"Colosseum","floor":20,"gold_loss":0}],"is_beta":false,"boss_relics":[{"not_picked":["Sozu","Black Star"],"picked":"White Beast Statue"}],"items_purged_floors":[4],"is_endless":false,"potions_floor_spawned":[1,6,16,18,19],"killed_by":"Colosseum Slavers","ascension_level":5}