{"gold_per_floor":[110,60,6,21,21,21,56,75,148,148,148,169,198,211,211,211],"floor_reached":16,"playtime":1178,"items_purged":[],"score":138,"play_id":"bed7c510-2c28-4444-9bb3-b965d4015ccf","local_time":"20190228211103","is_ascension_mode":true,"campfire_choices":[{"floor":6,"key":"REST"},{"data":"Cloak And Dagger","floor":10,"key":"SMITH"},{"floor":15,"key":"REST"}],"neow_cost":"PERCENT_DAMAGE","seed_source_timestamp":242608780496100,"circlet_count":0,"master_deck":["Defend_G","Defend_G","Defend_G","Defend_G","Defend_G","Strike_G","Strike_G","Strike_G","Strike_G","Survivor","Neutralize","PiercingWail","Cloak And Dagger+1","Well Laid Plans","Dagger Throw","Distraction","Leg Sweep","Tools of the Trade+1","Riddle With Holes"],"relics":["Ring of the Snake","Thread and Needle","Blood Vial","Dodecahedron","Frozen Egg 2","Odd Mushroom","Potion Belt"],"potions_floor_usage":[13],"damage_taken":[{"damage":4,"enemies":"2 Louse","floor":1,"turns":4},{"damage":0,"enemies":"Small Slimes","floor":4,"turns":3},{"damage":20,"enemies":"3 Sentries","floor":7,"turns":16},{"damage":0,"enemies":"Jaw Worm","floor":8,"turns":6},{"damage":0,"enemies":"3 Louse","floor":11,"turns":4},{"damage":0,"enemies":"The Mushroom Lair","floor":12,"turns":4},{"damage":25,"enemies":"Gremlin Nob","floor":13,"turns":6},{"damage":0,"enemies":"Exordium Wildlife","floor":14,"turns":7},{"damage":56,"enemies":"Hexaghost","floor":16,"turns":17}],"seed_played":"-3969684835881856548","potions_obtained":[{"floor":7,"key":"GamblersBrew"}],"is_trial":false,"path_per_floor":["M","?","$","M","?","R","E","M","T","R","M","?","E","M","R","B"],"character_chosen":"THE_SILENT","items_purchased":["Cloak And Dagger"],"campfire_rested":2,"item_purchase_floors":[3],"current_hp_per_floor":[45,45,45,45,42,63,45,47,47,47,49,51,28,30,51,0],"gold":211,"neow_bonus":"ONE_RARE_RELIC","is_prod":false,"is_daily":false,"chose_seed":false,"campfire_upgraded":1,"win_rate":0,"timestamp":1551406263,"path_taken":["M","?","$","M","?","R","E","M","T","R","M","?","E","M","R","BOSS"],"build_version":"2019-01-23","purchased_purges":0,"victory":false,"max_hp_per_floor":[70,70,70,70,70,70,70,70,70,70,70,70,70,70,70,70],"card_choices":[{"not_picked":["Sucker Punch","Deadly Poison"],"picked":"PiercingWail","floor":1},{"not_picked":["Bane","Poisoned Stab","Flying Knee"],"picked":"SKIP","floor":4},{"not_picked":["Dodge and Roll","Dash"],"picked":"Well Laid Plans","floor":7},{"not_picked":["Bane","Noxious Fumes"],"picked":"Dagger Throw","floor":8},{"not_picked":["Well Laid Plans+1","Dodge and Roll"],"picked":"Distraction","floor":11},{"not_picked":["Dash","Setup"],"picked":"Leg Sweep","floor":12},{"not_picked":["Underhanded Strike","Dagger Throw"],"picked":"Tools of the Trade+1","floor":13},{"not_picked":["Heel Hook","Poisoned Stab"],"picked":"Riddle With Holes","floor":14}],"player_experience":2233439,"relics_obtained":[{"floor":7,"key":"Dodecahedron"},{"floor":9,"key":"Frozen Egg 2"},{"floor":12,"key":"Odd Mushroom"},{"floor":13,"key":"Potion Belt"}],"event_choices":[{"cards_removed":["Strike_G"],"damage_healed":0,"gold_gain":0,"player_choice":"Card Removal","damage_taken":0,"max_hp_gain":0,"max_hp_loss":0,"event_name":"The Cleric","floor":2,"gold_loss":50},{"damage_healed":0,"gold_gain":0,"player_choice":"Success","damage_taken":3,"relics_obtained":["Blood Vial"],"max_hp_gain":0,"max_hp_loss":0,"event_name":"Scrap Ooze","floor":5,"gold_loss":0},{"damage_healed":0,"gold_gain":0,"player_choice":"Fought Mushrooms","damage_taken":0,"max_hp_gain":0,"max_hp_loss":0,"event_name":"Mushrooms","floor":12,"gold_loss":0}],"is_beta":false,"boss_relics":[],"items_purged_floors":[],"is_endless":false,"potions_floor_spawned":[7],"killed_by":"Hexaghost","ascension_level":5}