{"path_per_floor":["M","M","$","?","M","R","E","R","T","?","?","$","R","M","R","B",null,"M","$","M","M","?","E","M","R","T","?","E","R","E","M","R","B",null,"M","?","$","$","?","E","M","?","T","R","?","R","?","M","R"],"character_chosen":"IRONCLAD","items_purchased":["Shockwave","Clash","Whetstone","Lantern"],"gold_per_floor":[119,138,29,29,39,39,74,74,121,150,150,1,1,19,19,121,121,137,12,29,43,43,376,393,393,393,318,353,353,385,398,398,503,503,519,519,75,75,75,104,122,222,248,248,0,0,46,65,65,65],"floor_reached":50,"campfire_rested":2,"playtime":3237,"item_purchase_floors":[3,12,37,37],"current_hp_per_floor":[72,72,72,72,67,67,72,72,72,70,70,70,70,72,72,64,72,72,72,68,61,61,46,30,51,51,51,43,43,72,63,63,44,72,52,52,52,52,43,35,27,27,27,48,48,48,40,46,46,0],"items_purged":["Defend_R","Regret","Defend_R","Defend_R"],"gold":65,"score":549,"play_id":"f3786d7d-f6e7-4b41-9b04-50f37cda2c73","local_time":"20180530013311","is_prod":false,"is_daily":false,"chose_seed":false,"is_ascension_mode":false,"campfire_upgraded":8,"win_rate":0,"timestamp":1527636791,"campfire_choices":[{"data":"Shockwave","floor":6,"key":"SMITH"},{"data":"Clash","floor":8,"key":"SMITH"},{"data":"Clash","floor":13,"key":"SMITH"},{"data":"Inflame","floor":15,"key":"SMITH"},{"floor":25,"key":"REST"},{"data":"Rage","floor":29,"key":"SMITH"},{"data":"Reaper","floor":32,"key":"SMITH"},{"floor":44,"key":"REST"},{"data":"Demon Form","floor":46,"key":"SMITH"},{"data":"Madness","floor":49,"key":"SMITH"}],"path_taken":["M","M","$","?","M","R","E","R","T","?","?","$","R","M","R","BOSS","M","$","M","M","?","E","M","R","T","?","E","R","E","M","R","BOSS","M","?","?","$","?","E","M","?","T","R","?","R","?","M","R","BOSS"],"build_version":"2018-05-24","seed_source_timestamp":1133877676427574,"purchased_purges":4,"victory":false,"master_deck":["Strike_R","Strike_R+1","Strike_R+1","Strike_R","Bash","Clash+1","Shockwave+1","Dropkick","Twin Strike","Clash+1","Inflame+1","Reaper+1","Rage+1","Clash","Demon Form+1","Panache","Madness+1","Madness","Whirlwind+1","Heavy Blade+1"],"max_hp_per_floor":[72,72,72,72,72,72,72,72,72,72,72,72,72,72,72,72,72,72,72,72,72,72,72,72,72,72,72,72,72,72,72,72,72,72,72,72,72,72,72,72,72,72,72,72,72,72,72,72,72,72],"relics":["Burning Blood","Red Skull","Juzu Bracelet","Happy Flower","Odd Mushroom","Pantograph","Runic Cube","Old Coin","Ginger","Dream Catcher","Boot","Velvet Choker","Whetstone","Lantern","Ancient Tea Set","Pen Nib","Red Mask","Unceasing Top"],"card_choices":[{"not_picked":["True Grit","Body Slam"],"picked":"Clash","floor":1},{"not_picked":["Heavy Blade","Warcry","Anger"],"picked":"SKIP","floor":2},{"not_picked":["Clash","Pommel Strike"],"picked":"Dropkick","floor":5},{"not_picked":["Armaments","Entrench","Shrug It Off"],"picked":"SKIP","floor":7},{"not_picked":["Perfected Strike","Carnage"],"picked":"Twin Strike","floor":10},{"not_picked":["Corruption","Evolve"],"picked":"Inflame","floor":14},{"not_picked":["Impervious","Limit Break"],"picked":"Reaper","floor":16},{"not_picked":["Shrug It Off","Thunderclap","True Grit"],"picked":"SKIP","floor":18},{"not_picked":["Seeing Red","Combust","Havoc+1"],"picked":"SKIP","floor":20},{"not_picked":["Heavy Blade","Shockwave","Wild Strike"],"picked":"SKIP","floor":21},{"not_picked":["Flame Barrier","Impervious","Havoc"],"picked":"SKIP","floor":23},{"not_picked":["Armaments","Hemokinesis","Wild Strike+1"],"picked":"SKIP","floor":24},{"not_picked":["Shrug It Off","Exhume"],"picked":"Rage","floor":28},{"not_picked":["True Grit","Shrug It Off"],"picked":"Clash","floor":30},{"not_picked":["Anger","Uppercut","Combust+1"],"picked":"SKIP","floor":31},{"not_picked":["Limit Break","Brutality"],"picked":"Demon Form","floor":33},{"not_picked":["Feel No Pain","Flex+1","Bloodletting+1"],"picked":"SKIP","floor":35},{"not_picked":["Dark Shackles","Swift Strike"],"picked":"Panache","floor":36},{"not_picked":["Iron Wave+1","Sever Soul+1","Immolate"],"picked":"SKIP","floor":40},{"not_picked":["Twin Strike","Cleave"],"picked":"Whirlwind+1","floor":41},{"not_picked":["Havoc","Combust"],"picked":"Heavy Blade+1","floor":48}],"player_experience":41541,"potions_floor_usage":[18,20,23,28,35,40,50,50],"damage_taken":[{"damage":5,"enemies":"Small Slimes","floor":1,"turns":4},{"damage":1,"enemies":"Cultist","floor":2,"turns":3},{"damage":11,"enemies":"Jaw Worm","floor":5,"turns":2},{"damage":1,"enemies":"Gremlin Nob","floor":7,"turns":3},{"damage":8,"enemies":"The Mushroom Lair","floor":10,"turns":3},{"damage":3,"enemies":"3 Louse","floor":14,"turns":2},{"damage":14,"enemies":"Slime Boss","floor":16,"turns":6},{"damage":10,"enemies":"Chosen","floor":18,"turns":6},{"damage":10,"enemies":"Spheric Guardian","floor":20,"turns":3},{"damage":27,"enemies":"Centurion and Healer","floor":21,"turns":4},{"damage":31,"enemies":"Gremlin Leader","floor":23,"turns":6},{"damage":22,"enemies":"Sentry and Sphere","floor":24,"turns":4},{"damage":29,"enemies":"Book of Stabbing","floor":28,"turns":4},{"damage":18,"enemies":"Slavers","floor":30,"turns":3},{"damage":25,"enemies":"Slaver and Parasite","floor":31,"turns":4},{"damage":45,"enemies":"Champ","floor":33,"turns":7},{"damage":26,"enemies":"3 Shapes","floor":35,"turns":3},{"damage":36,"enemies":"2 Orb Walkers","floor":40,"turns":3},{"damage":25,"enemies":"3 Darklings","floor":41,"turns":4},{"damage":28,"enemies":"Mysterious Sphere","floor":47,"turns":2},{"damage":5,"enemies":"Maw","floor":48,"turns":5},{"damage":89,"enemies":"Time Eater","floor":50,"turns":7}],"relics_obtained":[{"floor":7,"key":"Juzu Bracelet"},{"floor":9,"key":"Happy Flower"},{"floor":10,"key":"Odd Mushroom"},{"floor":23,"key":"Old Coin"},{"floor":26,"key":"Ginger"},{"floor":28,"key":"Dream Catcher"},{"floor":30,"key":"Boot"},{"floor":40,"key":"Ancient Tea Set"},{"floor":43,"key":"Pen Nib"},{"floor":47,"key":"Unceasing Top"}],"event_choices":[{"event_name":"Purifier","player_choice":"One Purge","floor":4,"damage_taken":0},{"event_name":"Mushrooms","player_choice":"Fought Mushrooms","floor":10,"damage_taken":0},{"event_name":"Big Fish","player_choice":"Box","floor":11,"damage_taken":0},{"event_name":"Ghosts","player_choice":"Ignored","floor":22,"damage_taken":0},{"event_name":"Beggar","player_choice":"Gave Gold","floor":27,"damage_taken":0},{"event_name":"SensoryStone","player_choice":"Memory 1","floor":36,"damage_taken":0},{"event_name":"Winding Halls","player_choice":"Embrace Madness","floor":39,"damage_taken":0},{"event_name":"Golden Shrine","player_choice":"Pray","floor":42,"damage_taken":0},{"event_name":"Tomb of Lord Red Mask","player_choice":"Paid","floor":45,"damage_taken":0},{"event_name":"Mysterious Sphere","player_choice":"Fight","floor":47,"damage_taken":0}],"boss_relics":[{"not_picked":["Runic Pyramid","Philosopher\u0027s Stone"],"picked":"Runic Cube"},{"not_picked":["Black Blood","Black Star"],"picked":"Velvet Choker"}],"items_purged_floors":[3,12,19,37],"potions_floor_spawned":[2,7,10,24,28,30,40,48],"seed_played":"7905953907597922586","killed_by":"Time Eater","ascension_level":0,"potions_obtained":[{"floor":2,"key":"GamblersBrew"},{"floor":7,"key":"FearPotion"},{"floor":10,"key":"Fire Potion"},{"floor":24,"key":"PowerPotion"},{"floor":28,"key":"Fire Potion"},{"floor":30,"key":"FearPotion"},{"floor":40,"key":"Ancient Potion"},{"floor":48,"key":"FearPotion"}],"is_trial":false}