{"gold_per_floor":[112,37,55,74,74,74,74,74,74,74,108,108,133,133,133,238,238,223,173,173,185,185,185],"floor_reached":23,"playtime":855,"items_purged":["Decay","Defend_R"],"score":340,"play_id":"3d8e9f42-f9b9-4668-a862-842b7f3c5d49","local_time":"20180727134318","is_ascension_mode":true,"campfire_choices":[{"data":"Demon Form","floor":6,"key":"SMITH"},{"data":"Warcry","floor":8,"key":"SMITH"},{"data":"Heavy Blade","floor":10,"key":"SMITH"},{"data":"1","floor":12,"key":"LIFT"},{"data":"2","floor":15,"key":"LIFT"}],"neow_cost":"CURSE","seed_source_timestamp":3514257586180762,"circlet_count":0,"master_deck":["Defend_R","Defend_R","Bash","AscendersBane","Demon Form+1","Clash","Heavy Blade+1","Warcry+1","Reaper","Seeing Red","Bite","Bite","Bite","Bite","Bite"],"relics":["Burning Blood","Lantern","Smiling Mask","Girya","Odd Mushroom","Runic Pyramid"],"potions_floor_usage":[11,13,16],"damage_taken":[{"damage":7,"enemies":"Jaw Worm","floor":1,"turns":6},{"damage":4,"enemies":"Small Slimes","floor":3,"turns":4},{"damage":2,"enemies":"2 Louse","floor":4,"turns":3},{"damage":16,"enemies":"Gremlin Nob","floor":11,"turns":3},{"damage":11,"floor":13,"turns":4},{"damage":39,"enemies":"Hexaghost","floor":16,"turns":6},{"damage":34,"enemies":"2 Thieves","floor":18,"turns":4},{"damage":35,"enemies":"Shell Parasite","floor":21,"turns":5},{"damage":70,"enemies":"Book of Stabbing","floor":23,"turns":4}],"seed_played":"6961431116856485703","potions_obtained":[{"floor":3,"key":"Strength Potion"},{"floor":4,"key":"FearPotion"},{"floor":11,"key":"GamblersBrew"},{"floor":13,"key":"Dexterity Potion"}],"is_trial":false,"path_per_floor":["M","$","M","M","$","R","?","R","T","R","E","R","?","?","R","B",null,"M","$","?","M","?"],"character_chosen":"IRONCLAD","items_purchased":[],"campfire_rested":0,"item_purchase_floors":[],"current_hp_per_floor":[71,71,73,77,77,77,70,70,70,70,60,60,55,48,48,15,64,47,47,73,56,56,0],"gold":185,"neow_bonus":"THREE_RARE_CARDS","is_prod":false,"is_daily":false,"chose_seed":false,"campfire_upgraded":3,"win_rate":0,"timestamp":1532691798,"path_taken":["M","$","M","M","$","R","?","R","T","R","E","R","?","?","R","BOSS","M","$","?","M","?","E"],"build_version":"2018-07-26","purchased_purges":2,"victory":false,"max_hp_per_floor":[80,80,80,80,80,80,80,80,80,80,80,80,80,80,80,80,80,80,80,80,80,56,56],"card_choices":[{"not_picked":["Limit Break","Impervious"],"picked":"Demon Form","floor":0},{"not_picked":["Second Wind","Twin Strike"],"picked":"Clash","floor":1},{"not_picked":["Sword Boomerang","Pommel Strike"],"picked":"Heavy Blade","floor":3},{"not_picked":["Searing Blow","Wild Strike"],"picked":"Warcry","floor":4},{"not_picked":["Anger","Blood for Blood","Rampage"],"picked":"SKIP","floor":11},{"not_picked":["Brutality","Berserk"],"picked":"Reaper","floor":16},{"not_picked":["Warcry","Armaments","Clothesline+1"],"picked":"SKIP","floor":18},{"not_picked":["Carnage","Wild Strike"],"picked":"Seeing Red","floor":21}],"player_experience":388271,"relics_obtained":[{"floor":9,"key":"Smiling Mask"},{"floor":11,"key":"Girya"},{"floor":13,"key":"Odd Mushroom"}],"event_choices":[{"event_name":"Scrap Ooze","player_choice":"success","floor":7,"damage_taken":7},{"event_name":"Mushrooms","player_choice":"Fought Mushrooms","floor":13,"damage_taken":0},{"event_name":"Golden Wing","player_choice":"Card Removal","floor":14,"damage_taken":0},{"event_name":"The Library","player_choice":"Heal","floor":20,"damage_taken":0},{"event_name":"Vampires","player_choice":"Became a vampire","floor":22,"damage_taken":0}],"is_beta":false,"boss_relics":[{"not_picked":["Lizard Tail","Coffee Dripper"],"picked":"Runic Pyramid"}],"items_purged_floors":[2,19],"is_endless":false,"potions_floor_spawned":[3,4,11,13],"killed_by":"Book of Stabbing","ascension_level":10}