{"gold_per_floor":[117,42,59,59,79,79,95,112,112,123,150,177,177,191,191,191],"floor_reached":16,"playtime":1099,"items_purged":["Strike_R"],"score":156,"play_id":"34cf99d2-4751-4283-94d1-035d4ff6204a","local_time":"20190111220920","is_ascension_mode":true,"campfire_choices":[{"floor":6,"key":"REST"},{"floor":15,"key":"REST"}],"neow_cost":"PERCENT_DAMAGE","seed_source_timestamp":145530139252273,"circlet_count":0,"master_deck":["AscendersBane","Strike_R","Strike_R","Strike_R","Strike_R","Defend_R","Defend_R","Defend_R","Defend_R","Bash","Infernal Blade","Pommel Strike","Shrug It Off","Searing Blow","Flame Barrier","Immolate","Feel No Pain","Battle Trance"],"relics":["Burning Blood","Torii","Turnip","Champion Belt","Ice Cream","Odd Mushroom","Oddly Smooth Stone"],"potions_floor_usage":[10,14,16],"damage_taken":[{"damage":2,"enemies":"Cultist","floor":1,"turns":4},{"damage":1,"enemies":"Small Slimes","floor":3,"turns":4},{"damage":9,"enemies":"Jaw Worm","floor":5,"turns":5},{"damage":10,"enemies":"3 Louse","floor":7,"turns":3},{"damage":20,"enemies":"Exordium Wildlife","floor":8,"turns":5},{"damage":1,"enemies":"Looter","floor":10,"turns":3},{"damage":51,"enemies":"Gremlin Nob","floor":11,"turns":6},{"damage":6,"enemies":"The Mushroom Lair","floor":12,"turns":3},{"damage":1,"enemies":"Lots of Slimes","floor":14,"turns":4},{"damage":42,"enemies":"Hexaghost","floor":16,"turns":13}],"seed_played":"1399271188789945369","potions_obtained":[{"floor":1,"key":"Energy Potion"},{"floor":8,"key":"LiquidBronze"},{"floor":12,"key":"Fire Potion"},{"floor":14,"key":"FearPotion"}],"is_trial":false,"path_per_floor":["M","$","M","?","M","R","M","M","T","M","E","?","T","M","R","B"],"character_chosen":"IRONCLAD","items_purchased":[],"campfire_rested":2,"item_purchase_floors":[],"current_hp_per_floor":[55,55,60,48,45,69,65,51,51,56,11,11,11,16,40,0],"gold":191,"neow_bonus":"ONE_RARE_RELIC","is_prod":false,"is_daily":false,"chose_seed":false,"campfire_upgraded":0,"win_rate":0,"timestamp":1547262560,"path_taken":["M","?","M","?","M","R","M","?","T","M","E","?","?","M","R","BOSS"],"build_version":"2019-01-10","purchased_purges":1,"victory":false,"max_hp_per_floor":[80,80,80,80,80,80,80,80,80,80,80,80,80,80,80,80],"card_choices":[{"not_picked":["Pommel Strike","Uppercut"],"picked":"Infernal Blade","floor":1},{"not_picked":["Body Slam","Warcry"],"picked":"Pommel Strike","floor":3},{"not_picked":["Thunderclap","Twin Strike","Sword Boomerang"],"picked":"SKIP","floor":5},{"not_picked":["Warcry","Pommel Strike"],"picked":"Shrug It Off","floor":7},{"not_picked":["Thunderclap","Reckless Charge"],"picked":"Searing Blow","floor":8},{"not_picked":["Clothesline","Perfected Strike"],"picked":"Flame Barrier","floor":10},{"not_picked":["Perfected Strike","Sentinel"],"picked":"Immolate","floor":11},{"not_picked":["Perfected Strike","Metallicize"],"picked":"Feel No Pain","floor":12},{"not_picked":["Rupture","Shockwave"],"picked":"Battle Trance","floor":14}],"player_experience":1731271,"relics_obtained":[{"floor":9,"key":"Champion Belt"},{"floor":11,"key":"Ice Cream"},{"floor":12,"key":"Odd Mushroom"},{"floor":13,"key":"Oddly Smooth Stone"}],"event_choices":[{"damage_healed":0,"gold_gain":0,"player_choice":"Success","damage_taken":12,"relics_obtained":["Turnip"],"max_hp_gain":0,"max_hp_loss":0,"event_name":"Scrap Ooze","floor":4,"gold_loss":0},{"damage_healed":0,"gold_gain":0,"player_choice":"Fought Mushrooms","damage_taken":0,"max_hp_gain":0,"max_hp_loss":0,"event_name":"Mushrooms","floor":12,"gold_loss":0}],"is_beta":false,"boss_relics":[],"items_purged_floors":[2],"is_endless":false,"potions_floor_spawned":[1,8,12,14],"killed_by":"Hexaghost","ascension_level":10}