{"gold_per_floor":[368,382,396,199,199,199,222,222,274,287,39,71,36,50,50,155,155,172,192,212,212,212,212,212,212],"floor_reached":25,"playtime":3425,"items_purged":["Strike_G"],"score":251,"play_id":"00801b68-0e45-4f83-ba27-ab257f65e74b","local_time":"20190220155837","is_ascension_mode":true,"campfire_choices":[{"data":"Bouncing Flask","floor":6,"key":"SMITH"},{"data":"Neutralize","floor":8,"key":"SMITH"},{"floor":15,"key":"REST"},{"floor":23,"key":"REST"}],"neow_cost":"TEN_PERCENT_HP_LOSS","seed_source_timestamp":161871857623400,"circlet_count":0,"master_deck":["Defend_G","Defend_G","Defend_G","Defend_G","Defend_G","Strike_G","Strike_G","Strike_G","Strike_G","Survivor","Neutralize+1","Backstab","Deadly Poison","Bouncing Flask+1","Sadistic Nature","Terror","Noxious Fumes","White Noise","Amplify","Deflect","Armaments","Decay"],"relics":["Ring of the Snake","Snake Skull","Odd Mushroom","Smiling Mask","PrismaticShard","Pen Nib","Cursed Key","MutagenicStrength"],"potions_floor_usage":[7,12,19],"damage_taken":[{"damage":0,"enemies":"Small Slimes","floor":1,"turns":4},{"damage":0,"enemies":"2 Louse","floor":2,"turns":2},{"damage":0,"enemies":"Jaw Worm","floor":3,"turns":4},{"damage":17,"enemies":"The Mushroom Lair","floor":7,"turns":4},{"damage":10,"enemies":"Blue Slaver","floor":10,"turns":3},{"damage":12,"enemies":"3 Sentries","floor":12,"turns":6},{"damage":0,"enemies":"Large Slime","floor":14,"turns":3},{"damage":15,"enemies":"The Guardian","floor":16,"turns":7},{"damage":8,"enemies":"Spheric Guardian","floor":18,"turns":3},{"damage":24,"enemies":"2 Thieves","floor":19,"turns":4},{"damage":16,"enemies":"Centurion and Healer","floor":20,"turns":6},{"damage":30,"enemies":"Gremlin Leader","floor":25,"turns":4}],"seed_played":"3092202152057213248","potions_obtained":[{"floor":2,"key":"FearPotion"},{"floor":3,"key":"Fire Potion"},{"floor":10,"key":"AttackPotion"},{"floor":14,"key":"Fire Potion"}],"is_trial":false,"path_per_floor":["M","M","M","$","?","R","?","R","T","M","$","E","?","M","R","B",null,"M","M","M","?","?","R","?","E"],"character_chosen":"THE_SILENT","items_purchased":["Sadistic Nature","PrismaticShard"],"campfire_rested":2,"item_purchase_floors":[4,11],"current_hp_per_floor":[63,63,63,63,56,56,39,39,39,29,29,17,32,32,50,35,56,48,24,8,8,8,26,26,0],"gold":212,"neow_bonus":"TWO_FIFTY_GOLD","is_prod":false,"is_daily":false,"chose_seed":false,"campfire_upgraded":2,"win_rate":0,"timestamp":1550696317,"path_taken":["M","M","M","$","?","R","?","R","T","M","$","E","?","?","R","BOSS","M","M","M","?","?","R","?","E"],"build_version":"2019-01-23","purchased_purges":1,"victory":false,"max_hp_per_floor":[63,63,63,63,63,63,63,63,63,63,63,63,63,63,63,63,63,63,63,63,63,63,63,63,63],"card_choices":[{"not_picked":["Deadly Poison","Slice"],"picked":"Backstab","floor":1},{"not_picked":["Predator","Slice"],"picked":"Deadly Poison","floor":2},{"not_picked":["Dodge and Roll","Infinite Blades"],"picked":"Bouncing Flask","floor":3},{"not_picked":["Blade Dance","Deflect"],"picked":"Terror","floor":7},{"not_picked":["Quick Slash","Deadly Poison"],"picked":"Noxious Fumes","floor":10},{"not_picked":["Double Tap","Predator"],"picked":"White Noise","floor":12},{"not_picked":["Masterful Stab","Rampage","Rebound"],"picked":"SKIP","floor":14},{"not_picked":["Fission","Core Surge"],"picked":"Amplify","floor":16},{"not_picked":["Barrage+1","Masterful Stab+1"],"picked":"Deflect","floor":18},{"not_picked":["Finisher","Turbo+1"],"picked":"Armaments","floor":19},{"not_picked":["Cloak And Dagger","Electrodynamics","Iron Wave"],"picked":"SKIP","floor":20}],"player_experience":2182122,"relics_obtained":[{"floor":7,"key":"Odd Mushroom"},{"floor":9,"key":"Smiling Mask"},{"floor":12,"key":"Pen Nib"}],"event_choices":[{"damage_healed":0,"gold_gain":0,"player_choice":"Success","damage_taken":7,"relics_obtained":["Snake Skull"],"max_hp_gain":0,"max_hp_loss":0,"event_name":"Scrap Ooze","floor":5,"gold_loss":0},{"damage_healed":0,"gold_gain":0,"player_choice":"Fought Mushrooms","damage_taken":0,"max_hp_gain":0,"max_hp_loss":0,"event_name":"Mushrooms","floor":7,"gold_loss":0},{"damage_healed":15,"gold_gain":0,"player_choice":"Healed","damage_taken":0,"max_hp_gain":0,"max_hp_loss":0,"event_name":"The Cleric","floor":13,"gold_loss":35},{"damage_healed":0,"gold_gain":0,"player_choice":"Inject Mutagens","damage_taken":0,"relics_obtained":["MutagenicStrength"],"max_hp_gain":0,"max_hp_loss":0,"event_name":"Drug Dealer","floor":21,"gold_loss":0},{"damage_healed":0,"gold_gain":0,"player_choice":"Ignored","damage_taken":0,"max_hp_gain":0,"max_hp_loss":0,"event_name":"Cursed Tome","floor":22,"gold_loss":0},{"damage_healed":0,"gold_gain":0,"player_choice":"Smashed Altar","damage_taken":0,"max_hp_gain":0,"max_hp_loss":0,"event_name":"Forgotten Altar","floor":24,"gold_loss":0,"cards_obtained":["Decay"]}],"is_beta":false,"boss_relics":[{"not_picked":["Coffee Dripper","Orrery"],"picked":"Cursed Key"}],"items_purged_floors":[11],"is_endless":false,"potions_floor_spawned":[2,3,10,14],"killed_by":"Gremlin Leader","ascension_level":5}