{"gold_per_floor":[111,111,130,144,157,157,192,210,210,246,246,282,301,52,52,182,182,200,218,133,148,148,148,188,188,188,113,131,166,166,210,210,338,338,357,371,390,47,0,38,38,69,69,90,158,158,158,158,158,158,158,158,7,41,41],"floor_reached":56,"playtime":5771,"items_purged":["Strike_B","Strike_B"],"score":1730,"play_id":"92d3b0d9-e85e-4875-a80f-400ea023608a","local_time":"20190128125053","is_ascension_mode":true,"campfire_choices":[{"data":"Darkness","floor":6,"key":"SMITH"},{"floor":11,"key":"REST"},{"data":"Buffer","floor":15,"key":"SMITH"},{"data":"Buffer","floor":23,"key":"SMITH"},{"data":"Coolheaded","floor":25,"key":"SMITH"},{"floor":32,"key":"REST"},{"floor":41,"key":"RECALL"},{"data":"1","floor":49,"key":"LIFT"},{"data":"2","floor":52,"key":"LIFT"}],"neow_cost":"NONE","seed_source_timestamp":512096350414782,"circlet_count":0,"master_deck":["Strike_B+1","Defend_B+1","Defend_B+1","Defend_B+1","Defend_B+1","Zap+1","Dualcast+1","Cold Snap+1","Tempest+1","Auto Shields+1","Darkness+1","Buffer+1","Conserve Battery+1","FTL+1","Coolheaded+1","Doom and Gloom+1","Buffer+1","Loop+1","White Noise+1","Force Field+1","Heatsinks+1","Echo Form+1","Coolheaded+1","Storm+1","Mayhem+1","FTL+1","Coolheaded+1","Redo+1"],"relics":["Cracked Core","Golden Idol","Emotion Chip","Bag of Preparation","Centennial Puzzle","Question Card","Mercury Hourglass","Busted Crown","Mummified Hand","Symbiotic Virus","Pear","Girya","Juzu Bracelet","Fusion Hammer","Red Mask","Ice Cream","Lantern","Incense Burner","Mark of the Bloom","DataDisk","Shuriken"],"potions_floor_usage":[7,10,31,33,33,55,55],"damage_taken":[{"damage":2,"enemies":"2 Louse","floor":1,"turns":2},{"damage":2,"enemies":"Jaw Worm","floor":3,"turns":3},{"damage":0,"enemies":"Small Slimes","floor":4,"turns":3},{"damage":11,"enemies":"Gremlin Gang","floor":5,"turns":7},{"damage":17,"enemies":"Lagavulin","floor":7,"turns":6},{"damage":4,"enemies":"Looter","floor":8,"turns":4},{"damage":11,"enemies":"3 Sentries","floor":10,"turns":6},{"damage":8,"enemies":"Lagavulin","floor":12,"turns":5},{"damage":0,"enemies":"2 Fungi Beasts","floor":13,"turns":3},{"damage":0,"enemies":"Slime Boss","floor":16,"turns":7},{"damage":2,"enemies":"3 Byrds","floor":18,"turns":3},{"damage":3,"enemies":"Shell Parasite","floor":19,"turns":5},{"damage":24,"enemies":"Cultist and Chosen","floor":21,"turns":5},{"damage":7,"enemies":"Book of Stabbing","floor":24,"turns":6},{"damage":2,"enemies":"Shelled Parasite and Fungi","floor":28,"turns":2},{"damage":13,"enemies":"Slavers","floor":29,"turns":3},{"damage":0,"enemies":"Book of Stabbing","floor":31,"turns":4},{"damage":0,"enemies":"Collector","floor":33,"turns":8},{"damage":0,"enemies":"Orb Walker","floor":35,"turns":3},{"damage":0,"enemies":"3 Darklings","floor":36,"turns":3},{"damage":0,"enemies":"Sphere and 2 Shapes","floor":37,"turns":4},{"damage":0,"enemies":"Nemesis","floor":40,"turns":9},{"damage":0,"enemies":"Giant Head","floor":42,"turns":10},{"damage":2,"enemies":"Jaw Worm Horde","floor":44,"turns":3},{"damage":0,"enemies":"2 Orb Walkers","floor":45,"turns":4},{"damage":0,"enemies":"Donu and Deca","floor":50,"turns":8},{"damage":2,"enemies":"Shield and Spear","floor":54,"turns":4},{"damage":67,"enemies":"The Heart","floor":55,"turns":9}],"seed_played":"2472311683413171962","potions_obtained":[{"floor":5,"key":"Weak Potion"},{"floor":7,"key":"Fire Potion"},{"floor":10,"key":"FairyPotion"},{"floor":16,"key":"Fire Potion"},{"floor":24,"key":"SkillPotion"},{"floor":31,"key":"Block Potion"},{"floor":33,"key":"FocusPotion"},{"floor":37,"key":"Fire Potion"}],"is_trial":false,"path_per_floor":["M","?","M","M","M","R","E","M","T","E","R","E","M","$","R","B",null,"M","M","?","M","?","R","E","R","T","$","M","E","?","E","R","B",null,"M","M","M","$","?","E","R","E","T","M","?","?","?","?","R","B",null,"R","$","E","B",null],"character_chosen":"DEFECT","items_purchased":["Mercury Hourglass","Mayhem","FTL","DataDisk"],"campfire_rested":2,"item_purchase_floors":[14,38,38,53],"current_hp_per_floor":[73,55,53,53,42,42,25,21,21,10,32,24,24,24,24,24,75,73,70,70,46,46,46,39,39,49,49,47,34,34,34,59,59,85,85,85,85,85,85,85,85,85,85,83,83,83,83,81,81,81,81,81,81,79,12],"gold":41,"neow_bonus":"REMOVE_CARD","is_prod":false,"is_daily":false,"chose_seed":false,"campfire_upgraded":4,"win_rate":0,"timestamp":1548701453,"path_taken":["M","?","M","M","M","R","E","M","T","E","R","E","M","$","R","BOSS","M","M","?","M","?","R","E","R","T","$","?","E","?","E","R","BOSS","M","M","M","$","?","E","R","E","T","M","?","?","?","?","R","BOSS","R","$","E","BOSS"],"build_version":"2019-01-23","purchased_purges":2,"victory":true,"max_hp_per_floor":[75,75,75,75,75,75,75,75,75,75,75,75,75,75,75,75,75,75,75,75,75,75,75,75,75,85,85,85,85,85,85,85,85,85,85,85,85,85,85,85,85,85,85,85,85,85,85,81,81,81,81,81,81,81,81],"card_choices":[{"not_picked":["Steam","Reprogram"],"picked":"Cold Snap","floor":1},{"not_picked":["Compile Driver","Static Discharge"],"picked":"Tempest","floor":3},{"not_picked":["Undo","Go for the Eyes"],"picked":"Auto Shields","floor":4},{"not_picked":["Ball Lightning","Lockon"],"picked":"Darkness","floor":5},{"not_picked":["Chill","Beam Cell"],"picked":"Buffer","floor":7},{"not_picked":["Rebound","Hello World"],"picked":"Conserve Battery","floor":8},{"not_picked":["Ball Lightning","Hello World"],"picked":"FTL","floor":10},{"not_picked":["Hyperbeam","Self Repair"],"picked":"Coolheaded","floor":12},{"not_picked":["Force Field","Beam Cell","Glacier"],"picked":"Doom and Gloom","floor":13},{"not_picked":["All For One","Meteor Strike","Hyperbeam"],"picked":"Buffer","floor":16},{"not_picked":["Compile Driver"],"picked":"Loop","floor":18},{"not_picked":["Beam Cell","Lockon"],"picked":"SKIP","floor":19},{"not_picked":["Barrage"],"picked":"White Noise","floor":21},{"not_picked":["Barrage"],"picked":"Force Field","floor":24},{"not_picked":["Steam Power"],"picked":"Heatsinks","floor":28},{"not_picked":["Lockon","Ball Lightning"],"picked":"SKIP","floor":29},{"not_picked":["Steam","Stack+1"],"picked":"SKIP","floor":31},{"not_picked":["Rainbow"],"picked":"Echo Form","floor":33},{"not_picked":["Consume+1"],"picked":"Coolheaded","floor":35},{"not_picked":["Ball Lightning+1","Rebound+1"],"picked":"SKIP","floor":36},{"not_picked":["Steam"],"picked":"Storm+1","floor":37},{"not_picked":["Loop"],"picked":"Coolheaded+1","floor":40},{"not_picked":["Steam"],"picked":"Redo","floor":42},{"not_picked":["Genetic Algorithm+1","Ball Lightning"],"picked":"SKIP","floor":44},{"not_picked":["Turbo+1","Compile Driver+1"],"picked":"SKIP","floor":54}],"player_experience":557317,"relics_obtained":[{"floor":7,"key":"Emotion Chip"},{"floor":9,"key":"Bag of Preparation"},{"floor":10,"key":"Centennial Puzzle"},{"floor":12,"key":"Question Card"},{"floor":24,"key":"Symbiotic Virus"},{"floor":26,"key":"Pear"},{"floor":29,"key":"Girya"},{"floor":31,"key":"Juzu Bracelet"},{"floor":40,"key":"Ice Cream"},{"floor":42,"key":"Lantern"},{"floor":45,"key":"Incense Burner"},{"floor":54,"key":"Shuriken"}],"event_choices":[{"damage_healed":0,"gold_gain":0,"player_choice":"Take Damage","damage_taken":18,"relics_obtained":["Golden Idol"],"max_hp_gain":0,"max_hp_loss":0,"event_name":"Golden Idol","floor":2,"gold_loss":0},{"damage_healed":0,"gold_gain":0,"player_choice":"Obtained Relic","damage_taken":0,"relics_obtained":["Mummified Hand"],"max_hp_gain":0,"max_hp_loss":0,"event_name":"Addict","floor":20,"gold_loss":85},{"damage_healed":0,"gold_gain":0,"player_choice":"Upgraded","damage_taken":0,"max_hp_gain":0,"max_hp_loss":0,"event_name":"Upgrade Shrine","floor":22,"gold_loss":0,"cards_upgraded":["White Noise"]},{"damage_healed":0,"gold_gain":0,"player_choice":"Ignored","damage_taken":0,"max_hp_gain":0,"max_hp_loss":0,"event_name":"Ghosts","floor":30,"gold_loss":0},{"damage_healed":0,"gold_gain":0,"player_choice":"Paid","damage_taken":0,"relics_obtained":["Red Mask"],"max_hp_gain":0,"max_hp_loss":0,"event_name":"Tomb of Lord Red Mask","floor":39,"gold_loss":47},{"damage_healed":0,"gold_gain":0,"player_choice":"Fight","damage_taken":0,"max_hp_gain":0,"max_hp_loss":0,"event_name":"Mysterious Sphere","floor":45,"gold_loss":0},{"damage_healed":0,"gold_gain":0,"player_choice":"Upgrade","damage_taken":0,"relics_obtained":["Mark of the Bloom"],"max_hp_gain":0,"max_hp_loss":0,"event_name":"MindBloom","floor":46,"gold_loss":0,"cards_upgraded":["Strike_B","Defend_B","Defend_B","Defend_B","Defend_B","Zap","Dualcast","Cold Snap","Tempest","Auto Shields","Conserve Battery","FTL","Doom and Gloom","Loop","Force Field","Heatsinks","Echo Form","Coolheaded","Mayhem","FTL","Redo"]},{"damage_healed":2,"gold_gain":0,"player_choice":"Full Heal","damage_taken":0,"max_hp_gain":0,"max_hp_loss":0,"event_name":"Wheel of Change","floor":47,"gold_loss":0},{"damage_healed":0,"gold_gain":0,"player_choice":"Max HP","damage_taken":0,"max_hp_gain":0,"max_hp_loss":4,"event_name":"Winding Halls","floor":48,"gold_loss":0}],"is_beta":false,"boss_relics":[{"not_picked":["Orrery","Coffee Dripper"],"picked":"Busted Crown"},{"not_picked":["Calling Bell","Pandora\u0027s Box"],"picked":"Fusion Hammer"}],"items_purged_floors":[27,38],"is_endless":false,"potions_floor_spawned":[5,7,10,16,24,31,33,37,45],"ascension_level":4}