{"gold_per_floor":[116,186,186,186,201,201,201,230,257,257,276,311,311,325,325,423,423,443,443,431,58,74,74,101,101,170,170],"floor_reached":27,"playtime":2170,"items_purged":[],"score":287,"play_id":"361e6de3-edeb-4255-871e-54a7ec66eea0","local_time":"20181224125134","daily_mods":["SealedDeck","Elite Swarm"],"is_ascension_mode":true,"campfire_choices":[{"data":"Hologram","floor":6,"key":"SMITH"},{"data":"Echo Form","floor":10,"key":"SMITH"},{"data":"Loop","floor":13,"key":"SMITH"},{"data":"Go for the Eyes","floor":15,"key":"SMITH"},{"floor":23,"key":"REST"},{"floor":25,"key":"REST"}],"neow_cost":"","seed_source_timestamp":226429023638420,"circlet_count":0,"master_deck":["Melter","Sweeping Beam","Hologram+1","Leap+1","Self Repair","Static Discharge","Cold Snap","Conserve Battery+1","Gash","Go for the Eyes+1","Loop+1","Cold Snap","Thunder Strike","Echo Form+1","All For One","Beam Cell","All For One","Capacitor","Leap","Loop","Madness","Ball Lightning"],"relics":["Cracked Core","War Paint","Orichalcum","Smiling Mask","Inserter","GremlinMask","Cables","Singing Bowl","Blue Candle"],"potions_floor_usage":[16,16,16,16,24,24],"damage_taken":[{"damage":1,"enemies":"Jaw Worm","floor":1,"turns":3},{"damage":8,"enemies":"Small Slimes","floor":5,"turns":3},{"damage":6,"enemies":"Lagavulin","floor":8,"turns":6},{"damage":0,"enemies":"Cultist","floor":11,"turns":4},{"damage":16,"enemies":"3 Sentries","floor":12,"turns":8},{"damage":0,"enemies":"Gremlin Gang","floor":14,"turns":2},{"damage":18,"enemies":"Hexaghost","floor":16,"turns":5},{"damage":6,"enemies":"Shell Parasite","floor":18,"turns":4},{"damage":20,"enemies":"2 Thieves","floor":20,"turns":4},{"damage":29,"enemies":"3 Cultists","floor":22,"turns":6},{"damage":36,"enemies":"Gremlin Leader","floor":24,"turns":6},{"damage":37,"enemies":"Slavers","floor":27,"turns":4}],"seed_played":"6258310787915242091","potions_obtained":[{"floor":8,"key":"Strength Potion"},{"floor":12,"key":"SkillPotion"},{"floor":14,"key":"EntropicBrew"},{"floor":18,"key":"FearPotion"}],"is_trial":true,"path_per_floor":["M","?","$","?","M","R","?","E","T","R","M","E","R","M","R","B",null,"M","?","M","$","M","R","E","R","T","E"],"character_chosen":"DEFECT","items_purchased":["Cables","Loop","Madness"],"campfire_rested":2,"item_purchase_floors":[21,21,21],"current_hp_per_floor":[74,74,74,74,73,73,73,74,74,74,75,66,66,66,66,48,75,69,69,49,49,20,42,15,38,38,1],"gold":170,"neow_bonus":"","is_prod":false,"is_daily":false,"chose_seed":false,"campfire_upgraded":4,"win_rate":0,"timestamp":1545677494,"path_taken":["M","?","$","?","M","R","?","E","T","R","M","E","R","M","R","BOSS","M","?","M","$","?","R","E","R","T","E"],"build_version":"2018-12-20","purchased_purges":0,"victory":false,"max_hp_per_floor":[75,75,75,75,75,75,75,75,75,75,75,75,75,75,75,75,75,75,75,75,75,75,75,77,77,77,77],"card_choices":[{"not_picked":["Streamline","Sweeping Beam"],"picked":"Loop","floor":1},{"not_picked":["Reinforced Body","Stack"],"picked":"Cold Snap","floor":5},{"not_picked":["All For One","Fission"],"picked":"Echo Form","floor":8},{"not_picked":["Turbo","Scrape","Stack"],"picked":"SKIP","floor":11},{"not_picked":["Thunder Strike","Fission"],"picked":"All For One","floor":12},{"not_picked":["Heatsinks","Gash"],"picked":"Beam Cell","floor":14},{"not_picked":["Seek","Reboot"],"picked":"All For One","floor":16},{"not_picked":["Sunder","Rebound"],"picked":"Capacitor","floor":18},{"not_picked":["Steam","Redo"],"picked":"Leap","floor":20},{"not_picked":["Turbo","Lockon"],"picked":"Ball Lightning","floor":22},{"not_picked":["Creative AI","Seek","Thunder Strike"],"picked":"Singing Bowl","floor":24}],"player_experience":253492,"relics_obtained":[{"floor":8,"key":"War Paint"},{"floor":9,"key":"Orichalcum"},{"floor":12,"key":"Smiling Mask"},{"floor":24,"key":"Singing Bowl"},{"floor":26,"key":"Blue Candle"}],"event_choices":[{"damage_healed":0,"gold_gain":70,"player_choice":"Gained Gold","damage_taken":0,"max_hp_gain":0,"max_hp_loss":0,"event_name":"Golden Wing","floor":2,"gold_loss":0},{"damage_healed":0,"gold_gain":0,"player_choice":"Ignored","damage_taken":0,"max_hp_gain":0,"max_hp_loss":0,"event_name":"Liars Game","floor":4,"gold_loss":0},{"damage_healed":0,"gold_gain":0,"player_choice":"1 cards matched","damage_taken":0,"max_hp_gain":0,"max_hp_loss":0,"event_name":"Match and Keep!","floor":7,"gold_loss":0,"cards_obtained":["Thunder Strike"]},{"damage_healed":0,"gold_gain":0,"player_choice":"Trade","damage_taken":0,"relics_obtained":["GremlinMask"],"max_hp_gain":0,"max_hp_loss":0,"event_name":"FaceTrader","floor":19,"gold_loss":0}],"is_beta":false,"boss_relics":[{"not_picked":["Fusion Hammer","Busted Crown"],"picked":"Inserter"}],"items_purged_floors":[],"is_endless":false,"potions_floor_spawned":[8,12,14,18],"killed_by":"Slavers","ascension_level":4}