{"gold_per_floor":[115,35,35,35,35,61,61,71,71,109,136,204,250,277,289,301],"floor_reached":16,"playtime":1084,"items_purged":[],"score":179,"play_id":"d62f4b44-6950-48ab-bb06-cb59706c5cca","local_time":"20190203235007","is_ascension_mode":true,"campfire_choices":[{"data":"Defragment","floor":7,"key":"SMITH"},{"data":"Fission","floor":15,"key":"SMITH"}],"neow_cost":"NONE","seed_source_timestamp":286515677480346,"circlet_count":0,"master_deck":["Strike_B","Strike_B","Strike_B","Defend_B","Defend_B","Defend_B","Defend_B","Zap+1","Dualcast","Conserve Battery","Defragment+1","Conserve Battery","Sweeping Beam","Auto Shields","Hologram","Fission+1","Capacitor","Rebound","Hologram"],"relics":["Cracked Core","NeowsBlessing","Matryoshka","Prayer Wheel","MawBank","Anchor","Dream Catcher","Vajra","Lantern"],"potions_floor_usage":[12,12,16,16],"damage_taken":[{"damage":0,"enemies":"2 Louse","floor":1,"turns":1},{"damage":0,"enemies":"3 Sentries","floor":6,"turns":1},{"damage":0,"enemies":"Small Slimes","floor":8,"turns":1},{"damage":22,"enemies":"Lagavulin","floor":10,"turns":8},{"damage":0,"enemies":"Cultist","floor":11,"turns":3},{"damage":3,"enemies":"3 Sentries","floor":12,"turns":5},{"damage":26,"enemies":"Gremlin Nob","floor":13,"turns":4},{"damage":9,"enemies":"Large Slime","floor":14,"turns":6},{"damage":22,"enemies":"The Guardian","floor":16,"turns":5}],"seed_played":"-7427447621744864042","potions_obtained":[{"floor":1,"key":"Ancient Potion"},{"floor":6,"key":"Explosive Potion"},{"floor":11,"key":"Regen Potion"},{"floor":14,"key":"Strength Potion"}],"is_trial":false,"path_per_floor":["M","$","?","?","?","E","R","M","T","E","M","?","E","M","R","B"],"character_chosen":"DEFECT","items_purchased":["Defragment"],"campfire_rested":0,"item_purchase_floors":[2],"current_hp_per_floor":[75,75,68,68,65,65,65,65,65,43,43,54,28,19,19,0],"gold":301,"neow_bonus":"THREE_ENEMY_KILL","is_prod":false,"is_daily":false,"chose_seed":false,"campfire_upgraded":2,"win_rate":0,"timestamp":1549259407,"path_taken":["M","$","?","?","?","E","R","M","T","E","M","?","E","M","R","BOSS"],"build_version":"2019-01-23","purchased_purges":0,"victory":false,"max_hp_per_floor":[75,75,75,75,75,75,75,75,75,75,75,75,75,75,75,75],"card_choices":[{"not_picked":["Steam Power","Coolheaded"],"picked":"Conserve Battery","floor":1},{"not_picked":["Stack","Melter","Hologram"],"picked":"SKIP","floor":6},{"not_picked":["Gash","Leap"],"picked":"Conserve Battery","floor":8},{"not_picked":["Turbo","Gash"],"picked":"Sweeping Beam","floor":8},{"not_picked":["Rebound","Tempest"],"picked":"Auto Shields","floor":10},{"not_picked":["Barrage","Self Repair"],"picked":"Hologram","floor":11},{"not_picked":["Conserve Battery","Sweeping Beam","Streamline"],"picked":"SKIP","floor":11},{"not_picked":["Beam Cell","Cold Snap"],"picked":"Fission","floor":12},{"not_picked":["Chaos","Streamline"],"picked":"Capacitor","floor":13},{"not_picked":["Skim","Melter"],"picked":"Rebound","floor":14},{"not_picked":["Storm","Steam"],"picked":"Hologram","floor":14}],"player_experience":596930,"relics_obtained":[{"floor":6,"key":"Prayer Wheel"},{"floor":9,"key":"MawBank"},{"floor":9,"key":"Anchor"},{"floor":10,"key":"Dream Catcher"},{"floor":12,"key":"Vajra"},{"floor":13,"key":"Lantern"}],"event_choices":[{"cards_removed":["Strike_B"],"damage_healed":0,"gold_gain":0,"player_choice":"Card Removal","damage_taken":7,"max_hp_gain":0,"max_hp_loss":0,"event_name":"Golden Wing","floor":3,"gold_loss":0},{"damage_healed":0,"gold_gain":0,"player_choice":"Grow","damage_taken":0,"max_hp_gain":0,"max_hp_loss":0,"event_name":"Living Wall","floor":4,"gold_loss":0,"cards_upgraded":["Zap"]},{"damage_healed":0,"gold_gain":0,"player_choice":"Success","damage_taken":3,"relics_obtained":["Matryoshka"],"max_hp_gain":0,"max_hp_loss":0,"event_name":"Scrap Ooze","floor":5,"gold_loss":0},{"damage_healed":0,"gold_gain":0,"player_choice":"Searched \u00272\u0027 times","damage_taken":0,"max_hp_gain":0,"max_hp_loss":0,"event_name":"Dead Adventurer","floor":12,"gold_loss":0}],"is_beta":false,"boss_relics":[],"items_purged_floors":[],"is_endless":false,"potions_floor_spawned":[1,6,11,14],"killed_by":"The Guardian","ascension_level":5}