{"gold_per_floor":[115,115,40,40,40,40,54,71,140,153,153,163,163,113,113,209,209,221,46,46,59,59,59,78,78],"floor_reached":25,"playtime":986,"items_purged":["Strike_R","Strike_R"],"score":290,"play_id":"45a5ecb3-ca9e-4e22-b153-5abb46064928","local_time":"20180803174035","is_ascension_mode":true,"campfire_choices":[{"data":"Thunderclap","floor":6,"key":"SMITH"},{"data":"Rampage","floor":13,"key":"SMITH"},{"data":"Blood for Blood","floor":15,"key":"SMITH"},{"data":"Double Tap","floor":23,"key":"SMITH"}],"neow_cost":"NONE","seed_source_timestamp":0,"circlet_count":0,"master_deck":["Strike_R+1","Strike_R+1","Defend_R","Defend_R","Defend_R","Defend_R","Bash","AscendersBane","Thunderclap+1","Corruption+1","Combust+1","Blood for Blood+1","Rampage+1","Double Tap+1","Warcry+1","Rupture+1","Dropkick+1"],"special_seed":0,"relics":["Burning Blood","Frozen Egg 2","Question Card","Runic Cube","CultistMask"],"potions_floor_usage":[18,22,22],"damage_taken":[{"damage":10,"enemies":"Small Slimes","floor":1,"turns":4},{"damage":0,"enemies":"2 Louse","floor":7,"turns":1},{"damage":6,"enemies":"Cultist","floor":8,"turns":4},{"damage":4,"enemies":"Exordium Thugs","floor":10,"turns":4},{"damage":3,"enemies":"Large Slime","floor":12,"turns":4},{"damage":42,"enemies":"Slime Boss","floor":16,"turns":7},{"damage":42,"enemies":"2 Thieves","floor":18,"turns":4},{"damage":18,"enemies":"Shell Parasite","floor":21,"turns":4},{"damage":4,"enemies":"Snecko","floor":22,"turns":3},{"damage":26,"enemies":"Snake Plant","floor":24,"turns":4},{"damage":15,"enemies":"Sentry and Sphere","floor":25,"turns":2}],"seed_played":"-7989648248902345174","potions_obtained":[{"floor":8,"key":"SpeedPotion"},{"floor":11,"key":"BloodPotion"},{"floor":11,"key":"FearPotion"},{"floor":12,"key":"SmokeBomb"},{"floor":21,"key":"Swift Potion"}],"is_trial":false,"path_per_floor":["M","?","$","T","?","R","M","M","T","M","?","M","R","?","R","B",null,"M","$","?","M","M","R","M"],"character_chosen":"IRONCLAD","items_purchased":["Rupture+1"],"campfire_rested":0,"item_purchase_floors":[19],"current_hp_per_floor":[68,73,73,73,56,56,62,62,62,64,64,67,67,67,67,31,72,44,44,44,32,34,34,14,0],"gold":78,"neow_bonus":"THREE_CARDS","is_prod":false,"is_daily":false,"chose_seed":false,"campfire_upgraded":4,"win_rate":0,"timestamp":1533310835,"path_taken":["M","?","$","?","?","R","M","?","T","M","?","M","R","?","R","BOSS","M","$","?","M","M","R","M","M"],"build_version":"2018-08-02","purchased_purges":2,"victory":false,"max_hp_per_floor":[80,85,85,85,85,85,85,85,85,85,85,85,85,85,85,85,85,85,85,85,85,85,85,85,85],"card_choices":[{"not_picked":["Ghostly Armor","Evolve"],"picked":"Shrug It Off","floor":0.0},{"not_picked":["Perfected Strike","Sword Boomerang"],"picked":"Thunderclap","floor":1},{"not_picked":["Wild Strike","Warcry"],"picked":"Corruption+1","floor":7},{"not_picked":["Spot Weakness","Offering"],"picked":"Combust+1","floor":8},{"not_picked":["Entrench","Perfected Strike","Warcry"],"picked":"Blood for Blood","floor":10},{"not_picked":["Cleave","Headbutt","Blood for Blood"],"picked":"Rampage","floor":12},{"not_picked":["Limit Break","Feed","Brutality+1"],"picked":"Double Tap","floor":16},{"not_picked":["Ghostly Armor+1","Perfected Strike","Wild Strike"],"picked":"Warcry+1","floor":18},{"not_picked":["True Grit","Inflame+1","Armaments","Anger"],"picked":"SKIP","floor":21},{"not_picked":["Combust+1","Clothesline","Flex"],"picked":"Dropkick+1","floor":24}],"player_experience":440851,"relics_obtained":[{"floor":4,"key":"Frozen Egg 2"},{"floor":9,"key":"Question Card"}],"event_choices":[{"event_name":"Big Fish","player_choice":"Donut","floor":2,"damage_taken":0},{"event_name":"Shining Light","player_choice":"Entered Light","floor":5,"damage_taken":0},{"event_name":"The Lab","player_choice":"Got Potions","floor":11,"damage_taken":0},{"event_name":"The Cleric","player_choice":"Card Removal","floor":14,"damage_taken":0},{"event_name":"FaceTrader","player_choice":"Trade","floor":20,"damage_taken":0}],"is_beta":false,"boss_relics":[{"not_picked":["Tiny House","Philosopher\u0027s Stone"],"picked":"Runic Cube"}],"items_purged_floors":[3,19],"is_endless":false,"potions_floor_spawned":[8,12,16,21,22],"killed_by":"Sentry and Sphere","ascension_level":10}