{"gold_per_floor":[13,13,24,24,24,24,74,74,98,124,144,162,83,112,112,190,240,253,271,271,271,271],"floor_reached":22,"playtime":816,"items_purged":[],"score":346,"play_id":"2a391128-d1f5-4a90-afd3-de1c5d62f0af","local_time":"20190520195055","is_ascension_mode":true,"campfire_choices":[{"data":"Gash","floor":6,"key":"SMITH"},{"data":"Dualcast","floor":8,"key":"SMITH"},{"floor":15,"key":"REST"}],"neow_cost":"NO_GOLD","seed_source_timestamp":334959988883100,"circlet_count":0,"master_deck":["AscendersBane","Strike_B","Strike_B","Defend_B","Defend_B","Defend_B+1","Defend_B","Zap","Dualcast+1","Gash+1","Cold Snap+1","Doom and Gloom+1","Cold Snap+1","Reinforced Body","Sunder+1","Defragment","Hyperbeam+1","Rebound+1","Ball Lightning+1","Hyperbeam+1","Decay"],"relics":["Cracked Core","Molten Egg 2","Happy Flower","Bottled Flame","Symbiotic Virus","Tiny House"],"potions_floor_usage":[10,14,16],"damage_taken":[{"damage":9,"enemies":"Small Slimes","floor":1,"turns":3},{"damage":4,"enemies":"Jaw Worm","floor":3,"turns":3},{"damage":11,"enemies":"3 Sentries","floor":10,"turns":10},{"damage":2,"enemies":"2 Louse","floor":11,"turns":2},{"damage":9,"enemies":"Exordium Thugs","floor":12,"turns":3},{"damage":6,"enemies":"Lagavulin","floor":14,"turns":5},{"damage":29,"enemies":"Hexaghost","floor":16,"turns":10},{"damage":9,"enemies":"3 Byrds","floor":18,"turns":3},{"damage":21,"enemies":"2 Thieves","floor":19,"turns":4},{"damage":32,"enemies":"Snake Plant","floor":22,"turns":2}],"seed_played":"4374449537812162353","potions_obtained":[{"floor":1,"key":"SkillPotion"},{"floor":11,"key":"Weak Potion"},{"floor":14,"key":"SkillPotion"},{"floor":17,"key":"FearPotion"},{"floor":19,"key":"Energy Potion"}],"is_trial":false,"path_per_floor":["M","?","M","?","$","R","?","R","T","E","M","M","$","E","R","B",null,"M","M","?","?","M"],"character_chosen":"DEFECT","items_purchased":["Sunder+1"],"campfire_rested":1,"item_purchase_floors":[13],"current_hp_per_floor":[55,55,51,44,44,44,37,37,37,26,24,15,15,9,30,1,59,50,29,29,29,0],"gold":271,"neow_bonus":"REMOVE_TWO","is_prod":false,"is_daily":false,"chose_seed":false,"campfire_upgraded":2,"win_rate":0,"timestamp":1558396255,"path_taken":["M","?","M","?","$","R","?","R","T","E","?","M","?","E","R","BOSS","M","M","?","?","M"],"build_version":"2019-01-23","purchased_purges":0,"victory":false,"max_hp_per_floor":[71,71,71,71,71,71,71,71,71,71,71,71,71,71,71,71,76,76,76,76,76,76],"card_choices":[{"not_picked":["BootSequence","Stack"],"picked":"Gash","floor":1},{"not_picked":["Hologram","Steam"],"picked":"Cold Snap+1","floor":3},{"not_picked":["Cold Snap+1","Multi-Cast"],"picked":"Doom and Gloom+1","floor":10},{"not_picked":["Turbo","Genetic Algorithm"],"picked":"Cold Snap+1","floor":11},{"not_picked":["Hologram","Streamline+1"],"picked":"Reinforced Body","floor":12},{"not_picked":["Capacitor","Rip and Tear+1"],"picked":"Defragment","floor":14},{"not_picked":["Buffer","Creative AI"],"picked":"Hyperbeam+1","floor":16},{"not_picked":["Barrage+1","Sweeping Beam+1"],"picked":"Rebound+1","floor":17},{"not_picked":["Redo","Doom and Gloom+1"],"picked":"Ball Lightning+1","floor":18},{"not_picked":["Sweeping Beam+1","Coolheaded"],"picked":"Hyperbeam+1","floor":19}],"player_experience":2924052,"relics_obtained":[{"floor":9,"key":"Happy Flower"},{"floor":10,"key":"Bottled Flame"},{"floor":14,"key":"Symbiotic Virus"}],"event_choices":[{"damage_healed":0,"gold_gain":0,"player_choice":"Box","damage_taken":0,"relics_obtained":["Molten Egg 2"],"max_hp_gain":0,"max_hp_loss":0,"event_name":"Big Fish","floor":2,"gold_loss":0,"cards_obtained":["Regret"]},{"cards_removed":["Regret"],"damage_healed":0,"gold_gain":0,"player_choice":"Card Removal","damage_taken":7,"max_hp_gain":0,"max_hp_loss":0,"event_name":"Golden Wing","floor":4,"gold_loss":0},{"damage_healed":0,"gold_gain":50,"player_choice":"Touch","damage_taken":7,"max_hp_gain":0,"max_hp_loss":0,"event_name":"FaceTrader","floor":7,"gold_loss":0},{"damage_healed":0,"gold_gain":0,"player_choice":"Smashed Altar","damage_taken":0,"max_hp_gain":0,"max_hp_loss":0,"event_name":"Forgotten Altar","floor":20,"gold_loss":0,"cards_obtained":["Decay"]},{"damage_healed":0,"gold_gain":0,"player_choice":"Ignored","damage_taken":0,"max_hp_gain":0,"max_hp_loss":0,"event_name":"Ghosts","floor":21,"gold_loss":0}],"is_beta":false,"boss_relics":[{"not_picked":["Lizard Tail","Snecko Eye"],"picked":"Tiny House"}],"items_purged_floors":[],"is_endless":false,"potions_floor_spawned":[1,11,14,19],"killed_by":"Snake Plant","ascension_level":16}