{"gold_per_floor":[117,127,144,162,176,204,204,239,289,94,146,146,174,174,174,275,275,268,183,11,49,49,102,102,115,115,152,172,142,155,155],"floor_reached":31,"playtime":2890,"items_purged":[],"score":344,"play_id":"8b2e5967-d5f1-4c5b-bc1a-a4b98697ea21","local_time":"20190201154623","is_ascension_mode":true,"campfire_choices":[{"floor":7,"key":"REST"},{"floor":12,"key":"REST"},{"floor":15,"key":"REST"},{"floor":24,"key":"REST"}],"neow_cost":"NONE","seed_source_timestamp":89150105349786,"circlet_count":0,"master_deck":["Defend_G+1","Defend_G+1","Defend_G+1","Defend_G+1","Defend_G+1","Strike_G+1","Strike_G+1","Strike_G+1","Strike_G+1","Strike_G+1","Survivor","Neutralize","PiercingWail","Footwork","Sucker Punch","Underhanded Strike","Prepared","Dodge and Roll","PiercingWail","HandOfGreed+1","Noxious Fumes","Dash","Envenom","Blur","Apotheosis","Distraction","Slice","Dagger Spray","PiercingWail+1","Acrobatics+1","Bullet Time"],"relics":["Ring of the Serpent","PreservedInsect","Oddly Smooth Stone","Bag of Preparation","Blood Vial","Bottled Lightning","Pen Nib","Orichalcum","Girya","Ornamental Fan"],"potions_floor_usage":[6,11,13,23,27,28,28,30,30,31],"damage_taken":[{"damage":7,"enemies":"Small Slimes","floor":1,"turns":4},{"damage":0,"enemies":"2 Louse","floor":2,"turns":4},{"damage":7,"enemies":"Cultist","floor":3,"turns":5},{"damage":0,"enemies":"2 Fungi Beasts","floor":4,"turns":5},{"damage":9,"enemies":"Red Slaver","floor":5,"turns":7},{"damage":10,"enemies":"Lagavulin","floor":6,"turns":6},{"damage":31,"enemies":"Gremlin Nob","floor":8,"turns":6},{"damage":15,"enemies":"3 Sentries","floor":11,"turns":8},{"damage":13,"enemies":"Lagavulin","floor":13,"turns":8},{"damage":23,"enemies":"Slime Boss","floor":16,"turns":11},{"damage":24,"enemies":"2 Thieves","floor":18,"turns":5},{"damage":15,"enemies":"Spheric Guardian","floor":21,"turns":10},{"damage":31,"enemies":"Slavers","floor":23,"turns":10},{"damage":13,"enemies":"Shelled Parasite and Fungi","floor":25,"turns":8},{"damage":10,"enemies":"Chosen and Byrds","floor":27,"turns":9},{"damage":4,"enemies":"Snake Plant","floor":28,"turns":6},{"damage":3,"enemies":"Centurion and Healer","floor":30,"turns":7},{"damage":7,"enemies":"3 Cultists","floor":31,"turns":3}],"seed_played":"6870001257313461962","potions_obtained":[{"floor":2,"key":"GhostInAJar"},{"floor":4,"key":"SteroidPotion"},{"floor":5,"key":"Energy Potion"},{"floor":6,"key":"LiquidBronze"},{"floor":16,"key":"Dexterity Potion"},{"floor":25,"key":"Poison Potion"},{"floor":27,"key":"Block Potion"},{"floor":28,"key":"Dexterity Potion"},{"floor":29,"key":"AttackPotion"},{"floor":29,"key":"PowerPotion"}],"is_trial":false,"path_per_floor":["M","M","M","M","M","E","R","E","T","$","E","R","E","?","R","B",null,"M","?","$","M","?","E","R","M","T","M","M","?","M","M"],"character_chosen":"THE_SILENT","items_purchased":["HandOfGreed","Apotheosis"],"campfire_rested":4,"item_purchase_floors":[10,20],"current_hp_per_floor":[63,63,56,56,47,37,58,27,27,27,14,35,24,24,45,24,70,46,46,46,33,33,4,25,14,14,6,4,4,3,0],"gold":155,"neow_bonus":"RANDOM_COMMON_RELIC","is_prod":false,"is_daily":false,"chose_seed":false,"campfire_upgraded":0,"win_rate":0,"timestamp":1549053983,"path_taken":["M","M","M","M","M","E","R","E","T","$","E","R","E","?","R","BOSS","M","?","$","M","?","E","R","M","T","M","M","?","M","M"],"build_version":"2019-01-23","purchased_purges":0,"victory":false,"max_hp_per_floor":[70,70,70,70,70,70,70,70,70,70,70,70,70,70,70,70,70,70,70,70,70,70,70,70,70,70,70,70,70,70,70],"card_choices":[{"not_picked":["Deflect","Outmaneuver"],"picked":"PiercingWail","floor":1},{"not_picked":["Tactician","Poisoned Stab"],"picked":"Footwork","floor":2},{"not_picked":["Deadly Poison","Accuracy"],"picked":"Sucker Punch","floor":3},{"not_picked":["Backflip","Prepared"],"picked":"Underhanded Strike","floor":4},{"not_picked":["Setup","Acrobatics"],"picked":"Prepared","floor":5},{"not_picked":["Deadly Poison","Dagger Spray"],"picked":"Dodge and Roll","floor":6},{"not_picked":["Deadly Poison","Setup"],"picked":"PiercingWail","floor":8},{"not_picked":["Cloak And Dagger","Wraith Form v2"],"picked":"Noxious Fumes","floor":11},{"not_picked":["Quick Slash","Malaise"],"picked":"Dash","floor":13},{"not_picked":["Wraith Form v2","Unload"],"picked":"Envenom","floor":16},{"not_picked":["Escape Plan+1","Outmaneuver"],"picked":"Blur","floor":18},{"not_picked":["Riddle With Holes","Choke"],"picked":"Distraction","floor":21},{"not_picked":["Blade Dance","Predator"],"picked":"Slice","floor":23},{"not_picked":["Well Laid Plans","Heel Hook"],"picked":"Dagger Spray","floor":25},{"not_picked":["Acrobatics","Sucker Punch"],"picked":"PiercingWail+1","floor":27},{"not_picked":["Sucker Punch","Distraction+1"],"picked":"Acrobatics+1","floor":28},{"not_picked":["Prepared","Accuracy"],"picked":"Bullet Time","floor":30}],"player_experience":2072697,"relics_obtained":[{"floor":6,"key":"Oddly Smooth Stone"},{"floor":8,"key":"Bag of Preparation"},{"floor":9,"key":"Blood Vial"},{"floor":11,"key":"Bottled Lightning"},{"floor":13,"key":"Pen Nib"},{"floor":23,"key":"Girya"},{"floor":26,"key":"Ornamental Fan"}],"event_choices":[{"damage_healed":0,"gold_gain":0,"player_choice":"Grow","damage_taken":0,"max_hp_gain":0,"max_hp_loss":0,"event_name":"Living Wall","floor":14,"gold_loss":0,"cards_upgraded":["HandOfGreed"]},{"damage_healed":0,"gold_gain":0,"player_choice":"Obtained Relic","damage_taken":0,"relics_obtained":["Orichalcum"],"max_hp_gain":0,"max_hp_loss":0,"event_name":"Addict","floor":19,"gold_loss":85},{"damage_healed":0,"gold_gain":0,"player_choice":"Simplicity","damage_taken":0,"max_hp_gain":0,"max_hp_loss":0,"event_name":"Back to Basics","floor":22,"gold_loss":0,"cards_upgraded":["Defend_G","Defend_G","Defend_G","Defend_G","Defend_G","Strike_G","Strike_G","Strike_G","Strike_G","Strike_G"]},{"damage_healed":0,"gold_gain":0,"player_choice":"Bought 2 Potions","damage_taken":0,"max_hp_gain":0,"max_hp_loss":0,"event_name":"The Woman in Blue","floor":29,"gold_loss":0}],"is_beta":false,"boss_relics":[{"not_picked":["Runic Pyramid","Philosopher\u0027s Stone"],"picked":"Ring of the Serpent"}],"items_purged_floors":[],"is_endless":false,"potions_floor_spawned":[2,4,5,6,16,25,27,28],"killed_by":"3 Cultists","ascension_level":4}