{"gold_per_floor":[363,363,383,383,383,383,418,438,465,465,465,136,150,169,169,262,262,280,294,257,257],"floor_reached":21,"playtime":1313,"items_purged":["Injury"],"score":358,"play_id":"904406f0-c7b1-4765-953d-b8335f7cd5e0","local_time":"20190508114634","is_ascension_mode":true,"campfire_choices":[{"floor":6.0,"key":"REST"},{"floor":10.0,"key":"REST"},{"floor":15.0,"key":"REST"}],"neow_cost":"PERCENT_DAMAGE","seed_source_timestamp":1098834039223825,"circlet_count":0,"master_deck":["AscendersBane","Strike_R","Strike_R+1","Strike_R","Strike_R","Strike_R","Defend_R","Defend_R+1","Defend_R","Defend_R","Bash","Pommel Strike","Corruption","Blood for Blood","Dropkick","Cleave","Pain","Metallicize","Uppercut","Iron Wave","Clothesline","Reaper","Iron Wave","Dropkick","Rupture"],"special_seed":0,"relics":["Burning Blood","Golden Idol","Dream Catcher","WingedGreaves","Ancient Tea Set","WarpedTongs","Bag of Marbles","Eternal Feather"],"potions_floor_usage":[21],"damage_taken":[{"damage":2.0,"enemies":"2 Louse","floor":1.0,"turns":2.0},{"damage":2.0,"enemies":"Jaw Worm","floor":3.0,"turns":3.0},{"damage":53.0,"enemies":"3 Sentries","floor":7.0,"turns":13.0},{"damage":1.0,"enemies":"Cultist","floor":8.0,"turns":4.0},{"damage":10.0,"enemies":"Blue Slaver","floor":13.0,"turns":3.0},{"damage":12.0,"enemies":"Lots of Slimes","floor":14.0,"turns":4.0},{"damage":32.0,"enemies":"Slime Boss","floor":16.0,"turns":9.0},{"damage":26.0,"enemies":"Shell Parasite","floor":18.0,"turns":6.0},{"damage":44.0,"enemies":"Spheric Guardian","floor":19.0,"turns":6.0},{"damage":38,"enemies":"Colosseum Slavers","floor":21,"turns":3}],"seed_played":"-2454256130777524712","potions_obtained":[{"floor":3.0,"key":"EssenceOfSteel"},{"floor":8.0,"key":"EssenceOfSteel"},{"floor":14.0,"key":"Strength Potion"},{"floor":19.0,"key":"Energy Potion"}],"is_trial":false,"path_per_floor":["M","?","M","?","?","R","E","M","T","R","?","$","M","M","R","B",null,"M","M","$","?"],"character_chosen":"IRONCLAD","items_purchased":["Metallicize","Bag of Marbles","Rupture"],"campfire_rested":3,"item_purchase_floors":[12,12,20],"current_hp_per_floor":[54,31,35,35,35,57,10,15,15,37,37,37,33,27,49,23,62,49,11,11,0],"gold":257,"neow_bonus":"TWO_FIFTY_GOLD","is_prod":false,"is_daily":false,"chose_seed":false,"campfire_upgraded":0,"win_rate":0,"timestamp":1557324994,"path_taken":["M","?","M","?","?","R","E","?","T","R","?","$","?","M","R","BOSS","M","M","$","?"],"build_version":"2019-01-23","purchased_purges":1,"victory":false,"max_hp_per_floor":[75,75,75,75,75,75,75,75,75,75,75,75,75,75,75,75,75,75,75,75,75],"card_choices":[{"not_picked":["Heavy Blade","True Grit"],"picked":"Pommel Strike","floor":1.0},{"not_picked":["Heavy Blade","Clothesline"],"picked":"Ghostly Armor","floor":3.0},{"not_picked":["Warcry","Iron Wave"],"picked":"Corruption","floor":6.0},{"not_picked":["Sword Boomerang","Battle Trance"],"picked":"Blood for Blood","floor":7.0},{"not_picked":["Perfected Strike","Thunderclap"],"picked":"Dropkick","floor":8.0},{"not_picked":["Thunderclap","True Grit"],"picked":"Cleave","floor":10.0},{"not_picked":["Thunderclap","Sever Soul"],"picked":"Uppercut","floor":13.0},{"not_picked":["Armaments","Limit Break"],"picked":"Iron Wave","floor":14.0},{"not_picked":["Sword Boomerang","Inflame"],"picked":"Clothesline","floor":15.0},{"not_picked":["Impervious","Demon Form"],"picked":"Reaper","floor":16.0},{"not_picked":["Sever Soul","Clash"],"picked":"Iron Wave","floor":18.0},{"not_picked":["Corruption","Rage"],"picked":"Dropkick","floor":19.0}],"player_experience":1183799,"relics_obtained":[{"floor":7.0,"key":"WingedGreaves"},{"floor":9.0,"key":"Ancient Tea Set"}],"event_choices":[{"damage_healed":0.0,"max_hp_gain":0.0,"max_hp_loss":0.0,"gold_gain":0.0,"event_name":"Shining Light","player_choice":"Entered Light","floor":2.0,"gold_loss":0.0,"damage_taken":23.0,"cards_upgraded":["Strike_R","Defend_R"]},{"damage_healed":0.0,"max_hp_gain":0.0,"max_hp_loss":0.0,"gold_gain":0.0,"event_name":"Golden Idol","player_choice":"Take Wound","floor":4.0,"gold_loss":0.0,"damage_taken":0.0,"relics_obtained":["Golden Idol"],"cards_obtained":["Injury"]},{"cards_removed":["Ghostly Armor"],"damage_healed":0.0,"max_hp_gain":0.0,"max_hp_loss":0.0,"gold_gain":0.0,"event_name":"WeMeetAgain","player_choice":"Gave Card","floor":5.0,"gold_loss":0.0,"damage_taken":0.0,"relics_obtained":["Dream Catcher"]},{"damage_healed":0.0,"max_hp_gain":0.0,"max_hp_loss":0.0,"gold_gain":0.0,"event_name":"Accursed Blacksmith","player_choice":"Rummage","floor":11.0,"gold_loss":0.0,"damage_taken":0.0,"relics_obtained":["WarpedTongs"],"cards_obtained":["Pain"]},{"damage_healed":0,"gold_gain":0,"player_choice":"Fight","damage_taken":0,"max_hp_gain":0,"max_hp_loss":0,"event_name":"Colosseum","floor":21,"gold_loss":0}],"is_beta":false,"boss_relics":[{"not_picked":["Fusion Hammer","Runic Dome"],"picked":"Eternal Feather"}],"items_purged_floors":[12],"is_endless":false,"potions_floor_spawned":[3,8,14,19],"killed_by":"Colosseum Slavers","ascension_level":20}