{"gold_per_floor":[116,191,202,215,227,257,257,257,281,307,17,17,47,57,57,162,162,178,198,210,210,134,134,167,267,294,294,313,313,327,357,357,453,453,470,481,501,518,198,198,233,281,335,360,360,3,50,64,64,64],"floor_reached":51,"playtime":2312,"items_purged":["Strike_R","Clumsy"],"score":1040,"play_id":"996248be-efdf-475b-aae6-64a9a0b33c35","local_time":"20190521103951","is_ascension_mode":false,"campfire_choices":[{"data":"Clothesline","floor":7,"key":"SMITH"},{"data":"True Grit","floor":15,"key":"SMITH"},{"data":"Pommel Strike","floor":23,"key":"SMITH"},{"data":"Battle Trance","floor":29,"key":"SMITH"},{"data":"Battle Trance","floor":32,"key":"SMITH"},{"data":"Whirlwind","floor":40,"key":"SMITH"},{"data":"Master of Strategy","floor":45,"key":"SMITH"},{"data":"Corruption","floor":49,"key":"SMITH"}],"neow_cost":"NONE","seed_source_timestamp":53135439036600,"circlet_count":0,"master_deck":["Strike_R+1","Strike_R+1","Strike_R+1","Strike_R+1","Defend_R+1","Defend_R+1","Defend_R+1","Defend_R+1","Bash+1","Clash","Clothesline+1","Spot Weakness+1","Anger","Pommel Strike+1","Battle Trance+1","True Grit+1","Twin Strike","Feed","Flame Barrier+1","Shockwave+1","Metallicize","Battle Trance+1","Impervious","Cleave","Heavy Blade+1","Exhume+1","Double Tap","Shrug It Off","Whirlwind+1","Master of Strategy+1","PanicButton+1","Uppercut+1","Spot Weakness","Corruption+1","Battle Trance","Headbutt"],"relics":["Burning Blood","Bronze Scales","Bag of Preparation","Bag of Marbles","Red Skull","Orichalcum","Darkstone Periapt","Cursed Key","MutagenicStrength","Potion Belt","Magic Flower","The Courier","Strawberry","Omamori","Coffee Dripper","Pear","Oddly Smooth Stone","Juzu Bracelet","Pen Nib","War Paint","Gambling Chip"],"potions_floor_usage":[6,16,24,31,35,50,50,50],"damage_taken":[{"damage":3,"enemies":"Jaw Worm","floor":1,"turns":4},{"damage":0,"enemies":"2 Louse","floor":3,"turns":2},{"damage":1,"enemies":"Cultist","floor":4,"turns":4},{"damage":2,"enemies":"Looter","floor":5,"turns":3},{"damage":3,"enemies":"Gremlin Nob","floor":6,"turns":3},{"damage":21,"enemies":"3 Sentries","floor":10,"turns":6},{"damage":0,"enemies":"Gremlin Nob","floor":13,"turns":2},{"damage":0,"enemies":"3 Louse","floor":14,"turns":2},{"damage":0,"enemies":"Hexaghost","floor":16,"turns":5},{"damage":1,"enemies":"3 Byrds","floor":18,"turns":4},{"damage":0,"enemies":"Spheric Guardian","floor":19,"turns":3},{"damage":0,"enemies":"Snecko","floor":20,"turns":3},{"damage":0,"enemies":"Gremlin Leader","floor":24,"turns":3},{"damage":3,"enemies":"Colosseum Slavers","floor":25,"turns":4},{"damage":0,"enemies":"Colosseum Nobs","floor":25,"turns":4},{"damage":1,"enemies":"Cultist and Chosen","floor":28,"turns":3},{"damage":6,"enemies":"Snake Plant","floor":30,"turns":5},{"damage":0,"enemies":"Slavers","floor":31,"turns":4},{"damage":46,"enemies":"Collector","floor":33,"turns":9},{"damage":0,"enemies":"Orb Walker","floor":35,"turns":1},{"damage":0,"enemies":"3 Shapes","floor":36,"turns":2},{"damage":11,"enemies":"3 Darklings","floor":37,"turns":8},{"damage":0,"enemies":"Writhing Mass","floor":38,"turns":6},{"damage":0,"enemies":"Nemesis","floor":41,"turns":3},{"damage":3,"enemies":"Reptomancer","floor":44,"turns":3},{"damage":3,"enemies":"2 Orb Walkers","floor":47,"turns":3},{"damage":0,"enemies":"Maw","floor":48,"turns":6},{"damage":12,"enemies":"Time Eater","floor":50,"turns":5}],"seed_played":"-5424710767982336945","potions_obtained":[{"floor":1,"key":"BloodPotion"},{"floor":3,"key":"AttackPotion"},{"floor":4,"key":"SkillPotion"},{"floor":14,"key":"Weak Potion"},{"floor":16,"key":"SteroidPotion"},{"floor":20,"key":"Explosive Potion"},{"floor":25,"key":"Block Potion"},{"floor":31,"key":"FearPotion"},{"floor":35,"key":"Regen Potion"}],"is_trial":false,"path_per_floor":["M","?","M","M","M","E","R","?","T","E","$","?","E","M","R","B",null,"M","M","M","?","$","R","E","?","T","?","M","R","M","E","R","B",null,"M","M","M","M","$","R","E","T","T","E","R","$","?","M","R","B",null],"character_chosen":"IRONCLAD","items_purchased":["Battle Trance","Orichalcum","Battle Trance","Whirlwind","Master of Strategy","PanicButton","Spot Weakness","Corruption","Battle Trance","War Paint","SpeedPotion","AttackPotion"],"campfire_rested":0,"item_purchase_floors":[11,11,22,39,39,39,46,46,46,46,46,46],"current_hp_per_floor":[80,69,75,80,80,80,80,68,68,53,53,53,59,65,65,71,80,83,86,89,89,89,89,89,95,108,108,111,111,114,117,117,80,117,120,126,129,132,132,132,142,142,142,145,145,145,145,148,148,145],"gold":64,"neow_bonus":"UPGRADE_CARD","is_prod":false,"is_daily":false,"chose_seed":false,"campfire_upgraded":8,"win_rate":1,"timestamp":1558460391,"path_taken":["M","?","M","M","M","E","R","?","T","E","$","?","E","M","R","BOSS","M","?","M","?","$","R","E","?","T","?","?","R","M","E","R","BOSS","M","?","?","M","?","R","E","?","T","E","R","$","?","M","R","BOSS"],"build_version":"2019-01-23","purchased_purges":2,"victory":true,"max_hp_per_floor":[80,80,80,80,80,80,80,80,80,80,80,80,80,80,80,80,80,83,86,89,89,89,89,89,95,108,108,111,111,114,117,117,117,117,120,126,129,132,132,132,142,142,142,145,145,145,145,148,148,148],"card_choices":[{"not_picked":["Searing Blow","Sever Soul"],"picked":"Clash","floor":1},{"not_picked":["Metallicize","Anger"],"picked":"Clothesline","floor":3},{"not_picked":["Armaments","Pommel Strike"],"picked":"Spot Weakness","floor":4},{"not_picked":["Second Wind","Havoc"],"picked":"Anger","floor":5},{"not_picked":["Metallicize","Dropkick"],"picked":"Pommel Strike","floor":6},{"not_picked":["Fire Breathing","Sentinel","Dual Wield"],"picked":"SKIP","floor":10},{"not_picked":["Perfected Strike","Blood for Blood"],"picked":"True Grit","floor":13},{"not_picked":["Dark Embrace","Sentinel"],"picked":"Twin Strike","floor":14},{"not_picked":["Fiend Fire","Immolate"],"picked":"Feed","floor":16},{"not_picked":["Armaments","Rampage+1"],"picked":"Flame Barrier+1","floor":18},{"not_picked":["Pummel+1","Anger"],"picked":"Shockwave+1","floor":19},{"not_picked":["Pommel Strike","Heavy Blade"],"picked":"Metallicize","floor":20},{"not_picked":["Havoc","Pommel Strike+1"],"picked":"Impervious","floor":24},{"not_picked":["Flame Barrier","Armaments+1"],"picked":"Cleave","floor":28},{"not_picked":["Infernal Blade","Sword Boomerang"],"picked":"Heavy Blade+1","floor":30},{"not_picked":["Anger","Evolve"],"picked":"Exhume","floor":31},{"not_picked":["Bludgeon","Feed"],"picked":"Double Tap","floor":33},{"not_picked":["Pommel Strike","Heavy Blade+1"],"picked":"Shrug It Off","floor":35},{"not_picked":["Second Wind+1","Armaments","Twin Strike"],"picked":"SKIP","floor":36},{"not_picked":["Fire Breathing+1","Sword Boomerang","Twin Strike"],"picked":"SKIP","floor":37},{"not_picked":["Perfected Strike+1","Clash+1","Evolve+1"],"picked":"SKIP","floor":38},{"not_picked":["Intimidate","Sword Boomerang+1","Body Slam"],"picked":"SKIP","floor":41},{"not_picked":["Havoc+1","Bludgeon"],"picked":"Uppercut+1","floor":44},{"not_picked":["Inflame","Clothesline+1"],"picked":"Headbutt","floor":48}],"player_experience":839809,"relics_obtained":[{"floor":6,"key":"Bronze Scales"},{"floor":9,"key":"Bag of Marbles"},{"floor":10,"key":"Red Skull"},{"floor":13,"key":"Darkstone Periapt"},{"floor":24,"key":"Potion Belt"},{"floor":25,"key":"Magic Flower"},{"floor":25,"key":"The Courier"},{"floor":26,"key":"Strawberry"},{"floor":31,"key":"Omamori"},{"floor":41,"key":"Pear"},{"floor":42,"key":"Oddly Smooth Stone"},{"floor":43,"key":"Juzu Bracelet"},{"floor":44,"key":"Pen Nib"},{"floor":47,"key":"Gambling Chip"}],"event_choices":[{"damage_healed":0,"gold_gain":75,"player_choice":"Gather Gold","damage_taken":11,"max_hp_gain":0,"max_hp_loss":0,"event_name":"World of Goop","floor":2,"gold_loss":0},{"damage_healed":0,"gold_gain":0,"player_choice":"Success","damage_taken":12,"relics_obtained":["Bag of Preparation"],"max_hp_gain":0,"max_hp_loss":0,"event_name":"Scrap Ooze","floor":8,"gold_loss":0},{"damage_healed":0,"gold_gain":0,"player_choice":"Upgraded","damage_taken":0,"max_hp_gain":0,"max_hp_loss":0,"event_name":"Upgrade Shrine","floor":12,"gold_loss":0,"cards_upgraded":["Spot Weakness"]},{"damage_healed":0,"gold_gain":0,"player_choice":"Inject Mutagens","damage_taken":0,"relics_obtained":["MutagenicStrength"],"max_hp_gain":0,"max_hp_loss":0,"event_name":"Drug Dealer","floor":21,"gold_loss":0},{"damage_healed":0,"gold_gain":0,"player_choice":"Fight","damage_taken":0,"max_hp_gain":0,"max_hp_loss":0,"event_name":"Colosseum","floor":25,"gold_loss":0},{"damage_healed":0,"gold_gain":0,"player_choice":"Fought Nobs","damage_taken":0,"max_hp_gain":0,"max_hp_loss":0,"event_name":"Colosseum","floor":25,"gold_loss":0},{"damage_healed":0,"gold_gain":0,"player_choice":"Simplicity","damage_taken":0,"max_hp_gain":0,"max_hp_loss":0,"event_name":"Back to Basics","floor":27,"gold_loss":0,"cards_upgraded":["Strike_R","Strike_R","Strike_R","Strike_R","Defend_R","Defend_R","Defend_R","Defend_R"]},{"damage_healed":0,"gold_gain":0,"player_choice":"Fight","damage_taken":0,"max_hp_gain":0,"max_hp_loss":0,"event_name":"Mysterious Sphere","floor":47,"gold_loss":0}],"is_beta":false,"boss_relics":[{"not_picked":["Mark of Pain","Orrery"],"picked":"Cursed Key"},{"not_picked":["Black Blood","Runic Dome"],"picked":"Coffee Dripper"}],"items_purged_floors":[11,39],"is_endless":false,"potions_floor_spawned":[1,3,4,14,16,20,25,25,31,35,47,48],"ascension_level":0}