{"gold_per_floor":[111,111,61,73,73,85,99,115,115,115,115,47,47,57,57,154,154,169,169,187,50,83,83,152,168,195,195,110,130,80,99,99,203,203,213,15,30,42,42,42,53,71,98,114,133,143,45,64,64,64],"floor_reached":51,"playtime":1261,"items_purged":["Defend_R","Strike_R","Defend_R"],"score":770,"play_id":"2456e0c6-a889-4f71-ab01-c7a6b998cea5","local_time":"20190522105822","is_ascension_mode":false,"campfire_choices":[{"data":"Bash","floor":10.0,"key":"SMITH"},{"data":"Searing Blow","floor":13.0,"key":"SMITH"},{"data":"Flex","floor":15.0,"key":"SMITH"},{"data":"Clash","floor":23.0,"key":"SMITH"},{"data":"Pummel","floor":32.0,"key":"SMITH"},{"data":"Searing Blow+1","floor":40.0,"key":"SMITH"},{"floor":49.0,"key":"REST"}],"neow_cost":"NONE","seed_source_timestamp":510994895259742,"circlet_count":0,"master_deck":["Strike_R","Bash+1","Searing Blow+2","Pummel+1","Flex+1","Offering+1","Shrug It Off+1","Flex+1","Clash+1","Limit Break+1","Limit Break+1","Dropkick","Seeing Red+1","Dropkick","Flex+1","Flex+1"],"special_seed":0,"relics":["Burning Blood","NeowsBlessing","Toxic Egg 2","Empty Cage","Red Mask","Pear","Juzu Bracelet","Smiling Mask","Orrery","Bag of Marbles","Bird Faced Urn","Oddly Smooth Stone"],"potions_floor_usage":[50,50],"damage_taken":[{"damage":0.0,"enemies":"Small Slimes","floor":1.0,"turns":1.0},{"damage":0.0,"enemies":"2 Louse","floor":4.0,"turns":1.0},{"damage":0.0,"enemies":"Cultist","floor":6.0,"turns":1.0},{"damage":18.0,"enemies":"Lots of Slimes","floor":7.0,"turns":5.0},{"damage":0.0,"enemies":"Large Slime","floor":8.0,"turns":4.0},{"damage":15.0,"enemies":"Looter","floor":14.0,"turns":3.0},{"damage":6.0,"enemies":"Slime Boss","floor":16.0,"turns":2.0},{"damage":16.0,"enemies":"2 Thieves","floor":18.0,"turns":4.0},{"damage":11.0,"enemies":"Shell Parasite","floor":20.0,"turns":2.0},{"damage":11.0,"enemies":"Masked Bandits","floor":22.0,"turns":3.0},{"damage":6.0,"enemies":"Snecko","floor":25.0,"turns":3.0},{"damage":11.0,"enemies":"Centurion and Healer","floor":29.0,"turns":3.0},{"damage":21.0,"enemies":"Snake Plant","floor":31.0,"turns":2.0},{"damage":18.0,"enemies":"Automaton","floor":33.0,"turns":6.0},{"damage":16.0,"enemies":"3 Darklings","floor":35.0,"turns":3.0},{"damage":6.0,"enemies":"Orb Walker","floor":37.0,"turns":2.0},{"damage":15.0,"enemies":"4 Shapes","floor":38.0,"turns":3.0},{"damage":43.0,"enemies":"3 Darklings","floor":41.0,"turns":4.0},{"damage":6.0,"enemies":"Maw","floor":42.0,"turns":1.0},{"damage":27.0,"enemies":"Sphere and 2 Shapes","floor":44.0,"turns":3.0},{"damage":9.0,"enemies":"4 Shapes","floor":45.0,"turns":1.0},{"damage":6.0,"enemies":"Spire Growth","floor":46.0,"turns":2.0},{"damage":0.0,"enemies":"Writhing Mass","floor":48.0,"turns":2.0},{"damage":46,"enemies":"Donu and Deca","floor":50,"turns":5}],"seed_played":"4080972882889002133","potions_obtained":[{"floor":1.0,"key":"AttackPotion"},{"floor":6.0,"key":"Regen Potion"},{"floor":8.0,"key":"LiquidBronze"},{"floor":18.0,"key":"Dexterity Potion"},{"floor":29.0,"key":"Energy Potion"},{"floor":37.0,"key":"SpeedPotion"},{"floor":38.0,"key":"Poison Potion"},{"floor":44.0,"key":"Regen Potion"},{"floor":45.0,"key":"Ancient Potion"}],"is_trial":false,"path_per_floor":["M","?","?","M","?","M","M","M","T","R","?","$","R","M","R","B",null,"M","?","M","$","?","R","T","M","T","?","?","M","$","M","R","B",null,"M","$","M","M","?","R","M","M","T","M","M","M","$","M","R","B",null],"character_chosen":"IRONCLAD","items_purchased":["Offering+1","Limit Break+1","Bag of Marbles","Flex+1"],"campfire_rested":1,"item_purchase_floors":[12,21,36,47],"current_hp_per_floor":[80,85,85,85,85,85,73,79,79,79,79,79,79,70,70,70,85,75,75,70,70,65,65,75,84,84,84,84,79,79,64,64,52,95,85,85,85,76,76,76,39,39,39,18,15,15,15,21,49,9],"gold":64,"neow_bonus":"THREE_ENEMY_KILL","is_prod":false,"is_daily":false,"chose_seed":false,"campfire_upgraded":6,"win_rate":0,"timestamp":1558493902,"path_taken":["M","?","?","M","?","M","?","?","T","R","?","$","R","M","R","BOSS","M","?","?","$","?","R","?","?","T","?","?","M","$","M","R","BOSS","M","$","M","M","?","R","M","M","T","M","M","M","$","M","R","BOSS"],"build_version":"2019-01-23","purchased_purges":3,"victory":true,"max_hp_per_floor":[80,85,85,85,85,85,85,85,85,85,85,85,85,85,85,85,85,85,85,85,85,85,85,95,95,95,95,95,95,95,95,95,95,95,95,95,95,95,95,95,95,95,95,95,95,95,95,95,95,95],"card_choices":[{"not_picked":["Metallicize","Iron Wave"],"picked":"Searing Blow","floor":1.0},{"not_picked":["Sever Soul","Sentinel","Spot Weakness"],"picked":"SKIP","floor":4.0},{"not_picked":["Infernal Blade","Sentinel","Cleave"],"picked":"SKIP","floor":6.0},{"not_picked":["Warcry","Clothesline"],"picked":"Flex","floor":7.0},{"not_picked":["Wild Strike","Heavy Blade","Bludgeon"],"picked":"SKIP","floor":8.0},{"not_picked":["Carnage","Clothesline"],"picked":"Shrug It Off+1","floor":14.0},{"not_picked":["Clash","Infernal Blade+1"],"picked":"Flex+1","floor":18.0},{"not_picked":["Armaments+1","Havoc+1"],"picked":"Clash","floor":20.0},{"not_picked":["Sever Soul","Blood for Blood","Second Wind+1"],"picked":"SKIP","floor":25.0},{"not_picked":["Clash","Uppercut","Clothesline"],"picked":"SKIP","floor":29.0},{"not_picked":["Burning Pact+1","True Grit+1","Iron Wave"],"picked":"SKIP","floor":31.0},{"not_picked":["Impervious+1","Exhume+1"],"picked":"Limit Break+1","floor":33.0},{"not_picked":["Pommel Strike","Headbutt"],"picked":"Dropkick","floor":34.0},{"not_picked":["Battle Trance+1","Body Slam"],"picked":"Seeing Red+1","floor":34.0},{"not_picked":["Anger","Pommel Strike+1","Headbutt+1"],"picked":"SKIP","floor":35.0},{"not_picked":["Thunderclap+1","Whirlwind","Shockwave+1"],"picked":"SKIP","floor":37.0},{"not_picked":["Heavy Blade+1","Pommel Strike"],"picked":"Dropkick","floor":38.0},{"not_picked":["Iron Wave+1","Flame Barrier+1","Corruption+1"],"picked":"SKIP","floor":41.0},{"not_picked":["Iron Wave+1","Flame Barrier+1","Corruption+1"],"picked":"SKIP","floor":41.0},{"not_picked":["Wild Strike+1","Fiend Fire","Heavy Blade"],"picked":"SKIP","floor":42.0},{"not_picked":["Perfected Strike+1","Evolve+1"],"picked":"Flex+1","floor":44.0},{"not_picked":["Thunderclap+1","Feel No Pain+1","Uppercut+1"],"picked":"SKIP","floor":45.0},{"not_picked":["Uppercut","Twin Strike+1","Pommel Strike"],"picked":"SKIP","floor":46.0},{"not_picked":["Anger","True Grit+1","Ghostly Armor+1"],"picked":"SKIP","floor":48.0}],"player_experience":563023,"relics_obtained":[{"floor":9.0,"key":"Toxic Egg 2"},{"floor":22.0,"key":"Red Mask"},{"floor":24.0,"key":"Pear"},{"floor":26.0,"key":"Juzu Bracelet"},{"floor":43.0,"key":"Oddly Smooth Stone"}],"event_choices":[{"damage_healed":0.0,"max_hp_gain":5.0,"max_hp_loss":0.0,"gold_gain":0.0,"event_name":"Big Fish","player_choice":"Donut","floor":2.0,"gold_loss":0.0,"damage_taken":0.0},{"cards_removed":["Strike_R"],"damage_healed":0.0,"max_hp_gain":0.0,"max_hp_loss":0.0,"gold_gain":0.0,"event_name":"The Cleric","player_choice":"Card Removal","floor":3.0,"gold_loss":50.0,"damage_taken":0.0},{"damage_healed":0.0,"max_hp_gain":0.0,"max_hp_loss":0.0,"gold_gain":0.0,"cards_transformed":["Strike_R"],"event_name":"Transmorgrifier","player_choice":"Transformed","floor":5.0,"gold_loss":0.0,"damage_taken":0.0,"cards_obtained":["Pummel"]},{"damage_healed":0.0,"max_hp_gain":0.0,"max_hp_loss":0.0,"gold_gain":0.0,"event_name":"Liars Game","player_choice":"Ignored","floor":11.0,"gold_loss":0.0,"damage_taken":0.0},{"cards_removed":["Defend_R"],"damage_healed":0.0,"max_hp_gain":0.0,"max_hp_loss":0.0,"gold_gain":0.0,"event_name":"Bonfire Elementals","player_choice":"Offered Basic","floor":19.0,"gold_loss":0.0,"damage_taken":0.0},{"damage_healed":0.0,"max_hp_gain":0.0,"max_hp_loss":0.0,"gold_gain":0.0,"event_name":"Masked Bandits","player_choice":"Fought Bandits","floor":22.0,"gold_loss":0.0,"damage_taken":0.0},{"damage_healed":0.0,"max_hp_gain":0.0,"max_hp_loss":0.0,"gold_gain":0.0,"event_name":"Match and Keep!","player_choice":"0 cards matched","floor":27.0,"gold_loss":0.0,"damage_taken":0.0,"cards_obtained":[]},{"damage_healed":0.0,"max_hp_gain":0.0,"max_hp_loss":0.0,"gold_gain":0.0,"event_name":"Addict","player_choice":"Obtained Relic","floor":28.0,"gold_loss":85.0,"damage_taken":0.0,"relics_obtained":["Smiling Mask"]},{"damage_healed":0.0,"max_hp_gain":0.0,"max_hp_loss":0.0,"gold_gain":0.0,"event_name":"WeMeetAgain","player_choice":"Gave Potion","floor":39.0,"gold_loss":0.0,"damage_taken":0.0,"relics_obtained":["Bird Faced Urn"]}],"is_beta":false,"boss_relics":[{"not_picked":["Runic Cube","Eternal Feather"],"picked":"Empty Cage"},{"not_picked":["Mark of Pain","Snecko Eye"],"picked":"Orrery"}],"items_purged_floors":[30,36,47],"is_endless":false,"potions_floor_spawned":[1,6,8,18,29,37,38,44,45],"ascension_level":0}