{"gold_per_floor":[114,189,203,219,230,230,230,230,230,117,117,131,131,148,148,253,253,270,185,199,44,63,63,77,77,77,77,77,77,92,112,112,112],"floor_reached":33,"playtime":1464,"items_purged":["Regret"],"score":360,"play_id":"603ae74a-0650-4dcb-9862-764cbef46370","local_time":"20190303175534","is_ascension_mode":true,"campfire_choices":[{"data":"Dagger Spray","floor":6.0,"key":"SMITH"},{"data":"Neutralize","floor":8.0,"key":"SMITH"},{"data":"Finisher","floor":13.0,"key":"SMITH"},{"data":"Sucker Punch","floor":15.0,"key":"SMITH"},{"floor":23.0,"key":"REST"},{"floor":25.0,"key":"REST"},{"data":"Envenom","floor":28.0,"key":"SMITH"},{"floor":32.0,"key":"REST"}],"neow_cost":"NONE","seed_source_timestamp":0,"circlet_count":0,"master_deck":["Defend_G","Defend_G","Defend_G","Defend_G","Defend_G","Strike_G","Strike_G","Strike_G","Strike_G","Strike_G","Survivor","Neutralize+1","Prepared","Dagger Spray+1","Terror","Acrobatics","Finisher+1","Backstab","Sucker Punch+1","Envenom+1","Distraction+1","Endless Agony","Leg Sweep","Cloak And Dagger","Dash+1"],"special_seed":0,"relics":["Ring of the Snake","Question Card","Pear","Philosopher\u0027s Stone","Anchor","Oddly Smooth Stone","Pocketwatch"],"potions_floor_usage":[33,33],"damage_taken":[{"damage":6.0,"enemies":"2 Louse","floor":1.0,"turns":3.0},{"damage":5.0,"enemies":"Jaw Worm","floor":3.0,"turns":5.0},{"damage":1.0,"enemies":"Cultist","floor":4.0,"turns":3.0},{"damage":4.0,"enemies":"Red Slaver","floor":5.0,"turns":5.0},{"damage":4.0,"enemies":"Blue Slaver","floor":12.0,"turns":5.0},{"damage":3.0,"enemies":"Large Slime","floor":14.0,"turns":6.0},{"damage":29.0,"enemies":"Slime Boss","floor":16.0,"turns":11.0},{"damage":27.0,"enemies":"Spheric Guardian","floor":18.0,"turns":6.0},{"damage":10.0,"enemies":"Shell Parasite","floor":20.0,"turns":5.0},{"damage":18.0,"enemies":"Snake Plant","floor":22.0,"turns":6.0},{"damage":8.0,"enemies":"Chosen and Byrds","floor":24.0,"turns":5.0},{"damage":37.0,"enemies":"Snecko","floor":30.0,"turns":7.0},{"damage":3.0,"enemies":"Snake Plant","floor":31.0,"turns":4.0},{"damage":45,"enemies":"Collector","floor":33,"turns":6}],"seed_played":"4116141946664859776","potions_obtained":[{"floor":3.0,"key":"EssenceOfSteel"},{"floor":5.0,"key":"Swift Potion"},{"floor":14.0,"key":"Block Potion"},{"floor":16.0,"key":"SteroidPotion"},{"floor":20.0,"key":"Poison Potion"},{"floor":22.0,"key":"Explosive Potion"},{"floor":31.0,"key":"Strength Potion"}],"is_trial":false,"path_per_floor":["M","?","M","M","M","R","?","R","T","$","?","M","R","M","R","B",null,"M","?","M","$","M","R","M","R","T","?","R","?","M","M","R","B"],"character_chosen":"THE_SILENT","items_purchased":["Finisher","Oddly Smooth Stone"],"campfire_rested":3,"item_purchase_floors":[10,21],"current_hp_per_floor":[64,53,48,47,43,43,43,43,53,53,53,49,49,46,46,17,70,43,43,33,33,15,41,33,59,59,59,59,59,22,19,45,0],"gold":112,"neow_bonus":"TEN_PERCENT_HP_BONUS","is_prod":false,"is_daily":false,"chose_seed":false,"campfire_upgraded":5,"win_rate":0,"timestamp":1551653734,"path_taken":["M","?","M","M","M","R","?","R","T","$","?","M","R","?","R","BOSS","M","?","M","$","M","R","M","R","T","?","R","?","M","?","R","BOSS"],"build_version":"2019-01-23","purchased_purges":1,"victory":false,"max_hp_per_floor":[77,77,77,77,77,77,77,77,87,87,87,87,87,87,87,87,87,87,87,87,87,87,87,87,87,87,87,87,87,87,87,87,87],"card_choices":[{"not_picked":["Dagger Throw","Deflect"],"picked":"Prepared","floor":1.0},{"not_picked":["PiercingWail","Deadly Poison"],"picked":"Dagger Spray","floor":3.0},{"not_picked":["After Image","Setup"],"picked":"Terror","floor":4.0},{"not_picked":["Setup","Blade Dance"],"picked":"Acrobatics","floor":5.0},{"not_picked":["Blur","Quick Slash","Noxious Fumes"],"picked":"Backstab","floor":12.0},{"not_picked":["Deflect","Dagger Throw","Dagger Spray"],"picked":"Sucker Punch","floor":14.0},{"not_picked":["Die Die Die","Grand Finale","Malaise"],"picked":"Envenom","floor":16.0},{"not_picked":["Dagger Spray+1","Acrobatics","Choke"],"picked":"Distraction+1","floor":18.0},{"not_picked":["Flying Knee","PiercingWail","Dagger Throw+1"],"picked":"Endless Agony","floor":20.0},{"not_picked":["Finisher","Setup","Blur"],"picked":"Leg Sweep","floor":22.0},{"not_picked":["Poisoned Stab","Dodge and Roll","Outmaneuver","Setup"],"picked":"SKIP","floor":24.0},{"not_picked":["Burst","Bane","Dodge and Roll"],"picked":"Cloak And Dagger","floor":30.0},{"not_picked":["Slice","Sucker Punch+1","Quick Slash+1"],"picked":"Dash+1","floor":31.0}],"player_experience":2327380,"relics_obtained":[{"floor":9.0,"key":"Pear"},{"floor":26.0,"key":"Pocketwatch"}],"event_choices":[{"damage_healed":0.0,"max_hp_gain":0.0,"max_hp_loss":0.0,"gold_gain":75.0,"event_name":"World of Goop","player_choice":"Gather Gold","floor":2.0,"gold_loss":0.0,"damage_taken":11.0},{"damage_healed":0.0,"max_hp_gain":0.0,"max_hp_loss":0.0,"gold_gain":0.0,"event_name":"Big Fish","player_choice":"Box","floor":7.0,"gold_loss":0.0,"damage_taken":0.0,"relics_obtained":["Question Card"],"cards_obtained":["Regret"]},{"damage_healed":0.0,"max_hp_gain":0.0,"max_hp_loss":0.0,"gold_gain":0.0,"event_name":"Shining Light","player_choice":"Ignored","floor":11.0,"gold_loss":0.0,"damage_taken":0.0},{"damage_healed":0.0,"max_hp_gain":0.0,"max_hp_loss":0.0,"gold_gain":0.0,"event_name":"Addict","player_choice":"Obtained Relic","floor":19.0,"gold_loss":85.0,"damage_taken":0.0,"relics_obtained":["Anchor"]},{"damage_healed":0.0,"max_hp_gain":0.0,"max_hp_loss":0.0,"gold_gain":0.0,"event_name":"Forgotten Altar","player_choice":"Smashed Altar","floor":27.0,"gold_loss":0.0,"damage_taken":0.0,"cards_obtained":["Decay"]},{"cards_removed":["Decay"],"damage_healed":0.0,"max_hp_gain":0.0,"max_hp_loss":0.0,"gold_gain":0.0,"event_name":"Purifier","player_choice":"Purged","floor":29.0,"gold_loss":0.0,"damage_taken":0.0}],"is_beta":false,"boss_relics":[{"not_picked":["Runic Dome","Fusion Hammer"],"picked":"Philosopher\u0027s Stone"}],"items_purged_floors":[10],"is_endless":false,"potions_floor_spawned":[3,5,14,16,20,22,31],"killed_by":"Collector","ascension_level":8}