{"path_per_floor":["M","?","?","?","?","R","T","R","T","M","?","M","M","E","R","B",null,"M","$","M","?","?","E","R","M","T","?","$","$","M","E","R","B",null,"M","?","M","M","?","E","$","?","T","$","M","?","R","$","R"],"character_chosen":"IRONCLAD","items_purchased":["Whetstone","Singing Bowl","Bronze Scales"],"gold_per_floor":[109,109,109,184,184,184,184,184,184,195,195,218,241,285,285,415,415,431,356,380,380,380,406,406,424,448,448,54,54,69,99,99,198,198,214,214,234,245,245,276,5,5,55,55,66,66,66,66,66,66],"floor_reached":50,"campfire_rested":1,"playtime":3336,"item_purchase_floors":[],"current_hp_per_floor":[72,72,60,49,49,49,49,49,49,63,63,64,59,47,69,53,74,71,71,57,57,57,30,30,31,36,20,20,20,37,50,50,40,76,78,68,80,82,82,32,32,32,37,37,53,55,55,55,55,0],"items_purged":["Regret","Strike_R","Defend_R"],"gold":66,"score":605,"play_id":"e21c1212-66b9-47dd-bbfe-16dabde888d6","local_time":"20180601192234","is_prod":false,"is_daily":false,"chose_seed":false,"is_ascension_mode":true,"campfire_upgraded":2,"win_rate":0,"timestamp":1527873754,"campfire_choices":[{"data":"Barricade","floor":6.0,"key":"SMITH"},{"data":"Flame Barrier","floor":8.0,"key":"SMITH"},{"floor":15.0,"key":"REST"},{"data":"Strike_R","floor":24.0,"key":"PURGE"},{"data":"Strike_R","floor":32.0,"key":"PURGE"},{"data":"Defend_R","floor":47,"key":"PURGE"},{"data":"Defend_R","floor":49,"key":"PURGE"}],"path_taken":["M","?","?","?","?","R","?","R","T","?","?","M","M","E","R","BOSS","M","$","M","?","?","E","R","?","T","?","?","$","?","E","R","BOSS","M","?","M","M","?","E","$","?","T","?","M","?","R","$","R","BOSS"],"build_version":"2018-05-31","seed_source_timestamp":0,"purchased_purges":3,"victory":false,"master_deck":["Strike_R+1","Bash","Barricade+1","Flame Barrier+1","Warcry","Clash+1","Anger+1","Thunderclap+1","Iron Wave+1","Impervious","Madness","Madness","Seeing Red+1"],"max_hp_per_floor":[80,80,80,80,80,80,80,80,80,80,74,74,74,74,74,74,74,74,74,74,74,74,74,74,74,74,74,74,74,74,76,76,76,76,78,78,80,82,82,84,84,84,84,84,86,88,88,88,88,88],"relics":["Burning Blood","Happy Flower","Vajra","Bird Faced Urn","Letter Opener","Bloody Idol","Thread and Needle","Sozu","Peace Pipe","Dream Catcher","Enchiridion","Whetstone","Singing Bowl","Magic Flower","Lizard Tail","Prayer Wheel","Bronze Scales","Juzu Bracelet"],"card_choices":[{"not_picked":["Clash","Cleave"],"picked":"Flame Barrier","floor":1.0},{"not_picked":["Heavy Blade","Disarm","Wild Strike"],"picked":"SKIP","floor":10.0},{"not_picked":["Thunderclap","Burning Pact","Infernal Blade"],"picked":"SKIP","floor":12.0},{"not_picked":["Armaments","Infernal Blade"],"picked":"Warcry","floor":13.0},{"not_picked":["Anger","Clothesline"],"picked":"Clash","floor":14.0},{"not_picked":["Exhume","Barricade"],"picked":"Berserk","floor":16.0},{"not_picked":["True Grit","Flex","Hemokinesis+1"],"picked":"SKIP","floor":18.0},{"not_picked":["True Grit+1","Shrug It Off+1"],"picked":"Anger+1","floor":20.0},{"not_picked":["Headbutt","Shrug It Off","Warcry"],"picked":"SKIP","floor":23.0},{"not_picked":["Havoc","Armaments"],"picked":"Thunderclap+1","floor":25.0},{"not_picked":["Body Slam","Feel No Pain"],"picked":"Iron Wave+1","floor":30.0},{"not_picked":["Battle Trance","Offering","Intimidate+1"],"picked":"Singing Bowl","floor":31.0},{"not_picked":["Brutality","Demon Form"],"picked":"Impervious","floor":33.0},{"not_picked":["Thunderclap+1","Armaments+1","Headbutt+1"],"picked":"Singing Bowl","floor":35.0},{"not_picked":["Power Through","Intimidate","Headbutt"],"picked":"Singing Bowl","floor":37.0},{"not_picked":["Warcry","Whirlwind+1","Heavy Blade"],"picked":"Singing Bowl","floor":38.0},{"not_picked":["Sever Soul+1","Wild Strike","Headbutt+1"],"picked":"Singing Bowl","floor":40.0},{"not_picked":["Twin Strike+1","Reckless Charge"],"picked":"Seeing Red+1","floor":45},{"not_picked":["Shrug It Off","Anger","Perfected Strike+1"],"picked":"Singing Bowl","floor":45},{"not_picked":["Blind","Thinking Ahead","Good Instincts"],"picked":"Singing Bowl","floor":46}],"player_experience":160249,"potions_floor_usage":[],"damage_taken":[{"damage":14.0,"enemies":"Small Slimes","floor":1.0,"turns":4.0},{"damage":6.0,"enemies":"Cultist","floor":10.0,"turns":5.0},{"damage":7.0,"enemies":"Jaw Worm","floor":12.0,"turns":4.0},{"damage":13.0,"enemies":"Large Slime","floor":13.0,"turns":8.0},{"damage":20.0,"enemies":"Gremlin Nob","floor":14.0,"turns":6.0},{"damage":24.0,"enemies":"The Guardian","floor":16.0,"turns":16.0},{"damage":9.0,"enemies":"Shell Parasite","floor":18.0,"turns":5.0},{"damage":23.0,"enemies":"Chosen","floor":20.0,"turns":6.0},{"damage":42.0,"enemies":"Gremlin Leader","floor":23.0,"turns":7.0},{"damage":14.0,"enemies":"Snake Plant","floor":25.0,"turns":4.0},{"damage":0.0,"enemies":"Sentry and Sphere","floor":30.0,"turns":6.0},{"damage":6.0,"enemies":"Slavers","floor":31.0,"turns":4.0},{"damage":33.0,"enemies":"Collector","floor":33.0,"turns":10.0},{"damage":5.0,"enemies":"3 Shapes","floor":35.0,"turns":6.0},{"damage":4.0,"enemies":"Orb Walker","floor":37.0,"turns":5.0},{"damage":5.0,"enemies":"Sphere and 2 Shapes","floor":38.0,"turns":7.0},{"damage":66.0,"enemies":"Nemesis","floor":40.0,"turns":11.0},{"damage":3.0,"enemies":"4 Shapes","floor":45.0,"turns":10.0},{"damage":163,"enemies":"Donu and Deca","floor":50,"turns":9}],"relics_obtained":[{"floor":7.0,"key":"Bird Faced Urn"},{"floor":9.0,"key":"Letter Opener"},{"floor":14.0,"key":"Thread and Needle"},{"floor":23.0,"key":"Peace Pipe"},{"floor":26.0,"key":"Dream Catcher"},{"floor":27.0,"key":"Enchiridion"},{"floor":31.0,"key":"Magic Flower"},{"floor":40.0,"key":"Prayer Wheel"},{"floor":43.0,"key":"Juzu Bracelet"}],"event_choices":[{"event_name":"Purifier","player_choice":"One Purge","floor":2.0,"damage_taken":0.0},{"event_name":"Scrap Ooze","player_choice":"success","floor":3.0,"damage_taken":12.0},{"event_name":"World of Goop","player_choice":"Gather Gold","floor":4.0,"damage_taken":0.0},{"event_name":"Big Fish","player_choice":"Box","floor":5.0,"damage_taken":0.0},{"event_name":"Golden Idol","player_choice":"Lose Max HP","floor":11.0,"damage_taken":0.0},{"event_name":"Forgotten Altar","player_choice":"Gave Idol","floor":21.0,"damage_taken":0.0},{"event_name":"Ghosts","player_choice":"Ignored","floor":22.0,"damage_taken":0.0},{"event_name":"Cursed Tome","player_choice":"Obtained Book","floor":27.0,"damage_taken":0.0},{"event_name":"Winding Halls","player_choice":"Embrace Madness","floor":36.0,"damage_taken":0.0},{"event_name":"Match and Keep!","player_choice":"0 cards matched","floor":42.0,"damage_taken":0.0},{"event_name":"SensoryStone","player_choice":"Memory 1","floor":46,"damage_taken":0}],"boss_relics":[],"items_purged_floors":[],"potions_floor_spawned":[1,13,18,20,31,33,37,38,40],"seed_played":"-6789894270490057977","killed_by":"Donu and Deca","ascension_level":3,"potions_obtained":[{"floor":1.0,"key":"Regen Potion"},{"floor":13.0,"key":"EssenceOfSteel"}],"is_trial":false}