{"path_per_floor":["M","?","$","?","M","E","R","?","T","R","M","?","R","M","R","B",null,"M","?","M","$","?","E","M","E","T","M","E","?","M","$","R","B",null,"M","?","M","M","$","E","$","R","T","?","M","M","R","M","R","B"],"character_chosen":"IRONCLAD","items_purchased":["Shuriken","Bag of Preparation"],"gold_per_floor":[119,69,69,144,162,191,191,191,191,191,208,208,208,219,219,324,354,334,334,345,270,270,299,319,349,373,392,426,526,539,44,44,141,141,152,152,170,180,55,84,84,84,134,134,153,171,171,190,190,190],"floor_reached":51,"campfire_rested":1,"playtime":3592,"item_purchase_floors":[31,31],"current_hp_per_floor":[80,80,80,69,73,34,34,34,34,34,40,24,24,30,30,20,85,79,79,79,79,79,56,53,31,31,37,40,40,32,32,32,15,92,92,92,92,79,79,49,49,49,49,37,27,35,35,43,70,52],"items_purged":["Strike_R","Defend_R","Strike_R"],"gold":190,"score":710,"play_id":"24862c85-46de-493d-8712-c3b925f3cf91","local_time":"20180531125528","is_prod":false,"is_daily":false,"chose_seed":false,"is_ascension_mode":false,"campfire_upgraded":7,"win_rate":0,"timestamp":1527764128,"campfire_choices":[{"data":"Clash","floor":7,"key":"SMITH"},{"data":"Bash","floor":10,"key":"SMITH"},{"data":"Blood for Blood","floor":13,"key":"SMITH"},{"data":"Defend_R","floor":15,"key":"SMITH"},{"data":"Flame Barrier","floor":32,"key":"SMITH"},{"data":"Double Tap","floor":42,"key":"SMITH"},{"data":"Madness","floor":47,"key":"SMITH"},{"floor":49,"key":"REST"}],"path_taken":["M","?","$","?","M","E","R","?","T","R","M","?","R","M","R","BOSS","M","?","M","$","?","E","M","E","T","M","E","?","M","$","R","BOSS","M","?","M","M","$","E","?","R","T","?","M","M","R","M","R","BOSS"],"build_version":"2018-05-24","seed_source_timestamp":1260017941622460,"purchased_purges":3,"victory":true,"master_deck":["Strike_R+1","Strike_R+1","Defend_R+1","Defend_R+1","Bash+1","Clash+1","Blood for Blood+1","Metallicize+1","Double Tap+1","Flame Barrier+1","Thunderclap","Fire Breathing+1","Anger+1","Dropkick","Offering","Metallicize+1","Clash+1","Madness+1","Madness","Clash+1"],"max_hp_per_floor":[80,80,80,80,80,80,80,80,80,80,80,80,80,80,80,80,85,85,85,85,85,85,85,85,85,85,85,92,92,92,92,92,92,92,92,92,92,92,92,92,92,92,92,92,92,92,92,92,92,92],"relics":["Burning Blood","Red Skull","Lantern","Tiny House","Letter Opener","Bronze Scales","Oddly Smooth Stone","Orichalcum","Strawberry","Shuriken","Bag of Preparation","Lizard Tail","Omamori","Blood Vial"],"card_choices":[{"not_picked":["Dropkick","Shrug It Off"],"picked":"Clash","floor":1},{"not_picked":["Dual Wield","Body Slam"],"picked":"Blood for Blood","floor":5},{"not_picked":["Iron Wave","Anger"],"picked":"Metallicize","floor":6},{"not_picked":["Dark Embrace","Evolve","Headbutt"],"picked":"SKIP","floor":11},{"not_picked":["Perfected Strike","Flex","Second Wind"],"picked":"SKIP","floor":14},{"not_picked":["Exhume","Immolate"],"picked":"Double Tap","floor":16},{"not_picked":["Havoc","Armaments+1","Burning Pact+1"],"picked":"SKIP","floor":18},{"not_picked":["Shrug It Off","Perfected Strike","Carnage"],"picked":"SKIP","floor":20},{"not_picked":["Perfected Strike+1","Wild Strike+1"],"picked":"Flame Barrier","floor":23},{"not_picked":["Pommel Strike","Heavy Blade"],"picked":"Thunderclap","floor":24},{"not_picked":["Infernal Blade","Wild Strike"],"picked":"Fire Breathing+1","floor":25},{"not_picked":["Rupture","Warcry"],"picked":"Anger+1","floor":27},{"not_picked":["Warcry","Wild Strike"],"picked":"Dropkick","floor":28},{"not_picked":["Flex","Heavy Blade","Twin Strike"],"picked":"SKIP","floor":30},{"not_picked":["Exhume","Impervious"],"picked":"Offering","floor":33},{"not_picked":["Havoc","Body Slam","Perfected Strike"],"picked":"SKIP","floor":35},{"not_picked":["Brutality","Anger+1"],"picked":"Clash+1","floor":37},{"not_picked":["Headbutt+1","Wild Strike+1","Twin Strike"],"picked":"SKIP","floor":38},{"not_picked":["Pummel+1","Wild Strike","Offering"],"picked":"SKIP","floor":40},{"not_picked":["Whirlwind+1","Carnage+1"],"picked":"Clash+1","floor":45},{"not_picked":["Power Through+1","Heavy Blade","Clash"],"picked":"SKIP","floor":46},{"not_picked":["Clash","Flex+1","Shrug It Off"],"picked":"SKIP","floor":48}],"player_experience":122669,"potions_floor_usage":[23,25,25,28,30,50,50,50],"damage_taken":[{"damage":4,"enemies":"Jaw Worm","floor":1,"turns":6},{"damage":2,"enemies":"Small Slimes","floor":5,"turns":3},{"damage":45,"enemies":"Lagavulin","floor":6,"turns":7},{"damage":0,"enemies":"2 Louse","floor":11,"turns":2},{"damage":0,"enemies":"Blue Slaver","floor":14,"turns":2},{"damage":16,"enemies":"Slime Boss","floor":16,"turns":11},{"damage":12,"enemies":"2 Thieves","floor":18,"turns":4},{"damage":6,"enemies":"Shell Parasite","floor":20,"turns":5},{"damage":29,"enemies":"Book of Stabbing","floor":23,"turns":5},{"damage":9,"enemies":"Snake Plant","floor":24,"turns":3},{"damage":37,"enemies":"Slavers","floor":25,"turns":5},{"damage":0,"enemies":"Centurion and Healer","floor":27,"turns":6},{"damage":10,"enemies":"Gremlin Leader","floor":28,"turns":5},{"damage":14,"enemies":"Sentry and Sphere","floor":30,"turns":6},{"damage":47,"enemies":"Automaton","floor":33,"turns":7},{"damage":4,"enemies":"Orb Walker","floor":35,"turns":2},{"damage":6,"enemies":"3 Shapes","floor":37,"turns":3},{"damage":19,"enemies":"3 Darklings","floor":38,"turns":3},{"damage":36,"enemies":"Nemesis","floor":40,"turns":5},{"damage":18,"enemies":"Maw","floor":45,"turns":6},{"damage":0,"enemies":"Sphere and 2 Shapes","floor":46,"turns":6},{"damage":0,"enemies":"3 Darklings","floor":48,"turns":3},{"damage":94,"enemies":"Donu and Deca","floor":50,"turns":9}],"relics_obtained":[{"floor":6,"key":"Red Skull"},{"floor":9,"key":"Lantern"},{"floor":23,"key":"Bronze Scales"},{"floor":25,"key":"Oddly Smooth Stone"},{"floor":26,"key":"Orichalcum"},{"floor":28,"key":"Strawberry"},{"floor":40,"key":"Omamori"},{"floor":43,"key":"Blood Vial"}],"event_choices":[{"event_name":"The Cleric","player_choice":"Card Removal","floor":2,"damage_taken":0},{"event_name":"World of Goop","player_choice":"Gather Gold","floor":4,"damage_taken":0},{"event_name":"Upgrade Shrine","player_choice":"Upgraded","floor":8,"damage_taken":0},{"event_name":"Shining Light","player_choice":"Entered Light","floor":12,"damage_taken":0},{"event_name":"Wheel of Change","player_choice":"Relic","floor":19,"damage_taken":0},{"event_name":"Back to Basics","player_choice":"Elegance","floor":22,"damage_taken":0},{"event_name":"Golden Shrine","player_choice":"Pray","floor":29,"damage_taken":0},{"event_name":"Duplicator","player_choice":"One dupe","floor":36,"damage_taken":0},{"event_name":"Winding Halls","player_choice":"Embrace Madness","floor":44,"damage_taken":0}],"boss_relics":[{"not_picked":["Orrery","Mark of Pain"],"picked":"Tiny House"},{"not_picked":["Black Blood","Eternal Feather"],"picked":"Lizard Tail"}],"items_purged_floors":[21,31,39],"potions_floor_spawned":[1,14,23,24,27,28,33,37,38,45],"seed_played":"-1397614713673100506","ascension_level":0,"potions_obtained":[{"floor":1,"key":"GamblersBrew"},{"floor":14,"key":"Energy Potion"},{"floor":17,"key":"FairyPotion"},{"floor":23,"key":"Regen Potion"},{"floor":27,"key":"Block Potion"},{"floor":28,"key":"PowerPotion"},{"floor":33,"key":"LiquidBronze"},{"floor":37,"key":"Explosive Potion"},{"floor":38,"key":"Dexterity Potion"},{"floor":45,"key":"Block Potion"}],"is_trial":false}