{"gold_per_floor":[369,387,106,106,106,106,171,171,196,196,226,86,101,117,117,219,219,229,246,246,246,246,246,278,61,61,61],"floor_reached":27,"playtime":2058,"items_purged":["Defend_R","Defend_R","Bite"],"score":341,"play_id":"f7dab611-86a8-4377-826c-8b2ffa67e8df","local_time":"20180727210054","is_ascension_mode":true,"campfire_choices":[{"data":"Shrug It Off","floor":6,"key":"SMITH"},{"data":"Defend_R","floor":8,"key":"SMITH"},{"floor":10,"key":"REST"},{"data":"Metallicize","floor":15,"key":"SMITH"},{"data":"Limit Break","floor":23,"key":"SMITH"}],"neow_cost":"FIFTY_PERCENT_DAMAGE","seed_source_timestamp":3539310435655304,"circlet_count":0,"master_deck":["Defend_R+1","Defend_R+1","Bash+1","AscendersBane","Clash","Cleave","Shrug It Off+1","Seeing Red","Inflame","Metallicize+1","Limit Break+1","Rage","Bite","Bite","Bite","Purity","Metallicize"],"relics":["Burning Blood","Membership Card","Pear","Dream Catcher","Centennial Puzzle","Black Star","Question Card","Bottled Lightning","Bronze Scales","Champion Belt"],"potions_floor_usage":[11,14,16,19,24],"damage_taken":[{"damage":1,"enemies":"2 Louse","floor":1,"turns":3},{"damage":0,"enemies":"Jaw Worm","floor":2,"turns":3},{"damage":18,"enemies":"3 Sentries","floor":7,"turns":8},{"damage":22,"enemies":"3 Sentries","floor":11,"turns":6},{"damage":0,"enemies":"Cultist","floor":13,"turns":4},{"damage":1,"enemies":"Exordium Wildlife","floor":14,"turns":4},{"damage":42,"enemies":"Slime Boss","floor":16,"turns":11},{"damage":18,"enemies":"Spheric Guardian","floor":18,"turns":4},{"damage":25,"enemies":"Shell Parasite","floor":19,"turns":5},{"damage":71,"enemies":"Book of Stabbing","floor":24,"turns":7},{"damage":11,"enemies":"Snake Plant","floor":27,"turns":2}],"seed_played":"2509453196944952958","potions_obtained":[{"floor":7,"key":"SteroidPotion"},{"floor":11,"key":"Energy Potion"},{"floor":14,"key":"LiquidBronze"},{"floor":16,"key":"Ancient Potion"},{"floor":18,"key":"Weak Potion"},{"floor":19,"key":"SkillPotion"}],"is_trial":false,"path_per_floor":["M","M","$","?","?","R","?","R","T","R","E","$","M","M","R","B",null,"M","M","?","?","?","R","E","$","T"],"character_chosen":"IRONCLAD","items_purchased":["Membership Card","Shrug It Off","Metallicize","Bronze Scales"],"campfire_rested":1,"item_purchase_floors":[3,3,12,25],"current_hp_per_floor":[41,47,47,52,35,35,33,33,33,61,45,45,51,56,56,20,76,64,45,76,66,66,66,9,9,9,0],"gold":61,"neow_bonus":"TWO_FIFTY_GOLD","is_prod":false,"is_daily":false,"chose_seed":false,"campfire_upgraded":4,"win_rate":0,"timestamp":1532718054,"path_taken":["M","M","$","?","?","R","?","R","T","R","E","$","M","M","R","BOSS","M","M","?","?","?","R","E","$","T","M"],"build_version":"2018-07-26","purchased_purges":3,"victory":false,"max_hp_per_floor":[80,80,80,85,85,85,95,95,95,95,95,95,95,95,95,95,95,95,95,95,66,66,66,66,66,66,66],"card_choices":[{"not_picked":["Armaments","Second Wind"],"picked":"Clash","floor":1},{"not_picked":["Dual Wield","True Grit"],"picked":"Cleave","floor":2},{"not_picked":["Armaments","Limit Break"],"picked":"Seeing Red","floor":7},{"not_picked":["Pommel Strike","Cleave"],"picked":"Inflame","floor":11},{"not_picked":["Cleave","Flex","Perfected Strike"],"picked":"SKIP","floor":13},{"not_picked":["Immolate","Blood for Blood","Pommel Strike"],"picked":"SKIP","floor":14},{"not_picked":["Brutality","Barricade"],"picked":"Limit Break","floor":16},{"not_picked":["Warcry","Perfected Strike"],"picked":"Rage","floor":18},{"not_picked":["Rupture","Clash","Headbutt"],"picked":"SKIP","floor":19},{"not_picked":["Combust","Armaments"],"picked":"Metallicize","floor":24}],"player_experience":395825,"relics_obtained":[{"floor":7,"key":"Pear"},{"floor":9,"key":"Dream Catcher"},{"floor":11,"key":"Centennial Puzzle"},{"floor":24,"key":"Question Card"},{"floor":24,"key":"Bottled Lightning"},{"floor":26,"key":"Champion Belt"}],"event_choices":[{"event_name":"Big Fish","player_choice":"Donut","floor":4,"damage_taken":0},{"event_name":"Shining Light","player_choice":"Entered Light","floor":5,"damage_taken":0},{"event_name":"Dead Adventurer","player_choice":"Searched \u00271\u0027 times","floor":7,"damage_taken":0},{"event_name":"The Library","player_choice":"Heal","floor":20,"damage_taken":0},{"event_name":"Vampires","player_choice":"Became a vampire","floor":21,"damage_taken":0},{"event_name":"Transmorgrifier","player_choice":"Transform","floor":22,"damage_taken":0}],"is_beta":false,"boss_relics":[{"not_picked":["Snecko Eye","Cursed Key"],"picked":"Black Star"}],"items_purged_floors":[3,12,25],"is_endless":false,"potions_floor_spawned":[7,11,14,16,18,19],"killed_by":"Snake Plant","ascension_level":10}