{"gold_per_floor":[116,4,4,24,36,36,70,70,115,148,160,176,176,196,196,293,293,307,232,242,142,142,142,158,158,182,192,203,215,243,262,262,364,364,382,402,402,413,431,458,458,470,494,494,511,511,528,284,284,284],"floor_reached":51,"playtime":62161,"items_purged":["Strike_G","Strike_G"],"score":863,"play_id":"7f12c0bd-5be2-4ac1-945a-a7f805db748b","local_time":"20190302101810","is_ascension_mode":true,"campfire_choices":[{"data":"Bouncing Flask","floor":6,"key":"SMITH"},{"floor":15,"key":"REST"},{"floor":23,"key":"REST"},{"data":"Leg Sweep","floor":25,"key":"SMITH"},{"floor":32,"key":"REST"},{"floor":41,"key":"REST"},{"floor":44,"key":"DIG"},{"floor":49,"key":"DIG"}],"neow_cost":"NONE","seed_source_timestamp":315267952127400,"circlet_count":0,"master_deck":["Defend_G+1","Defend_G+1","Defend_G+1","Survivor+1","Neutralize+1","Deflect+1","Deadly Poison+1","Bouncing Flask+1","Deadly Poison+1","Prepared+1","Bane+1","Acrobatics+1","Adrenaline+1","Well Laid Plans+1","After Image+1","Leg Sweep+1","PiercingWail+1","Bullet Time+1","Noxious Fumes+1","Grand Finale+1","Dash+1","Prepared+1","Choke+1","Adrenaline+1","Outmaneuver+1","Acrobatics+1","Adrenaline","Skewer","Metamorphosis"],"relics":["Ring of the Snake","Strawberry","Art of War","War Paint","Velvet Choker","Omamori","Snake Skull","Incense Burner","Runic Pyramid","Shovel","Anchor","Blue Candle","Mark of the Bloom","PreservedInsect"],"potions_floor_usage":[10,12,31,31,31,31,33,40,40,50],"damage_taken":[{"damage":0,"enemies":"Small Slimes","floor":1,"turns":4},{"damage":4,"enemies":"2 Louse","floor":4,"turns":3},{"damage":0,"enemies":"Cultist","floor":5,"turns":3},{"damage":31,"enemies":"Lagavulin","floor":7,"turns":6},{"damage":19,"enemies":"3 Sentries","floor":10,"turns":7},{"damage":0,"enemies":"Looter","floor":11,"turns":3},{"damage":3,"enemies":"3 Louse","floor":12,"turns":3},{"damage":8,"enemies":"Gremlin Gang","floor":14,"turns":5},{"damage":15,"enemies":"Hexaghost","floor":16,"turns":7},{"damage":25,"enemies":"2 Thieves","floor":18,"turns":4},{"damage":0,"enemies":"Spheric Guardian","floor":20,"turns":3},{"damage":13,"enemies":"3 Cultists","floor":24,"turns":7},{"damage":0,"enemies":"Centurion and Healer","floor":27,"turns":6},{"damage":11,"enemies":"Snake Plant","floor":28,"turns":3},{"damage":8,"enemies":"Snecko","floor":29,"turns":6},{"damage":21,"enemies":"Gremlin Leader","floor":30,"turns":6},{"damage":8,"enemies":"Shelled Parasite and Fungi","floor":31,"turns":6},{"damage":10,"enemies":"Collector","floor":33,"turns":10},{"damage":0,"enemies":"3 Darklings","floor":35,"turns":5},{"damage":13,"enemies":"3 Shapes","floor":36,"turns":3},{"damage":2,"enemies":"Writhing Mass","floor":38,"turns":5},{"damage":6,"enemies":"3 Darklings","floor":39,"turns":5},{"damage":0,"enemies":"Reptomancer","floor":40,"turns":5},{"damage":3,"enemies":"Maw","floor":42,"turns":7},{"damage":2,"enemies":"Sphere and 2 Shapes","floor":45,"turns":4},{"damage":0,"enemies":"4 Shapes","floor":47,"turns":5},{"damage":46,"enemies":"Donu and Deca","floor":50,"turns":10}],"seed_played":"-3145112752825718362","potions_obtained":[{"floor":1,"key":"Fire Potion"},{"floor":7,"key":"SteroidPotion"},{"floor":11,"key":"SpeedPotion"},{"floor":14,"key":"GhostInAJar"},{"floor":24,"key":"Explosive Potion"},{"floor":28,"key":"Swift Potion"},{"floor":30,"key":"EntropicBrew"},{"floor":31,"key":"PowerPotion"},{"floor":33,"key":"EssenceOfSteel"},{"floor":36,"key":"GamblersBrew"},{"floor":38,"key":"LiquidBronze"},{"floor":45,"key":"Swift Potion"},{"floor":47,"key":"AttackPotion"}],"is_trial":false,"path_per_floor":["M","$","?","M","M","R","E","?","T","E","M","M","?","M","R","B",null,"M","?","M","$","?","R","M","R","T","M","M","M","E","M","R","B",null,"M","M","?","M","M","E","R","M","T","R","M","?","M","$","R","B",null],"character_chosen":"THE_SILENT","items_purchased":["Bouncing Flask","Skewer","Metamorphosis"],"campfire_rested":4,"item_purchase_floors":[2,48,48],"current_hp_per_floor":[70,70,63,59,59,59,35,35,35,16,16,13,13,5,28,13,61,36,36,36,36,36,59,46,46,46,46,35,27,6,13,36,26,64,64,51,51,49,43,43,66,63,63,63,61,61,61,61,61,15],"gold":284,"neow_bonus":"TRANSFORM_CARD","is_prod":false,"is_daily":false,"chose_seed":false,"campfire_upgraded":2,"win_rate":0,"timestamp":1551539890,"path_taken":["M","$","?","M","M","R","E","?","T","E","?","M","?","M","R","BOSS","M","?","M","$","?","R","M","R","T","M","M","M","E","M","R","BOSS","M","?","?","M","M","E","R","M","T","R","M","?","M","$","R","BOSS"],"build_version":"2019-01-23","purchased_purges":2,"victory":true,"max_hp_per_floor":[70,70,70,70,70,70,77,77,77,77,77,77,77,77,77,77,77,77,77,77,77,77,77,77,77,77,77,77,77,77,77,77,77,77,77,77,77,77,77,77,77,77,77,77,77,77,77,77,77,77],"card_choices":[{"not_picked":["Eviscerate","Prepared"],"picked":"Deadly Poison","floor":1},{"not_picked":["Outmaneuver","Dodge and Roll"],"picked":"Deadly Poison","floor":4},{"not_picked":["Flying Knee","Deflect"],"picked":"Prepared","floor":5},{"not_picked":["Dagger Throw","Backstab"],"picked":"Bane","floor":7},{"not_picked":["Poisoned Stab","Skewer"],"picked":"Acrobatics","floor":10},{"not_picked":["Deadly Poison","Predator","Flechettes"],"picked":"SKIP","floor":11},{"not_picked":["Choke","All Out Attack"],"picked":"Adrenaline","floor":12},{"not_picked":["Escape Plan","PiercingWail"],"picked":"Well Laid Plans","floor":14},{"not_picked":["Die Die Die","Glass Knife"],"picked":"After Image","floor":16},{"not_picked":["Slice","Dodge and Roll"],"picked":"Leg Sweep","floor":18},{"not_picked":["Masterful Stab+1","Flying Knee"],"picked":"PiercingWail+1","floor":20},{"not_picked":["Eviscerate","Dagger Spray","Dodge and Roll"],"picked":"SKIP","floor":24},{"not_picked":["Eviscerate","Poisoned Stab"],"picked":"Bullet Time","floor":27},{"not_picked":["Setup+1","Slice","Outmaneuver"],"picked":"SKIP","floor":28},{"not_picked":["Quick Slash+1","Flying Knee"],"picked":"Noxious Fumes","floor":29},{"not_picked":["Sucker Punch","Accuracy+1","Prepared"],"picked":"SKIP","floor":30},{"not_picked":["Outmaneuver+1","Acrobatics","Cloak And Dagger"],"picked":"SKIP","floor":31},{"not_picked":["Storm of Steel","Unload"],"picked":"Grand Finale","floor":33},{"not_picked":["Calculated Gamble","Masterful Stab+1"],"picked":"Dash+1","floor":35},{"not_picked":["Slice","Skewer+1"],"picked":"Prepared+1","floor":36},{"not_picked":["Blade Dance","Prepared+1"],"picked":"Choke","floor":38},{"not_picked":["Sucker Punch+1","Bane","Terror+1"],"picked":"SKIP","floor":39},{"not_picked":["Outmaneuver","PiercingWail"],"picked":"Adrenaline","floor":40},{"not_picked":["Bane","Quick Slash+1"],"picked":"Outmaneuver+1","floor":42},{"not_picked":["Backstab+1","Sucker Punch+1"],"picked":"Acrobatics","floor":45},{"not_picked":["Skewer+1","Dagger Throw+1"],"picked":"Adrenaline","floor":47}],"player_experience":2236185,"relics_obtained":[{"floor":7,"key":"Strawberry"},{"floor":9,"key":"Art of War"},{"floor":10,"key":"War Paint"},{"floor":26,"key":"Snake Skull"},{"floor":30,"key":"Incense Burner"},{"floor":40,"key":"Shovel"},{"floor":43,"key":"Anchor"},{"floor":44,"key":"Blue Candle"},{"floor":49,"key":"PreservedInsect"}],"event_choices":[{"cards_removed":["Defend_G"],"damage_healed":0,"gold_gain":0,"player_choice":"Card Removal","damage_taken":7,"max_hp_gain":0,"max_hp_loss":0,"event_name":"Golden Wing","floor":3,"gold_loss":0},{"cards_removed":["Defend_G"],"damage_healed":0,"gold_gain":0,"player_choice":"Offered Basic","damage_taken":0,"max_hp_gain":0,"max_hp_loss":0,"event_name":"Bonfire Elementals","floor":8,"gold_loss":0},{"damage_healed":0,"gold_gain":0,"player_choice":"Grow","damage_taken":0,"max_hp_gain":0,"max_hp_loss":0,"event_name":"Living Wall","floor":13,"gold_loss":0,"cards_upgraded":["Adrenaline"]},{"cards_removed":["Strike_G"],"damage_healed":0,"gold_gain":0,"player_choice":"Gave Gold","damage_taken":0,"max_hp_gain":0,"max_hp_loss":0,"event_name":"Beggar","floor":19,"gold_loss":75},{"damage_healed":0,"gold_gain":0,"player_choice":"Gave Potion","damage_taken":0,"relics_obtained":["Omamori"],"max_hp_gain":0,"max_hp_loss":0,"event_name":"WeMeetAgain","floor":22,"gold_loss":0},{"cards_removed":["Strike_G"],"damage_healed":0,"gold_gain":0,"player_choice":"Removed Attack","damage_taken":0,"max_hp_gain":0,"max_hp_loss":0,"event_name":"Falling","floor":37,"gold_loss":0},{"damage_healed":0,"gold_gain":0,"player_choice":"Upgrade","damage_taken":0,"relics_obtained":["Mark of the Bloom"],"max_hp_gain":0,"max_hp_loss":0,"event_name":"MindBloom","floor":46,"gold_loss":0,"cards_upgraded":["Defend_G","Defend_G","Neutralize","Deflect","Deadly Poison","Deadly Poison","Prepared","Bane","Acrobatics","Well Laid Plans","After Image","Bullet Time","Noxious Fumes","Grand Finale","Choke","Adrenaline","Acrobatics"]}],"is_beta":false,"boss_relics":[{"not_picked":["Ectoplasm","Black Star"],"picked":"Velvet Choker"},{"not_picked":["Coffee Dripper","White Beast Statue"],"picked":"Runic Pyramid"}],"items_purged_floors":[2,21],"is_endless":false,"potions_floor_spawned":[1,7,11,14,24,28,30,31,33,36,38,45,47],"ascension_level":5}