{"gold_per_floor":[118,118,193,207,222,251,251,277,349,349,366,346,365,395,395,492,492,509,520,538,552,234,234,266,266,266,295,314,349,349],"floor_reached":30,"playtime":2521,"items_purged":["Strike_B"],"score":372,"play_id":"748ebabb-a965-4635-8072-f2a3ab567b7a","local_time":"20190128111344","is_ascension_mode":true,"campfire_choices":[{"data":"Regret","floor":7,"key":"PURGE"},{"floor":10,"key":"REST"},{"data":"Echo Form","floor":15,"key":"SMITH"},{"data":"Darkness","floor":23,"key":"SMITH"},{"floor":25,"key":"REST"}],"neow_cost":"TEN_PERCENT_HP_LOSS","seed_source_timestamp":509542482549713,"circlet_count":0,"master_deck":["Strike_B","Defend_B","Defend_B","Defend_B","Defend_B","Zap","Dualcast","Auto Shields","Melter","Sweeping Beam","Coolheaded","Ball Lightning","Darkness+1","White Noise","Reboot","Conserve Battery","Echo Form+1","Biased Cognition","Coolheaded","Conserve Battery","Tempest+1"],"relics":["Cracked Core","Peace Pipe","Anchor","Mercury Hourglass","Sundial","Orichalcum","Busted Crown","Molten Egg 2","Kunai","PreservedInsect","Potion Belt","Bronze Scales"],"potions_floor_usage":[8,8,14,18,21,28,28,29],"damage_taken":[{"damage":5,"enemies":"Small Slimes","floor":1,"turns":3},{"damage":2,"enemies":"2 Louse","floor":4,"turns":2},{"damage":7,"enemies":"Cultist","floor":5,"turns":5},{"damage":26,"enemies":"Lagavulin","floor":6,"turns":6},{"damage":4,"enemies":"3 Sentries","floor":8,"turns":7},{"damage":1,"enemies":"Looter","floor":11,"turns":2},{"damage":0,"enemies":"Exordium Wildlife","floor":13,"turns":3},{"damage":9,"enemies":"Lagavulin","floor":14,"turns":6},{"damage":9,"enemies":"Hexaghost","floor":16,"turns":8},{"damage":0,"enemies":"3 Byrds","floor":18,"turns":3},{"damage":12,"enemies":"2 Thieves","floor":19,"turns":3},{"damage":21,"enemies":"Snake Plant","floor":20,"turns":3},{"damage":20,"enemies":"Centurion and Healer","floor":21,"turns":6},{"damage":18,"enemies":"Slavers","floor":24,"turns":4},{"damage":18,"enemies":"Book of Stabbing","floor":27,"turns":5},{"damage":0,"enemies":"Shelled Parasite and Fungi","floor":28,"turns":5},{"damage":10,"enemies":"Gremlin Leader","floor":29,"turns":3},{"damage":3,"enemies":"Snake Plant","floor":30,"turns":2}],"seed_played":"7006611679045597526","potions_obtained":[{"floor":4,"key":"EssenceOfSteel"},{"floor":6,"key":"Swift Potion"},{"floor":11,"key":"Explosive Potion"},{"floor":12,"key":"Block Potion"},{"floor":16,"key":"Regen Potion"},{"floor":24,"key":"SpeedPotion"},{"floor":27,"key":"SkillPotion"},{"floor":28,"key":"EssenceOfSteel"}],"is_trial":false,"path_per_floor":["M","?","?","M","M","E","R","E","T","R","M","?","M","E","R","B",null,"M","M","M","M","$","R","E","R","T","E","M","E","M"],"character_chosen":"DEFECT","items_purchased":["Molten Egg 2"],"campfire_rested":2,"item_purchase_floors":[22],"current_hp_per_floor":[63,63,52,50,43,17,17,13,13,33,32,32,32,23,23,14,68,68,56,35,29,29,29,11,31,31,13,13,3,0],"gold":349,"neow_bonus":"TRANSFORM_TWO_CARDS","is_prod":false,"is_daily":false,"chose_seed":false,"campfire_upgraded":2,"win_rate":0,"timestamp":1548695624,"path_taken":["M","?","?","M","M","E","R","E","T","R","M","?","M","E","R","BOSS","M","M","M","M","$","R","E","R","T","E","M","E","?"],"build_version":"2019-01-23","purchased_purges":1,"victory":false,"max_hp_per_floor":[68,68,68,68,68,68,68,68,68,68,68,68,68,68,68,68,68,68,68,68,68,68,68,68,68,68,68,68,68,68],"card_choices":[{"not_picked":["Compile Driver","Barrage"],"picked":"Sweeping Beam","floor":1},{"not_picked":["Hologram","Storm"],"picked":"Coolheaded","floor":4},{"not_picked":["Heatsinks","Consume"],"picked":"Ball Lightning","floor":5},{"not_picked":["Barrage","Ball Lightning"],"picked":"Darkness","floor":6},{"not_picked":["Compile Driver","Lockon"],"picked":"White Noise","floor":8},{"not_picked":["Leap","Barrage"],"picked":"Reboot","floor":11},{"not_picked":["Hello World","Streamline"],"picked":"Conserve Battery","floor":13},{"not_picked":["Force Field","Turbo"],"picked":"Echo Form","floor":14},{"not_picked":["Reboot","Meteor Strike"],"picked":"Biased Cognition","floor":16},{"not_picked":[],"picked":"Coolheaded","floor":18},{"not_picked":["Barrage"],"picked":"SKIP","floor":19},{"not_picked":["Go for the Eyes"],"picked":"SKIP","floor":20},{"not_picked":["Stack"],"picked":"SKIP","floor":21},{"not_picked":[],"picked":"Conserve Battery","floor":24},{"not_picked":["Streamline+1"],"picked":"SKIP","floor":27},{"not_picked":[],"picked":"Tempest+1","floor":28},{"not_picked":["Rebound+1"],"picked":"SKIP","floor":29}],"player_experience":554796,"relics_obtained":[{"floor":6,"key":"Anchor"},{"floor":8,"key":"Mercury Hourglass"},{"floor":9,"key":"Sundial"},{"floor":14,"key":"Orichalcum"},{"floor":24,"key":"Kunai"},{"floor":26,"key":"PreservedInsect"},{"floor":27,"key":"Potion Belt"},{"floor":29,"key":"Bronze Scales"}],"event_choices":[{"damage_healed":0,"gold_gain":0,"player_choice":"Box","damage_taken":0,"relics_obtained":["Peace Pipe"],"max_hp_gain":0,"max_hp_loss":0,"event_name":"Big Fish","floor":2,"gold_loss":0,"cards_obtained":["Regret"]},{"damage_healed":0,"gold_gain":75,"player_choice":"Gather Gold","damage_taken":11,"max_hp_gain":0,"max_hp_loss":0,"event_name":"World of Goop","floor":3,"gold_loss":0},{"damage_healed":0,"gold_gain":0,"player_choice":"Bought 1 Potion","damage_taken":0,"max_hp_gain":0,"max_hp_loss":0,"event_name":"The Woman in Blue","floor":12,"gold_loss":0}],"is_beta":false,"boss_relics":[{"not_picked":["Snecko Eye","FrozenCore"],"picked":"Busted Crown"}],"items_purged_floors":[22],"is_endless":false,"potions_floor_spawned":[4,6,11,16,24,27,28],"killed_by":"Snake Plant","ascension_level":4}