{"gold_per_floor":[364,378,284,296,2,37,49,49,75,88,101,132,132,158,158,258,258,271,287,44,54,54,82,82,82,82,82,94,94,94,194,194,289,289,309,35,135,135,47,79,79,108,159,179,190,210,210,225,225,225,225,225,20,54,54],"floor_reached":55,"playtime":7206,"items_purged":["Strike_G","Strike_G"],"score":1288,"play_id":"ebb8af89-2291-486c-bc76-e2fdfde8018c","local_time":"20190222162157","is_ascension_mode":true,"campfire_choices":[{"data":"Apotheosis","floor":8.0,"key":"SMITH"},{"floor":13.0,"key":"RECALL"},{"data":"Footwork","floor":15.0,"key":"SMITH"},{"data":"Strike_G","floor":24.0,"key":"PURGE"},{"data":"Strike_G","floor":27.0,"key":"PURGE"},{"floor":32.0,"key":"REST"},{"data":"Normality","floor":41.0,"key":"PURGE"},{"floor":47.0,"key":"REST"},{"data":"Strike_G","floor":49.0,"key":"PURGE"},{"data":"Defend_G","floor":52.0,"key":"PURGE"}],"neow_cost":"TEN_PERCENT_HP_LOSS","seed_source_timestamp":601531475628627,"circlet_count":0,"master_deck":["AscendersBane","Defend_G","Defend_G","Defend_G","Defend_G","Survivor","Neutralize","Footwork+1","Poisoned Stab","Deadly Poison","Apotheosis+1","Dodge and Roll","Blur","Backstab","Slice+1","Dash+1","Adrenaline","Slice+1","Deflect","Poisoned Stab+1","Blade Dance","Poisoned Stab+1","Corpse Explosion","Backflip","Bane+1","Dramatic Entrance+1","Cloak And Dagger+1","Deflect+1","Cloak And Dagger+1","Backflip+1","Dagger Throw+1","Deadly Poison+1","Sucker Punch+1","Backflip"],"special_seed":0,"relics":["Ring of the Snake","Oddly Smooth Stone","Omamori","Molten Egg 2","Happy Flower","WristBlade","Bag of Marbles","Peace Pipe","Boot","PreservedInsect","Tough Bandages","Matryoshka","Calling Bell","Pen Nib","Ice Cream","Question Card","Bottled Tornado","The Specimen","Art of War","Thread and Needle","Dream Catcher","Snake Skull","Bag of Preparation","Pantograph"],"potions_floor_usage":[55,55],"damage_taken":[{"damage":0.0,"enemies":"Cultist","floor":1.0,"turns":4.0},{"damage":7.0,"enemies":"2 Louse","floor":2.0,"turns":4.0},{"damage":1.0,"enemies":"Jaw Worm","floor":4.0,"turns":6.0},{"damage":5.0,"enemies":"3 Sentries","floor":6.0,"turns":11.0},{"damage":0.0,"enemies":"2 Fungi Beasts","floor":7.0,"turns":5.0},{"damage":0.0,"enemies":"Looter","floor":10.0,"turns":4.0},{"damage":0.0,"enemies":"Gremlin Gang","floor":11.0,"turns":5.0},{"damage":0.0,"enemies":"Lagavulin","floor":12.0,"turns":5.0},{"damage":1.0,"enemies":"3 Sentries","floor":14.0,"turns":13.0},{"damage":0.0,"enemies":"The Guardian","floor":16.0,"turns":11.0},{"damage":0.0,"enemies":"Shell Parasite","floor":18.0,"turns":6.0},{"damage":5.0,"enemies":"3 Byrds","floor":19.0,"turns":8.0},{"damage":0.0,"enemies":"Snake Plant","floor":21.0,"turns":4.0},{"damage":33.0,"enemies":"Gremlin Leader","floor":23.0,"turns":10.0},{"damage":0.0,"enemies":"3 Cultists","floor":28.0,"turns":6.0},{"damage":4.0,"enemies":"Colosseum Slavers","floor":31.0,"turns":3.0},{"damage":0.0,"enemies":"Colosseum Nobs","floor":31.0,"turns":4.0},{"damage":7.0,"enemies":"Collector","floor":33.0,"turns":13.0},{"damage":24.0,"enemies":"Orb Walker","floor":35.0,"turns":4.0},{"damage":0.0,"enemies":"Mind Bloom Boss Battle","floor":37.0,"turns":8.0},{"damage":4.0,"enemies":"Giant Head","floor":40.0,"turns":7.0},{"damage":0.0,"enemies":"Reptomancer","floor":42.0,"turns":2.0},{"damage":0.0,"enemies":"3 Shapes","floor":44.0,"turns":3.0},{"damage":0.0,"enemies":"Writhing Mass","floor":45.0,"turns":4.0},{"damage":0.0,"enemies":"Transient","floor":46.0,"turns":5.0},{"damage":1.0,"enemies":"Maw","floor":48.0,"turns":7.0},{"damage":30.0,"enemies":"Awakened One","floor":50.0,"turns":13.0},{"damage":35.0,"enemies":"Shield and Spear","floor":54.0,"turns":7.0},{"damage":42,"enemies":"The Heart","floor":55,"turns":5}],"seed_played":"-2054817800466308160","potions_obtained":[{"floor":2.0,"key":"EntropicBrew"},{"floor":7.0,"key":"Explosive Potion"},{"floor":11.0,"key":"SkillPotion"},{"floor":12.0,"key":"Dexterity Potion"},{"floor":16.0,"key":"FairyPotion"},{"floor":19.0,"key":"Energy Potion"},{"floor":23.0,"key":"EssenceOfSteel"},{"floor":35.0,"key":"PowerPotion"},{"floor":38.0,"key":"GhostInAJar"},{"floor":38.0,"key":"EntropicBrew"},{"floor":46.0,"key":"Strength Potion"},{"floor":54.0,"key":"GhostInAJar"}],"is_trial":false,"path_per_floor":["M","M","?","M","$","E","M","R","T","M","M","E","R","E","R","B",null,"M","M","$","M","?","E","R","?","T","R","M","?","$","?","R","B",null,"M","$","?","?","$","E","R","E","T","M","M","M","R","M","R","B",null,"R","$","E","B"],"character_chosen":"THE_SILENT","items_purchased":["Apotheosis","Dodge and Roll","Bag of Marbles","Bottled Tornado","Bane+1","Dramatic Entrance+1","Sucker Punch+1","Bag of Preparation"],"campfire_rested":2,"item_purchase_floors":[5,5,20,36,36,39,53,53],"current_hp_per_floor":[63,56,56,55,55,50,50,50,50,50,50,50,50,49,49,49,60,60,55,55,55,55,22,22,22,22,22,22,22,22,18,36,29,55,31,31,31,31,31,27,27,27,27,27,27,27,45,44,44,14,51,51,51,16,0],"gold":54,"neow_bonus":"TWO_FIFTY_GOLD","is_prod":false,"is_daily":false,"chose_seed":false,"campfire_upgraded":2,"win_rate":0,"timestamp":1550881317,"path_taken":["M","?","?","M","$","E","M","R","T","M","M","E","R","E","R","BOSS","M","M","$","M","?","E","R","?","T","R","M","?","$","?","R","BOSS","M","$","?","?","$","E","R","E","T","M","M","M","R","M","R","BOSS","R","$","E","BOSS"],"build_version":"2019-01-23","purchased_purges":2,"victory":false,"max_hp_per_floor":[63,63,63,63,63,63,63,63,63,63,63,63,63,63,63,63,63,63,63,63,63,63,63,63,63,63,63,63,63,63,63,63,63,63,63,63,63,63,63,63,63,63,63,63,63,63,63,63,63,63,63,63,63,63,63],"card_choices":[{"not_picked":["Cloak And Dagger","Deadly Poison"],"picked":"Footwork","floor":1.0},{"not_picked":["Tactician","Backflip"],"picked":"Poisoned Stab","floor":2.0},{"not_picked":["Predator","Flying Knee"],"picked":"Deadly Poison","floor":4.0},{"not_picked":["Finisher","Crippling Poison","Expertise"],"picked":"SKIP","floor":6.0},{"not_picked":["Finisher","Crippling Poison","Expertise"],"picked":"SKIP","floor":6.0},{"not_picked":["Accuracy","Outmaneuver","Envenom"],"picked":"SKIP","floor":7.0},{"not_picked":["Sucker Punch","Acrobatics"],"picked":"Blur","floor":10.0},{"not_picked":["Underhanded Strike","Tactician"],"picked":"Backstab","floor":11.0},{"not_picked":["Infinite Blades","Prepared"],"picked":"Slice","floor":12.0},{"not_picked":["Flying Knee+1","Bouncing Flask"],"picked":"Dash+1","floor":14.0},{"not_picked":["A Thousand Cuts","Tools of the Trade"],"picked":"Adrenaline","floor":16.0},{"not_picked":["Quick Slash+1","Deadly Poison+1"],"picked":"Slice+1","floor":18.0},{"not_picked":["Acrobatics+1","PiercingWail"],"picked":"Deflect","floor":19.0},{"not_picked":["Deadly Poison","Dagger Throw+1"],"picked":"Poisoned Stab+1","floor":21.0},{"not_picked":["Prepared","After Image","Dagger Spray+1"],"picked":"SKIP","floor":23.0},{"not_picked":["Dagger Spray+1","Skewer+1"],"picked":"Blade Dance","floor":28.0},{"not_picked":["Predator+1","Tactician"],"picked":"Poisoned Stab+1","floor":31.0},{"not_picked":["Burst","Storm of Steel"],"picked":"Corpse Explosion","floor":33.0},{"not_picked":["Concentrate+1","Acrobatics","Finisher+1"],"picked":"Backflip","floor":35.0},{"not_picked":["Finisher+1","Bane+1","Poisoned Stab+1","Prepared"],"picked":"SKIP","floor":40.0},{"not_picked":["Skewer+1","Crippling Poison+1","Predator+1"],"picked":"Cloak And Dagger+1","floor":42.0},{"not_picked":["Calculated Gamble+1","Flying Knee+1","Bane+1"],"picked":"Deflect+1","floor":44.0},{"not_picked":["Slice+1","Dagger Spray+1","Blade Dance"],"picked":"Cloak And Dagger+1","floor":45.0},{"not_picked":["Leg Sweep","Sucker Punch+1","Deadly Poison"],"picked":"Backflip+1","floor":46.0},{"not_picked":["Quick Slash+1","Burst","Dagger Spray+1"],"picked":"Dagger Throw+1","floor":47.0},{"not_picked":["Underhanded Strike+1","Escape Plan+1","Prepared+1"],"picked":"Deadly Poison+1","floor":48.0},{"not_picked":["Backstab+1","Prepared","Dagger Throw+1"],"picked":"Backflip","floor":54.0}],"player_experience":618893,"relics_obtained":[{"floor":6.0,"key":"Omamori"},{"floor":12.0,"key":"Molten Egg 2"},{"floor":14.0,"key":"Happy Flower"},{"floor":23.0,"key":"Peace Pipe"},{"floor":26.0,"key":"PreservedInsect"},{"floor":31.0,"key":"Tough Bandages"},{"floor":31.0,"key":"Matryoshka"},{"floor":34.0,"key":"Pen Nib"},{"floor":34.0,"key":"Ice Cream"},{"floor":34.0,"key":"Question Card"},{"floor":37.0,"key":"The Specimen"},{"floor":40.0,"key":"Art of War"},{"floor":42.0,"key":"Thread and Needle"},{"floor":43.0,"key":"Dream Catcher"},{"floor":43.0,"key":"Snake Skull"},{"floor":54.0,"key":"Pantograph"}],"event_choices":[{"damage_healed":0.0,"max_hp_gain":0.0,"max_hp_loss":0.0,"gold_gain":0.0,"event_name":"WeMeetAgain","player_choice":"Paid Gold","floor":3.0,"gold_loss":94.0,"damage_taken":0.0,"relics_obtained":["Oddly Smooth Stone"]},{"damage_healed":0.0,"max_hp_gain":0.0,"max_hp_loss":0.0,"gold_gain":0.0,"event_name":"Vampires","player_choice":"Ignored","floor":22.0,"gold_loss":0.0,"damage_taken":0.0},{"damage_healed":0.0,"max_hp_gain":0.0,"max_hp_loss":0.0,"gold_gain":0.0,"event_name":"The Mausoleum","player_choice":"Opened","floor":25.0,"gold_loss":0.0,"damage_taken":0.0,"relics_obtained":["Boot"]},{"damage_healed":0.0,"max_hp_gain":0.0,"max_hp_loss":0.0,"gold_gain":0.0,"event_name":"Cursed Tome","player_choice":"Ignored","floor":29.0,"gold_loss":0.0,"damage_taken":0.0},{"damage_healed":0.0,"max_hp_gain":0.0,"max_hp_loss":0.0,"gold_gain":0.0,"event_name":"Colosseum","player_choice":"Fight","floor":31.0,"gold_loss":0.0,"damage_taken":0.0},{"damage_healed":0.0,"max_hp_gain":0.0,"max_hp_loss":0.0,"gold_gain":0.0,"event_name":"Colosseum","player_choice":"Fought Nobs","floor":31.0,"gold_loss":0.0,"damage_taken":0.0},{"damage_healed":0.0,"max_hp_gain":0.0,"max_hp_loss":0.0,"gold_gain":0.0,"event_name":"MindBloom","player_choice":"Fight","floor":37.0,"gold_loss":0.0,"damage_taken":0.0},{"damage_healed":0.0,"max_hp_gain":0.0,"max_hp_loss":0.0,"gold_gain":0.0,"event_name":"Lab","player_choice":"Got Potions","floor":38.0,"gold_loss":0.0,"damage_taken":0.0}],"is_beta":false,"boss_relics":[{"not_picked":["Coffee Dripper","Runic Dome"],"picked":"WristBlade"},{"not_picked":["Astrolabe","Sozu"],"picked":"Calling Bell"}],"items_purged_floors":[5,20],"is_endless":false,"potions_floor_spawned":[2,7,11,12,16,19,23,31,35,40,46,54],"killed_by":"The Heart","ascension_level":11}