{"gold_per_floor":[114,14,14,14,14,14,54,69,121,121,121,134,159,80,80,210,210,235,258,7,23,44,44,60,60,60,60,10,10,49,49,49,173,173,187,65,88,144,167,167,167,167,167,167,188,188],"floor_reached":46,"playtime":2772,"items_purged":["Strike_G","Regret","Strike_G","Strike_G"],"score":436,"play_id":"0d7b27e0-60d7-400e-a3e6-0239d1ba8415","local_time":"20180727003147","is_ascension_mode":false,"campfire_choices":[{"data":"Noxious Fumes","floor":6,"key":"SMITH"},{"data":"Burst","floor":11,"key":"SMITH"},{"floor":15,"key":"REST"},{"floor":23,"key":"REST"},{"floor":25,"key":"REST"},{"floor":29,"key":"REST"},{"data":"Noxious Fumes","floor":32,"key":"SMITH"},{"floor":40,"key":"REST"},{"floor":44,"key":"REST"}],"neow_cost":"NONE","seed_source_timestamp":80227887180398,"circlet_count":0,"master_deck":["Defend_G","Defend_G","Defend_G","Defend_G","Strike_G","Strike_G","Survivor","Neutralize","Burst+1","Noxious Fumes+1","Backflip","Footwork","Deadly Poison","Poisoned Stab","Noxious Fumes+1","A Thousand Cuts","Acrobatics+1","Backflip","Bouncing Flask","Leg Sweep","Terror","Distraction+1","Deadly Poison","Noxious Fumes","Poisoned Stab+1","Bane+1","Madness","Madness","Bane+1","Well Laid Plans"],"relics":["Ring of the Snake","Golden Idol","Lantern","Boot","Bronze Scales","Sozu","Smiling Mask","Prayer Wheel","Lizard Tail","Nunchaku","Matryoshka"],"potions_floor_usage":[7,13],"damage_taken":[{"damage":1,"enemies":"Jaw Worm","floor":1,"turns":5},{"damage":8,"enemies":"3 Sentries","floor":7,"turns":7},{"damage":0,"enemies":"2 Louse","floor":8,"turns":2},{"damage":0,"enemies":"Cultist","floor":12,"turns":4},{"damage":9,"enemies":"Large Slime","floor":13,"turns":5},{"damage":15,"enemies":"Hexaghost","floor":16,"turns":8},{"damage":20,"enemies":"Chosen","floor":18,"turns":5},{"damage":16,"enemies":"2 Thieves","floor":19,"turns":5},{"damage":22,"enemies":"Snake Plant","floor":21,"turns":4},{"damage":3,"enemies":"Centurion and Healer","floor":22,"turns":7},{"damage":9,"enemies":"Slaver and Parasite","floor":24,"turns":5},{"damage":14,"enemies":"Slavers","floor":30,"turns":5},{"damage":20,"enemies":"Automaton","floor":33,"turns":9},{"damage":8,"enemies":"3 Darklings","floor":35,"turns":5},{"damage":9,"enemies":"Flame Bruiser 1 Orb","floor":37,"turns":5},{"damage":44,"floor":38,"turns":6},{"damage":25,"enemies":"3 Darklings","floor":39,"turns":5},{"damage":42,"enemies":"Flame Bruiser 2 Orb","floor":45,"turns":7},{"damage":24,"enemies":"2 Orb Walkers","floor":46,"turns":2}],"seed_played":"-217223163811477017","potions_obtained":[{"floor":1,"key":"Block Potion"},{"floor":7,"key":"SkillPotion"}],"is_trial":false,"path_per_floor":["M","$","?","?","?","R","E","M","T","?","R","M","M","$","R","B",null,"M","M","$","M","M","R","M","R","T","?","$","R","E","?","R","B",null,"M","$","M","?","M","R","?","?","T","R","M"],"character_chosen":"THE_SILENT","items_purchased":["Backflip","Noxious Fumes","Bouncing Flask","Leg Sweep","Noxious Fumes"],"campfire_rested":6,"item_purchase_floors":[2,14,20,20,36],"current_hp_per_floor":[69,69,52,52,52,52,44,44,44,44,44,44,35,35,56,41,70,50,34,34,12,9,30,21,42,42,42,42,63,49,49,49,29,70,62,62,53,9,21,42,33,33,33,54,12,0],"gold":188,"neow_bonus":"ONE_RANDOM_RARE_CARD","is_prod":false,"is_daily":false,"chose_seed":false,"campfire_upgraded":3,"win_rate":0,"timestamp":1532665907,"path_taken":["M","$","?","?","?","R","E","M","T","?","R","M","M","$","R","BOSS","M","M","$","M","?","R","M","R","T","?","?","R","E","?","R","BOSS","M","$","M","?","M","R","?","?","T","R","M","E"],"build_version":"2018-07-26","purchased_purges":4,"victory":false,"max_hp_per_floor":[70,70,70,70,70,70,70,70,70,70,70,70,70,70,70,70,70,70,70,70,70,70,70,70,70,70,70,70,70,70,70,70,70,70,70,70,70,70,70,70,70,70,70,70,70,70],"card_choices":[{"not_picked":["Dagger Spray","Choke"],"picked":"Noxious Fumes","floor":1},{"not_picked":["Sucker Punch","Finisher","Riddle With Holes"],"picked":"SKIP","floor":7},{"not_picked":["Slice","All Out Attack"],"picked":"Footwork","floor":8},{"not_picked":["Eviscerate","Underhanded Strike"],"picked":"Deadly Poison","floor":12},{"not_picked":["Bane","Acrobatics"],"picked":"Poisoned Stab","floor":13},{"not_picked":["Bullet Time","Corpse Explosion"],"picked":"A Thousand Cuts","floor":16},{"not_picked":["Sucker Punch","Dagger Throw"],"picked":"Acrobatics+1","floor":18},{"not_picked":["Cloak And Dagger","Quick Slash"],"picked":"Backflip","floor":19},{"not_picked":["Well Laid Plans","Dagger Spray+1","Distraction"],"picked":"SKIP","floor":21},{"not_picked":["Predator","Cloak And Dagger+1","Flechettes"],"picked":"SKIP","floor":22},{"not_picked":["Finisher","Dagger Spray","Flechettes"],"picked":"SKIP","floor":24},{"not_picked":["Leg Sweep","Night Terror","PiercingWail"],"picked":"SKIP","floor":30},{"not_picked":["Acrobatics+1","Quick Slash"],"picked":"Distraction+1","floor":35},{"not_picked":["Bane+1","Flying Knee"],"picked":"Deadly Poison","floor":35},{"not_picked":["Deadly Poison","Dagger Throw+1","Reflex+1"],"picked":"SKIP","floor":37},{"not_picked":["Calculated Gamble+1","Acrobatics+1","Flechettes"],"picked":"SKIP","floor":37},{"not_picked":["Expertise","Deadly Poison"],"picked":"Poisoned Stab+1","floor":38},{"not_picked":["Underhanded Strike+1","Bullet Time"],"picked":"Bane+1","floor":39},{"not_picked":["Cloak And Dagger+1","Prepared","Slice"],"picked":"SKIP","floor":39},{"not_picked":["Deflect+1","Slice+1"],"picked":"Bane+1","floor":45},{"not_picked":["Dagger Throw","Quick Slash+1"],"picked":"Well Laid Plans","floor":45}],"player_experience":516202,"relics_obtained":[{"floor":7,"key":"Lantern"},{"floor":9,"key":"Boot"},{"floor":26,"key":"Smiling Mask"},{"floor":30,"key":"Prayer Wheel"},{"floor":38,"key":"Nunchaku"},{"floor":43,"key":"Matryoshka"}],"event_choices":[{"event_name":"Golden Idol","player_choice":"Take Damage","floor":3,"damage_taken":0},{"event_name":"Purifier","player_choice":"One Purge","floor":4,"damage_taken":0},{"event_name":"The Cleric","player_choice":"Leave","floor":5,"damage_taken":0},{"event_name":"Big Fish","player_choice":"Box","floor":10,"damage_taken":0},{"event_name":"The Library","player_choice":"Read","floor":27,"damage_taken":0},{"event_name":"Ghosts","player_choice":"Ignored","floor":31,"damage_taken":0},{"event_name":"Mysterious Sphere","player_choice":"Fight","floor":38,"damage_taken":0},{"event_name":"Winding Halls","player_choice":"Embrace Madness","floor":41,"damage_taken":0},{"event_name":"Tomb of Lord Red Mask","player_choice":"Ignored","floor":42,"damage_taken":0}],"is_beta":false,"boss_relics":[{"not_picked":["Empty Cage","White Beast Statue"],"picked":"Sozu"},{"not_picked":["Coffee Dripper","Black Star"],"picked":"Lizard Tail"}],"items_purged_floors":[2,20,28,36],"is_endless":false,"potions_floor_spawned":[1,7,19,22,38,39],"killed_by":"2 Orb Walkers","ascension_level":0}