{"gold_per_floor":[113,133,6,6,6,6,50,50,50,116,116,139,109,123,123,253,253,226,253,269,283,296,339,339,383,408,422,422,460,484,500,500,500],"floor_reached":33,"playtime":4955,"items_purged":[],"score":491,"play_id":"9e51000b-9d04-4c64-8ac7-0023ba2f4191","local_time":"20190102210616","is_ascension_mode":true,"campfire_choices":[{"data":"Flame Barrier","floor":6.0,"key":"SMITH"},{"floor":8.0,"key":"REST"},{"data":"Body Slam","floor":15.0,"key":"SMITH"},{"floor":24.0,"key":"REST"},{"data":"Armaments","floor":28.0,"key":"SMITH"},{"floor":32,"key":"REST"}],"neow_cost":"PERCENT_DAMAGE","seed_source_timestamp":1923984590214920,"circlet_count":0,"master_deck":["AscendersBane","Strike_R","Strike_R","Strike_R","Strike_R","Strike_R","Defend_R","Defend_R","Defend_R","Defend_R","Bash","Evolve","Flame Barrier+1","Spot Weakness","Pommel Strike","Shrug It Off","Offering","Body Slam+1","Twin Strike","Double Tap","Sword Boomerang+1","Anger+1","Pommel Strike+1","Power Through","Thunderclap+1","Iron Wave","Cleave+1","Armaments+1","Iron Wave","True Grit","Headbutt"],"special_seed":0,"relics":["Burning Blood","Torii","Golden Idol","Question Card","Ornamental Fan","Tiny Chest","Eternal Feather","Anchor","Kunai","Prayer Wheel","Art of War","Omamori"],"potions_floor_usage":[29,29,30],"damage_taken":[{"damage":1.0,"enemies":"Small Slimes","floor":1.0,"turns":4.0},{"damage":7.0,"enemies":"Jaw Worm","floor":2.0,"turns":4.0},{"damage":23.0,"enemies":"Lagavulin","floor":7.0,"turns":9.0},{"damage":36.0,"enemies":"Gremlin Nob","floor":10.0,"turns":5.0},{"damage":2.0,"enemies":"2 Louse","floor":12.0,"turns":3.0},{"damage":2.0,"enemies":"Red Slaver","floor":14.0,"turns":6.0},{"damage":29.0,"enemies":"Slime Boss","floor":16.0,"turns":11.0},{"damage":31.0,"enemies":"2 Thieves","floor":18.0,"turns":5.0},{"damage":3.0,"enemies":"Shell Parasite","floor":20.0,"turns":5.0},{"damage":19.0,"enemies":"Snecko","floor":21.0,"turns":4.0},{"damage":24.0,"enemies":"Centurion and Healer","floor":22.0,"turns":10.0},{"damage":11.0,"enemies":"Book of Stabbing","floor":23.0,"turns":5.0},{"damage":35.0,"enemies":"Slavers","floor":25.0,"turns":6.0},{"damage":7.0,"enemies":"Chosen and Byrds","floor":27.0,"turns":5.0},{"damage":26,"enemies":"Gremlin Leader","floor":29,"turns":5},{"damage":3,"enemies":"Shelled Parasite and Fungi","floor":30,"turns":6},{"damage":11,"enemies":"Centurion and Healer","floor":31,"turns":6},{"damage":67,"enemies":"Collector","floor":33,"turns":6}],"seed_played":"-79585346081936948","potions_obtained":[{"floor":1.0,"key":"SkillPotion"},{"floor":13.0,"key":"Weak Potion"},{"floor":13.0,"key":"Weak Potion"},{"floor":14.0,"key":"SkillPotion"},{"floor":20.0,"key":"FearPotion"},{"floor":22.0,"key":"FearPotion"},{"floor":23.0,"key":"PowerPotion"},{"floor":25.0,"key":"Fire Potion"},{"floor":29,"key":"Fire Potion"}],"is_trial":false,"path_per_floor":["M","M","$","?","?","R","E","R","T","E","?","M","?","M","R","B",null,"M","T","M","M","M","E","R","E","T","M","R","E","M","M","R","B"],"character_chosen":"IRONCLAD","items_purchased":["Spot Weakness","Pommel Strike"],"campfire_rested":3,"item_purchase_floors":[3,3],"current_hp_per_floor":[56,55,55,55,35,35,18,42,42,12,38,42,42,46,46,23,66,41,41,44,31,13,8,47,18,18,17,32,12,15,10,52,0],"gold":500,"neow_bonus":"ONE_RARE_RELIC","is_prod":false,"is_daily":false,"chose_seed":false,"campfire_upgraded":3,"win_rate":0,"timestamp":1546491976,"path_taken":["M","M","$","?","?","R","E","R","T","E","?","M","?","M","R","BOSS","M","?","?","M","M","E","R","E","T","M","R","E","?","M","R","BOSS"],"build_version":"2018-12-20","purchased_purges":0,"victory":false,"max_hp_per_floor":[80,80,80,80,80,80,80,80,80,80,80,80,80,80,80,80,80,80,80,80,80,80,80,80,80,80,80,80,80,80,80,80,80],"card_choices":[{"not_picked":["Uppercut","Headbutt"],"picked":"Evolve","floor":1.0},{"not_picked":["Warcry","Clash"],"picked":"Flame Barrier","floor":2.0},{"not_picked":["Headbutt","Dual Wield"],"picked":"Shrug It Off","floor":7.0},{"not_picked":["Bloodletting","Evolve","Disarm"],"picked":"Offering","floor":10.0},{"not_picked":["Sword Boomerang","Pummel","Bloodletting"],"picked":"Body Slam","floor":12.0},{"not_picked":["Flex","Warcry","Sentinel"],"picked":"Twin Strike","floor":14.0},{"not_picked":["Dark Embrace","Berserk","Exhume"],"picked":"Double Tap","floor":16.0},{"not_picked":["Heavy Blade","Wild Strike","Perfected Strike"],"picked":"Sword Boomerang+1","floor":18.0},{"not_picked":["Feel No Pain+1","True Grit","Rage"],"picked":"Anger+1","floor":20.0},{"not_picked":["Cleave+1","Blood for Blood","Burning Pact"],"picked":"Pommel Strike+1","floor":21.0},{"not_picked":["Intimidate","Entrench","Fiend Fire"],"picked":"Power Through","floor":22.0},{"not_picked":["Fire Breathing","True Grit","Reckless Charge"],"picked":"Thunderclap+1","floor":23.0},{"not_picked":["Shrug It Off","Blood for Blood+1","Whirlwind"],"picked":"Iron Wave","floor":25.0},{"not_picked":["Carnage","Havoc","Clash+1"],"picked":"Cleave+1","floor":27.0},{"not_picked":["Searing Blow","Pommel Strike","Inflame"],"picked":"Armaments","floor":27.0},{"not_picked":["Cleave+1","Clash","Fire Breathing","Limit Break"],"picked":"SKIP","floor":29},{"not_picked":["Havoc","True Grit","Twin Strike+1"],"picked":"Iron Wave","floor":30},{"not_picked":["Second Wind","Wild Strike","Pommel Strike+1"],"picked":"True Grit","floor":30},{"not_picked":["Disarm","Reckless Charge","Barricade"],"picked":"Headbutt","floor":31},{"not_picked":["Entrench","Infernal Blade","Flame Barrier","Thunderclap"],"picked":"SKIP","floor":31}],"player_experience":598242,"relics_obtained":[{"floor":7.0,"key":"Question Card"},{"floor":9.0,"key":"Ornamental Fan"},{"floor":10.0,"key":"Tiny Chest"},{"floor":19.0,"key":"Anchor"},{"floor":23.0,"key":"Kunai"},{"floor":25.0,"key":"Prayer Wheel"},{"floor":26.0,"key":"Art of War"},{"floor":29,"key":"Omamori"}],"event_choices":[{"damage_healed":0.0,"max_hp_gain":0.0,"max_hp_loss":0.0,"gold_gain":0.0,"event_name":"Liars Game","player_choice":"Ignored","floor":4.0,"gold_loss":0.0,"damage_taken":0.0},{"damage_healed":0.0,"max_hp_gain":0.0,"max_hp_loss":0.0,"gold_gain":0.0,"event_name":"Golden Idol","player_choice":"Take Damage","floor":5.0,"gold_loss":0.0,"damage_taken":20.0,"relics_obtained":["Golden Idol"]},{"damage_healed":26.0,"max_hp_gain":0.0,"max_hp_loss":0.0,"gold_gain":0.0,"event_name":"Big Fish","player_choice":"Banana","floor":11.0,"gold_loss":0.0,"damage_taken":0.0},{"damage_healed":0.0,"max_hp_gain":0.0,"max_hp_loss":0.0,"gold_gain":0.0,"event_name":"The Woman in Blue","player_choice":"Bought 2 Potions","floor":13.0,"gold_loss":0.0,"damage_taken":0.0}],"is_beta":false,"boss_relics":[{"not_picked":["Fusion Hammer","Runic Pyramid"],"picked":"Eternal Feather"}],"items_purged_floors":[],"is_endless":false,"potions_floor_spawned":[1,14,20,22,23,25,29],"killed_by":"Collector","ascension_level":11}