{"gold_per_floor":[115,115,115,129,148,148,178,194,194,42,59,88,88,99,99,195,195,179,132,152,227,227,227,326,326,326,326,344,26,26,26,26,26],"floor_reached":33,"playtime":1545,"items_purged":["Strike_G","Shame"],"score":342,"play_id":"9c67551b-7e52-42b9-a720-f5a74598227a","local_time":"20190302225107","is_ascension_mode":true,"campfire_choices":[{"data":"Storm of Steel","floor":6,"key":"SMITH"},{"data":"Cloak And Dagger","floor":15,"key":"SMITH"},{"data":"Die Die Die","floor":23,"key":"SMITH"},{"data":"Cloak And Dagger","floor":25,"key":"SMITH"},{"data":"Envenom","floor":27,"key":"SMITH"},{"floor":32,"key":"REST"}],"neow_cost":"TEN_PERCENT_HP_LOSS","seed_source_timestamp":0,"circlet_count":0,"master_deck":["Defend_G","Defend_G","Defend_G","Strike_G","Strike_G","Survivor","Neutralize","Storm of Steel+1","Blade Dance","Choke","Quick Slash","Leg Sweep","Dagger Spray","After Image","Cloak And Dagger+1","Cloak And Dagger+1","Slice","Slice","Acrobatics","Catalyst","Envenom+1","Die Die Die+1","Terror+1","Blade Dance","Backstab","Decay","Dash","Infinite Blades"],"special_seed":0,"relics":["Ring of the Snake","Juzu Bracelet","Blood Vial","Matryoshka","Cursed Key","Anchor","Bottled Tornado","Membership Card"],"potions_floor_usage":[7,16,20,33,33,33],"damage_taken":[{"damage":8.0,"enemies":"2 Louse","floor":1.0,"turns":4.0},{"damage":1,"enemies":"Jaw Worm","floor":4,"turns":3},{"damage":0,"enemies":"Cultist","floor":5,"turns":3},{"damage":19,"enemies":"3 Sentries","floor":7,"turns":8},{"damage":2,"enemies":"Large Slime","floor":8,"turns":6},{"damage":0,"enemies":"Gremlin Gang","floor":11,"turns":5},{"damage":9,"enemies":"Gremlin Nob","floor":12,"turns":3},{"damage":0,"enemies":"Looter","floor":14,"turns":4},{"damage":17,"enemies":"Hexaghost","floor":16,"turns":12},{"damage":11,"enemies":"2 Thieves","floor":18,"turns":4},{"damage":0,"enemies":"3 Byrds","floor":20,"turns":3},{"damage":9,"enemies":"3 Cultists","floor":28,"turns":3},{"damage":68,"enemies":"Automaton","floor":33,"turns":6}],"seed_played":"-6615788978070339415","potions_obtained":[{"floor":4,"key":"PowerPotion"},{"floor":7,"key":"Explosive Potion"},{"floor":12,"key":"Ancient Potion"},{"floor":14,"key":"EssenceOfSteel"},{"floor":16,"key":"FearPotion"},{"floor":20,"key":"Energy Potion"},{"floor":28,"key":"Poison Potion"},{"floor":30,"key":"Fire Potion"},{"floor":30,"key":"AttackPotion"}],"is_trial":false,"path_per_floor":["M","?","?","M","M","R","E","M","T","$","M","E","?","M","R","B",null,"M","$","M","?","?","R","?","R","T","R","M","$","?","?","R","B"],"character_chosen":"THE_SILENT","items_purchased":["Cloak And Dagger","Slice","Blade Dance","Membership Card","Infinite Blades"],"campfire_rested":1,"item_purchase_floors":[10,10,19,29,29],"current_hp_per_floor":[55,55,55,54,54,54,35,33,33,33,35,28,28,30,30,15,51,42,42,44,38,38,38,38,38,38,38,31,31,31,31,49,0],"gold":26,"neow_bonus":"TRANSFORM_TWO_CARDS","is_prod":false,"is_daily":false,"chose_seed":false,"campfire_upgraded":5,"win_rate":0,"timestamp":1551585067,"path_taken":["M","?","?","M","?","R","E","M","T","$","M","E","?","M","R","BOSS","M","$","M","?","?","R","?","R","T","R","M","$","?","?","R","BOSS"],"build_version":"2019-01-23","purchased_purges":2,"victory":false,"max_hp_per_floor":[63,63,63,63,63,63,63,63,63,63,63,63,63,63,63,63,63,63,63,63,63,63,63,63,63,63,63,63,63,63,63,63,63],"card_choices":[{"not_picked":["Blade Dance","Deflect"],"picked":"Choke","floor":1},{"not_picked":["Poisoned Stab","Outmaneuver"],"picked":"Leg Sweep","floor":4},{"not_picked":["Dodge and Roll","Quick Slash"],"picked":"Dagger Spray","floor":5},{"not_picked":["Crippling Poison","Deadly Poison"],"picked":"After Image","floor":7},{"not_picked":["Underhanded Strike","Slice"],"picked":"Cloak And Dagger","floor":8},{"not_picked":["Deadly Poison","Flying Knee"],"picked":"Slice","floor":11},{"not_picked":["Poisoned Stab","Outmaneuver"],"picked":"Acrobatics","floor":12},{"not_picked":["Acrobatics","Poisoned Stab"],"picked":"Envenom","floor":14},{"not_picked":["Storm of Steel","Grand Finale"],"picked":"Die Die Die","floor":16},{"not_picked":["Bane","Flying Knee"],"picked":"Terror+1","floor":18},{"not_picked":["Dagger Spray","Skewer"],"picked":"Backstab","floor":20},{"not_picked":["Outmaneuver","Deadly Poison"],"picked":"Dash","floor":28}],"player_experience":2320547,"relics_obtained":[{"floor":7,"key":"Juzu Bracelet"},{"floor":9,"key":"Blood Vial"},{"floor":12,"key":"Matryoshka"},{"floor":26,"key":"Anchor"},{"floor":26,"key":"Bottled Tornado"}],"event_choices":[{"damage_healed":0,"gold_gain":0,"cards_transformed":["Strike_G"],"player_choice":"Change","damage_taken":0,"max_hp_gain":0,"max_hp_loss":0,"event_name":"Living Wall","floor":2,"gold_loss":0,"cards_obtained":["Quick Slash"]},{"damage_healed":0,"gold_gain":0,"player_choice":"Bought 0 Potions","damage_taken":0,"max_hp_gain":0,"max_hp_loss":0,"event_name":"The Woman in Blue","floor":3,"gold_loss":0},{"damage_healed":0,"gold_gain":0,"cards_transformed":["Defend_G"],"player_choice":"Transformed","damage_taken":0,"max_hp_gain":0,"max_hp_loss":0,"event_name":"Transmorgrifier","floor":13,"gold_loss":0,"cards_obtained":["Catalyst"]},{"damage_healed":0,"gold_gain":75,"player_choice":"Touch","damage_taken":6,"max_hp_gain":0,"max_hp_loss":0,"event_name":"FaceTrader","floor":21,"gold_loss":0},{"damage_healed":0,"gold_gain":0,"player_choice":"Smashed Altar","damage_taken":0,"max_hp_gain":0,"max_hp_loss":0,"event_name":"Forgotten Altar","floor":22,"gold_loss":0,"cards_obtained":["Decay"]},{"damage_healed":0,"gold_gain":99,"player_choice":"Stole From Cult","damage_taken":0,"max_hp_gain":0,"max_hp_loss":0,"event_name":"Nest","floor":24,"gold_loss":0},{"damage_healed":0,"gold_gain":0,"player_choice":"Got Potions","damage_taken":0,"max_hp_gain":0,"max_hp_loss":0,"event_name":"Lab","floor":30,"gold_loss":0},{"damage_healed":0,"gold_gain":0,"player_choice":"Ignored","damage_taken":0,"max_hp_gain":0,"max_hp_loss":0,"event_name":"N\u0027loth","floor":31,"gold_loss":0}],"is_beta":false,"boss_relics":[{"not_picked":["Velvet Choker","Calling Bell"],"picked":"Cursed Key"}],"items_purged_floors":[10,29],"is_endless":false,"potions_floor_spawned":[4,7,12,14,16,20,28],"killed_by":"Automaton","ascension_level":7}