{"gold_per_floor":[112,122,222,241,69,95,95,95,95,110,121,121,46,56,56,153,153,171,196,196,210,210],"floor_reached":22,"playtime":1721,"items_purged":["Strike_G"],"score":195,"play_id":"0d0c2676-f335-4b05-a72f-59af39158994","local_time":"20181208152620","is_ascension_mode":true,"campfire_choices":[{"floor":7,"key":"REST"},{"data":"Cloak And Dagger","floor":12,"key":"SMITH"},{"data":"Sucker Punch","floor":15,"key":"SMITH"}],"neow_cost":"NONE","seed_source_timestamp":164218206593592,"circlet_count":0,"master_deck":["Survivor","Neutralize+1","Sucker Punch+1","Deflect","Sucker Punch+1","Backstab","Cloak And Dagger+1","Well Laid Plans","Deflect","Burst","Underhanded Strike","Setup","Tactician","Backflip","Well Laid Plans","Endless Agony","Dodge and Roll","Blade Dance","Prepared","Backflip+1"],"relics":["Ring of the Snake","NeowsBlessing","Whetstone","Sundial","Boot","Pandora\u0027s Box","Red Mask"],"potions_floor_usage":[6,16,16,18,19],"damage_taken":[{"damage":0,"enemies":"Cultist","floor":1,"turns":1},{"damage":0,"enemies":"Small Slimes","floor":2,"turns":1},{"damage":0,"enemies":"2 Louse","floor":4,"turns":1},{"damage":21,"enemies":"Lagavulin","floor":6,"turns":7},{"damage":0,"enemies":"Red Slaver","floor":10,"turns":4},{"damage":2,"enemies":"Exordium Wildlife","floor":11,"turns":4},{"damage":0,"enemies":"Blue Slaver","floor":14,"turns":3},{"damage":62,"enemies":"The Guardian","floor":16,"turns":17},{"damage":23,"enemies":"2 Thieves","floor":18,"turns":3},{"damage":31,"enemies":"Masked Bandits","floor":19,"turns":6},{"damage":4,"enemies":"Chosen","floor":21,"turns":5},{"damage":16,"enemies":"3 Cultists","floor":22,"turns":4}],"seed_played":"-1159847118332318217","potions_obtained":[{"floor":2,"key":"LiquidBronze"},{"floor":6,"key":"SkillPotion"},{"floor":11,"key":"FearPotion"},{"floor":16,"key":"Fire Potion"},{"floor":18,"key":"AttackPotion"}],"is_trial":false,"path_per_floor":["M","M","?","M","$","E","R","?","T","M","M","R","$","M","R","B",null,"M","?","?","M","M"],"character_chosen":"THE_SILENT","items_purchased":["Sucker Punch","Whetstone"],"campfire_rested":1,"item_purchase_floors":[5,5],"current_hp_per_floor":[70,70,70,70,70,49,70,70,70,70,68,68,68,68,68,6,70,47,16,16,12,0],"gold":210,"neow_bonus":"THREE_ENEMY_KILL","is_prod":false,"is_daily":false,"chose_seed":false,"campfire_upgraded":2,"win_rate":0,"timestamp":1544304380,"path_taken":["M","?","?","M","?","E","R","?","T","M","M","R","$","?","R","BOSS","M","?","?","M","?"],"build_version":"2018-12-06","purchased_purges":1,"victory":false,"max_hp_per_floor":[70,70,70,70,70,70,70,70,70,70,70,70,70,70,70,70,70,70,70,70,70,70],"card_choices":[{"not_picked":["Dagger Throw","Bouncing Flask"],"picked":"Sucker Punch","floor":1},{"not_picked":["Blade Dance","Outmaneuver","Underhanded Strike"],"picked":"SKIP","floor":2},{"not_picked":["PiercingWail","Quick Slash"],"picked":"Deflect","floor":4},{"not_picked":["Noxious Fumes","Riddle With Holes"],"picked":"Backstab","floor":6},{"not_picked":["Blade Dance","Night Terror"],"picked":"Cloak And Dagger","floor":10},{"not_picked":["Heel Hook","Underhanded Strike"],"picked":"Well Laid Plans","floor":11},{"not_picked":["Bane","PiercingWail"],"picked":"Deflect","floor":14},{"not_picked":["Doppelganger","Tools of the Trade"],"picked":"Burst","floor":16},{"not_picked":["Bane+1","Riddle With Holes"],"picked":"Blade Dance","floor":18},{"not_picked":["Riddle With Holes","Underhanded Strike"],"picked":"Prepared","floor":19},{"not_picked":["Prepared","Quick Slash"],"picked":"Backflip+1","floor":21}],"player_experience":105812,"relics_obtained":[{"floor":6,"key":"Sundial"},{"floor":9,"key":"Boot"},{"floor":19,"key":"Red Mask"}],"event_choices":[{"damage_healed":0,"gold_gain":100,"player_choice":"Pray","damage_taken":0,"max_hp_gain":0,"max_hp_loss":0,"event_name":"Golden Shrine","floor":3,"gold_loss":0},{"cards_removed":["Strike_G"],"damage_healed":0,"gold_gain":0,"player_choice":"Purged","damage_taken":0,"max_hp_gain":0,"max_hp_loss":0,"event_name":"Purifier","floor":8,"gold_loss":0},{"damage_healed":0,"gold_gain":0,"player_choice":"Fought Bandits","damage_taken":0,"max_hp_gain":0,"max_hp_loss":0,"event_name":"Masked Bandits","floor":19,"gold_loss":0},{"cards_removed":["All Out Attack"],"damage_healed":0,"gold_gain":0,"player_choice":"Card Removal","damage_taken":0,"max_hp_gain":0,"max_hp_loss":0,"event_name":"Wheel of Change","floor":20,"gold_loss":0}],"is_beta":false,"boss_relics":[{"not_picked":["Runic Pyramid","Philosopher\u0027s Stone"],"picked":"Pandora\u0027s Box"}],"items_purged_floors":[13],"is_endless":false,"potions_floor_spawned":[2,6,11,16,18],"killed_by":"3 Cultists","ascension_level":1}