{"gold_per_floor":[113,113,113,36,36,36,52,52,52,52,82,95,123,142,142,215,215,232,232,213,138,138,138,173,73,98,98,113,123,123,143,143,221,221,241,241,191,207,157,157,172,186,211,211,89,89,116,132,132,132],"floor_reached":51,"playtime":2453,"items_purged":["Strike_B","Strike_B","Strike_B","Defend_B","Defend_B"],"score":1237,"play_id":"0732c650-656a-45bc-a6dc-e96b9473c313","local_time":"20190429180113","is_ascension_mode":true,"campfire_choices":[{"data":"Sunder","floor":6,"key":"SMITH"},{"data":"Streamline","floor":8,"key":"SMITH"},{"data":"Dualcast","floor":10,"key":"SMITH"},{"data":"Zap","floor":15,"key":"SMITH"},{"floor":23,"key":"REST"},{"data":"Gash","floor":27,"key":"SMITH"},{"floor":30,"key":"REST"},{"data":"Gash","floor":32,"key":"SMITH"},{"data":"Echo Form","floor":40,"key":"SMITH"},{"data":"Go for the Eyes","floor":44,"key":"SMITH"},{"data":"Hyperbeam","floor":46,"key":"SMITH"},{"data":"All For One","floor":49,"key":"SMITH"}],"neow_cost":"NONE","seed_source_timestamp":1108609189155299,"circlet_count":0,"master_deck":["AscendersBane","Defend_B","Defend_B","Zap+1","Dualcast+1","Self Repair","Sunder+1","Streamline+1","Auto Shields+1","Hologram+1","Go for the Eyes+1","All For One+1","Double Energy+1","RitualDagger","Leap+1","Necronomicurse","Gash+1","Gash+1","Hologram+1","Conserve Battery+1","Echo Form+1","Leap+1","Apotheosis+1","Secret Weapon+1","Beam Cell+1","Steam+1","Hyperbeam+1","Rebound","Conserve Battery+1"],"relics":["Cracked Core","Toxic Egg 2","PreservedInsect","Pen Nib","Eternal Feather","Necronomicon","FossilizedHelix","Smiling Mask","Nuclear Battery","Anchor","Frozen Egg 2"],"potions_floor_usage":[13,24,29,29,33,42,47],"damage_taken":[{"damage":8,"enemies":"2 Louse","floor":1,"turns":2},{"damage":4,"enemies":"Jaw Worm","floor":7,"turns":4},{"damage":15,"enemies":"3 Sentries","floor":11,"turns":6},{"damage":0,"enemies":"Small Slimes","floor":12,"turns":1},{"damage":18,"enemies":"Lagavulin","floor":13,"turns":5},{"damage":13,"enemies":"Exordium Wildlife","floor":14,"turns":6},{"damage":40,"enemies":"Hexaghost","floor":16,"turns":10},{"damage":6,"enemies":"Spheric Guardian","floor":18,"turns":3},{"damage":7,"enemies":"2 Thieves","floor":20,"turns":4},{"damage":45,"enemies":"Slavers","floor":24,"turns":8},{"damage":30,"enemies":"Snake Plant","floor":28,"turns":4},{"damage":0,"enemies":"Shelled Parasite and Fungi","floor":29,"turns":2},{"damage":0,"enemies":"Snecko","floor":31,"turns":2},{"damage":57,"enemies":"Collector","floor":33,"turns":9},{"damage":6,"enemies":"3 Darklings","floor":35,"turns":8},{"damage":0,"enemies":"Orb Walker","floor":38,"turns":2},{"damage":0,"enemies":"Spire Growth","floor":41,"turns":4},{"damage":13,"enemies":"4 Shapes","floor":42,"turns":4},{"damage":0,"enemies":"Nemesis","floor":47,"turns":3},{"damage":0,"enemies":"Maw","floor":48,"turns":4},{"damage":69,"enemies":"Time Eater","floor":50,"turns":7}],"seed_played":"4391126157683492569","potions_obtained":[{"floor":1,"key":"Dexterity Potion"},{"floor":7,"key":"SkillPotion"},{"floor":14,"key":"SteroidPotion"},{"floor":28,"key":"Fruit Juice"},{"floor":29,"key":"FocusPotion"},{"floor":33,"key":"Energy Potion"},{"floor":38,"key":"SteroidPotion"},{"floor":41,"key":"PowerPotion"}],"is_trial":false,"path_per_floor":["M","?","?","$","?","R","M","R","T","R","E","M","E","M","R","B",null,"M","?","M","$","?","R","E","$","T","R","M","M","R","M","R","B",null,"M","?","$","M","$","R","M","M","T","R","$","R","E","M","R","B",null],"character_chosen":"DEFECT","items_purchased":["Sunder","Hyperbeam"],"campfire_rested":2,"item_purchase_floors":[4,45],"current_hp_per_floor":[63,63,63,63,56,56,59,59,59,59,51,58,47,41,41,8,61,62,56,49,49,28,63,25,25,25,37,14,19,55,55,67,17,67,68,63,63,63,63,78,78,65,65,80,80,83,83,83,83,14],"gold":132,"neow_bonus":"TEN_PERCENT_HP_BONUS","is_prod":false,"is_daily":false,"chose_seed":false,"campfire_upgraded":10,"win_rate":0,"timestamp":1556575273,"path_taken":["M","?","?","?","?","R","M","R","T","R","E","M","E","M","R","BOSS","M","?","M","$","?","R","E","$","T","R","M","M","R","M","R","BOSS","M","?","$","M","$","R","M","M","T","R","$","R","E","M","R","BOSS"],"build_version":"2019-01-23","purchased_purges":5,"victory":true,"max_hp_per_floor":[78,78,78,78,78,78,78,78,78,78,78,78,78,78,78,78,78,78,78,78,78,78,78,78,78,78,78,78,83,83,83,83,83,83,83,83,83,83,83,83,83,83,83,83,83,83,83,83,83,83],"card_choices":[{"not_picked":["Beam Cell","Coolheaded"],"picked":"Self Repair","floor":1},{"not_picked":["Turbo","Hologram"],"picked":"Streamline","floor":7},{"not_picked":["Steam+1","Tempest+1"],"picked":"Auto Shields+1","floor":11},{"not_picked":["Consume+1","Doom and Gloom","Rebound"],"picked":"SKIP","floor":12},{"not_picked":["Rainbow+1","Ball Lightning"],"picked":"Hologram+1","floor":13},{"not_picked":["Defragment","Heatsinks"],"picked":"Go for the Eyes","floor":14},{"not_picked":["Thunder Strike","Multi-Cast+1"],"picked":"All For One","floor":16},{"not_picked":["Rebound","Coolheaded+1"],"picked":"Double Energy+1","floor":18},{"not_picked":["Steam Power+1","Consume+1"],"picked":"Leap+1","floor":20},{"not_picked":["Doom and Gloom","Leap+1"],"picked":"Gash","floor":24},{"not_picked":["BootSequence+1","Fission+1"],"picked":"Gash","floor":28},{"not_picked":["Steam+1","Leap+1"],"picked":"Hologram+1","floor":29},{"not_picked":["Streamline","Reprogram+1"],"picked":"Conserve Battery+1","floor":31},{"not_picked":["Multi-Cast+1","Biased Cognition"],"picked":"Echo Form","floor":33},{"not_picked":["Steam+1","Double Energy+1"],"picked":"Leap+1","floor":35},{"not_picked":["Chrysalis+1","PanicButton+1"],"picked":"Apotheosis+1","floor":36},{"not_picked":["Finesse+1","Flash of Steel"],"picked":"Secret Weapon+1","floor":36},{"not_picked":["Go for the Eyes+1","Leap+1"],"picked":"Beam Cell+1","floor":38},{"not_picked":["Double Energy+1","Glacier+1"],"picked":"Steam+1","floor":41},{"not_picked":["Storm","Aggregate+1","Cold Snap"],"picked":"SKIP","floor":42},{"not_picked":["Scrape","Chill+1"],"picked":"Rebound","floor":47},{"not_picked":["Auto Shields+1","Coolheaded+1"],"picked":"Conserve Battery+1","floor":48}],"player_experience":2856623,"relics_obtained":[{"floor":9,"key":"Toxic Egg 2"},{"floor":11,"key":"PreservedInsect"},{"floor":13,"key":"Pen Nib"},{"floor":22,"key":"Necronomicon"},{"floor":24,"key":"FossilizedHelix"},{"floor":26,"key":"Smiling Mask"},{"floor":43,"key":"Anchor"},{"floor":47,"key":"Frozen Egg 2"}],"event_choices":[{"damage_healed":0,"gold_gain":0,"player_choice":"Ignored","damage_taken":0,"max_hp_gain":0,"max_hp_loss":0,"event_name":"Shining Light","floor":2,"gold_loss":0},{"damage_healed":0,"gold_gain":0,"player_choice":"Ignored","damage_taken":0,"max_hp_gain":0,"max_hp_loss":0,"event_name":"Golden Idol","floor":3,"gold_loss":0},{"cards_removed":["Strike_B"],"damage_healed":0,"gold_gain":0,"player_choice":"Card Removal","damage_taken":7,"max_hp_gain":0,"max_hp_loss":0,"event_name":"Golden Wing","floor":5,"gold_loss":0},{"damage_healed":0,"gold_gain":0,"player_choice":"Joined the Cult","damage_taken":6,"max_hp_gain":0,"max_hp_loss":0,"event_name":"Nest","floor":19,"gold_loss":0,"cards_obtained":["RitualDagger"]},{"damage_healed":0,"gold_gain":0,"player_choice":"Obtained Book","damage_taken":21,"max_hp_gain":0,"max_hp_loss":0,"event_name":"Cursed Tome","floor":22,"gold_loss":0},{"damage_healed":0,"gold_gain":0,"player_choice":"Memory 2","damage_taken":5,"max_hp_gain":0,"max_hp_loss":0,"event_name":"SensoryStone","floor":36,"gold_loss":0}],"is_beta":false,"boss_relics":[{"not_picked":["Orrery","FrozenCore"],"picked":"Eternal Feather"},{"not_picked":["Cursed Key","Lizard Tail"],"picked":"Nuclear Battery"}],"items_purged_floors":[21,25,37,39,45],"is_endless":false,"potions_floor_spawned":[1,7,14,28,29,33,38,41],"ascension_level":15}