{"gold_per_floor":[117,130,130,130,94,94,125,125,194,226,526,536,548,578,578,680,680,698,709,172,222,237,237,266,266,349,377,395,395,425,442,442,541,541,558,568,588,607,622,622,649,649,649,682,592,12,27,27,27,27],"floor_reached":51,"playtime":3196,"items_purged":["Strike_B"],"score":1054,"play_id":"184368c2-77d6-4235-b161-6a565d67572f","local_time":"20190126203140","is_ascension_mode":true,"campfire_choices":[{"floor":6,"key":"REST"},{"data":"Creative AI","floor":8,"key":"SMITH"},{"data":"Zap","floor":15,"key":"SMITH"},{"data":"Coolheaded","floor":23,"key":"SMITH"},{"data":"Fusion","floor":25,"key":"SMITH"},{"data":"Seek","floor":29,"key":"SMITH"},{"data":"Barrage","floor":32,"key":"SMITH"},{"data":"Rainbow","floor":40,"key":"SMITH"},{"data":"Strike_B","floor":42,"key":"PURGE"},{"data":"Dualcast","floor":49,"key":"SMITH"}],"neow_cost":"PERCENT_DAMAGE","seed_source_timestamp":265098781240256,"circlet_count":0,"master_deck":["Strike_B+1","Defend_B","Defend_B","Defend_B","Defend_B","Zap+1","Dualcast+1","Creative AI+1","Leap","Glacier","Self Repair+1","Defragment+1","Defragment+1","Defragment+1","Ball Lightning","Seek+1","Cold Snap+1","Cold Snap","Coolheaded+1","Static Discharge+1","Fusion+1","Storm+1","Cold Snap+1","Barrage+1","Storm+1","Buffer+1","Melter","Self Repair+1","Compile Driver","Darkness+1","Rainbow+1","Hologram+1","Stack+1","Buffer+1","Magnetism+1","Barrage+1"],"relics":["Cracked Core","Frozen Egg 2","Peace Pipe","Art of War","Bottled Tornado","Anchor","Old Coin","Odd Mushroom","Eternal Feather","Runic Capacitor","Symbiotic Virus","Gambling Chip","Tiny Chest","Meat on the Bone","Prayer Wheel","Sozu","Oddly Smooth Stone","Blood Vial","Juzu Bracelet","Bottled Flame","Pen Nib"],"potions_floor_usage":[7,41,41],"damage_taken":[{"damage":6,"enemies":"Cultist","floor":1,"turns":3},{"damage":1,"enemies":"Small Slimes","floor":2,"turns":5},{"damage":8,"enemies":"3 Sentries","floor":7,"turns":12},{"damage":13,"enemies":"Gremlin Nob","floor":10,"turns":5},{"damage":0,"enemies":"Jaw Worm","floor":12,"turns":4},{"damage":7,"enemies":"Lots of Slimes","floor":13,"turns":5},{"damage":22,"enemies":"The Mushroom Lair","floor":14,"turns":5},{"damage":11,"enemies":"Hexaghost","floor":16,"turns":9},{"damage":2,"enemies":"Chosen","floor":18,"turns":6},{"damage":5,"enemies":"Spheric Guardian","floor":19,"turns":4},{"damage":20,"enemies":"Snecko","floor":22,"turns":5},{"damage":20,"enemies":"Book of Stabbing","floor":24,"turns":5},{"damage":36,"enemies":"Gremlin Leader","floor":27,"turns":8},{"damage":9,"enemies":"Centurion and Healer","floor":28,"turns":4},{"damage":19,"enemies":"Slavers","floor":30,"turns":6},{"damage":14,"enemies":"Snake Plant","floor":31,"turns":2},{"damage":6,"enemies":"Champ","floor":33,"turns":7},{"damage":0,"enemies":"Orb Walker","floor":35,"turns":3},{"damage":0,"enemies":"3 Shapes","floor":36,"turns":5},{"damage":13,"enemies":"Writhing Mass","floor":37,"turns":3},{"damage":6,"enemies":"Jaw Worm Horde","floor":38,"turns":3},{"damage":0,"enemies":"3 Darklings","floor":39,"turns":5},{"damage":19,"enemies":"Reptomancer","floor":41,"turns":4},{"damage":3,"enemies":"Giant Head","floor":44,"turns":6},{"damage":0,"enemies":"Transient","floor":47,"turns":5},{"damage":61,"enemies":"Awakened One","floor":50,"turns":8}],"seed_played":"-5032374898076525997","potions_obtained":[{"floor":2,"key":"Fire Potion"},{"floor":7,"key":"GamblersBrew"},{"floor":10,"key":"EssenceOfSteel"},{"floor":14,"key":"Explosive Potion"},{"floor":33,"key":"LiquidBronze"}],"is_trial":false,"path_per_floor":["M","M","T","?","$","R","E","R","T","E","T","M","M","?","R","B",null,"M","M","$","?","M","R","E","R","T","E","M","R","E","M","R","B",null,"M","M","M","M","M","R","E","R","T","E","?","$","M","$","R","B",null],"character_chosen":"DEFECT","items_purchased":["Self Repair+1","Runic Capacitor","Coolheaded","Symbiotic Virus","Bottled Flame","Magnetism+1","Pen Nib"],"campfire_rested":1,"item_purchase_floors":[5,20,20,20,46,46,46],"current_hp_per_floor":[44,43,43,36,36,58,60,60,60,57,57,67,70,58,58,57,71,75,75,75,75,65,75,65,75,75,49,50,62,53,49,64,68,73,73,75,62,75,75,75,66,75,75,75,75,75,75,75,75,36],"gold":27,"neow_bonus":"THREE_RARE_CARDS","is_prod":false,"is_daily":false,"chose_seed":false,"campfire_upgraded":8,"win_rate":0,"timestamp":1548552700,"path_taken":["M","M","?","?","$","R","E","R","T","E","?","?","M","?","R","BOSS","M","M","$","?","?","R","E","R","T","E","M","R","E","M","R","BOSS","M","M","M","M","M","R","E","R","T","E","?","$","M","?","R","BOSS"],"build_version":"2019-01-23","purchased_purges":1,"victory":true,"max_hp_per_floor":[75,75,75,75,75,75,75,75,75,75,75,75,75,75,75,75,75,75,75,75,75,75,75,75,75,75,75,75,75,75,75,75,75,75,75,75,75,75,75,75,75,75,75,75,75,75,75,75,75,75],"card_choices":[{"not_picked":["Meteor Strike","Buffer"],"picked":"Creative AI","floor":0},{"not_picked":["Barrage","Rebound"],"picked":"Leap","floor":1},{"not_picked":["Ball Lightning","Conserve Battery"],"picked":"Glacier","floor":2},{"not_picked":["Undo","Ball Lightning"],"picked":"Defragment+1","floor":7},{"not_picked":["FTL","Undo"],"picked":"Defragment+1","floor":10},{"not_picked":["Meteor Strike","Beam Cell","Barrage"],"picked":"SKIP","floor":12},{"not_picked":["Barrage","Conserve Battery"],"picked":"Defragment+1","floor":13},{"not_picked":["Compile Driver","Turbo"],"picked":"Ball Lightning","floor":14},{"not_picked":["Hyperbeam","Fission"],"picked":"Seek","floor":16},{"not_picked":["Skim","Conserve Battery"],"picked":"Cold Snap+1","floor":18},{"not_picked":["Hologram+1","Barrage"],"picked":"Cold Snap","floor":19},{"not_picked":["Blizzard","Reinforced Body"],"picked":"Static Discharge+1","floor":22},{"not_picked":["Steam Power+1","Ball Lightning"],"picked":"Fusion","floor":24},{"not_picked":["Barrage","Conserve Battery"],"picked":"Storm+1","floor":27},{"not_picked":["Turbo","Fusion","Double Energy"],"picked":"SKIP","floor":28},{"not_picked":["Reboot","Steam+1"],"picked":"Cold Snap+1","floor":30},{"not_picked":["Steam","Turbo"],"picked":"Barrage","floor":31},{"not_picked":["Go for the Eyes","Beam Cell+1"],"picked":"Storm+1","floor":31},{"not_picked":["Fission","Machine Learning+1"],"picked":"Buffer+1","floor":33},{"not_picked":["BootSequence","Rebound"],"picked":"Melter","floor":35},{"not_picked":["Rebound","Beam Cell"],"picked":"Self Repair+1","floor":35},{"not_picked":["Rebound+1","Gash"],"picked":"Compile Driver","floor":36},{"not_picked":["Turbo+1","Ball Lightning+1","Rip and Tear+1"],"picked":"SKIP","floor":36},{"not_picked":["Coolheaded","BootSequence+1"],"picked":"Darkness+1","floor":37},{"not_picked":["Static Discharge+1","Coolheaded+1"],"picked":"Rainbow","floor":37},{"not_picked":["Coolheaded","Hello World+1"],"picked":"Hologram+1","floor":38},{"not_picked":["Melter","Undo","White Noise"],"picked":"SKIP","floor":38},{"not_picked":["Beam Cell+1","Steam+1"],"picked":"Stack+1","floor":39},{"not_picked":["Auto Shields+1","Turbo+1","Gash"],"picked":"SKIP","floor":39},{"not_picked":["Go for the Eyes","Cold Snap+1"],"picked":"Buffer+1","floor":41},{"not_picked":["Reinforced Body","Leap","Hyperbeam"],"picked":"SKIP","floor":44},{"not_picked":["Genetic Algorithm+1","Consume+1"],"picked":"Barrage+1","floor":47},{"not_picked":["Melter","Steam Power","Ball Lightning+1"],"picked":"SKIP","floor":47}],"player_experience":2020583,"relics_obtained":[{"floor":3,"key":"Frozen Egg 2"},{"floor":7,"key":"Art of War"},{"floor":9,"key":"Bottled Tornado"},{"floor":10,"key":"Anchor"},{"floor":11,"key":"Old Coin"},{"floor":14,"key":"Odd Mushroom"},{"floor":24,"key":"Gambling Chip"},{"floor":26,"key":"Tiny Chest"},{"floor":27,"key":"Meat on the Bone"},{"floor":30,"key":"Prayer Wheel"},{"floor":41,"key":"Oddly Smooth Stone"},{"floor":43,"key":"Blood Vial"},{"floor":44,"key":"Juzu Bracelet"}],"event_choices":[{"damage_healed":0,"gold_gain":0,"player_choice":"Success","damage_taken":7,"relics_obtained":["Peace Pipe"],"max_hp_gain":0,"max_hp_loss":0,"event_name":"Scrap Ooze","floor":4,"gold_loss":0},{"damage_healed":0,"gold_gain":0,"player_choice":"Fought Mushrooms","damage_taken":0,"max_hp_gain":0,"max_hp_loss":0,"event_name":"Mushrooms","floor":14,"gold_loss":0},{"damage_healed":0,"gold_gain":100,"player_choice":"Bet on Murderer","damage_taken":0,"max_hp_gain":0,"max_hp_loss":0,"event_name":"The Joust","floor":21,"gold_loss":50},{"cards_removed":["Strike_B"],"damage_healed":0,"gold_gain":0,"player_choice":"Upgrade and Remove","damage_taken":0,"max_hp_gain":0,"max_hp_loss":0,"event_name":"Designer","floor":45,"gold_loss":90,"cards_upgraded":["Strike_B"]}],"is_beta":false,"boss_relics":[{"not_picked":["Philosopher\u0027s Stone","Ectoplasm"],"picked":"Eternal Feather"},{"not_picked":["White Beast Statue","Busted Crown"],"picked":"Sozu"}],"items_purged_floors":[20],"is_endless":false,"potions_floor_spawned":[2,7,10,14,18,19,28,33,37,39,41,47],"ascension_level":7}