{"gold_per_floor":[110,110,130,130,145,145,176,176,176,9,39,39,58,2,2,81,81,95,95,195,6,21,21,37,37,37,37,56,56,56,68,68,68],"floor_reached":33,"playtime":1713,"items_purged":["Strike_R","Bloodletting+1"],"score":468,"play_id":"201daa58-760d-43ed-be96-c7ba6628f330","local_time":"20190404172417","is_ascension_mode":true,"campfire_choices":[{"data":"Anger","floor":6.0,"key":"SMITH"},{"data":"Headbutt","floor":8.0,"key":"SMITH"},{"data":"Flash of Steel","floor":12.0,"key":"SMITH"},{"data":"Clash","floor":15.0,"key":"SMITH"},{"floor":23.0,"key":"REST"},{"floor":27.0,"key":"REST"},{"floor":30.0,"key":"REST"},{"floor":32.0,"key":"REST"}],"neow_cost":"NONE","seed_source_timestamp":0,"circlet_count":0,"master_deck":["AscendersBane","Defend_R","Defend_R","Defend_R","Defend_R","Bash","True Grit+1","Headbutt+1","Anger+1","Cleave","Flash of Steel+1","Headbutt","Warcry","Clash+1","Dark Embrace","Hemokinesis+1","Wild Strike+1","Reckless Charge","Feel No Pain+1","Sentinel+1","Iron Wave+1","Battle Trance+1"],"special_seed":0,"relics":["Burning Blood","Ornamental Fan","Paper Frog","Pear","Astrolabe","WingedGreaves","Bottled Flame","Molten Egg 2"],"potions_floor_usage":[33,33],"damage_taken":[{"damage":5.0,"enemies":"Small Slimes","floor":1.0,"turns":4.0},{"damage":5.0,"enemies":"2 Louse","floor":3.0,"turns":4.0},{"damage":0.0,"enemies":"Cultist","floor":5.0,"turns":3.0},{"damage":33.0,"enemies":"Lagavulin","floor":7.0,"turns":8.0},{"damage":11.0,"enemies":"3 Sentries","floor":11.0,"turns":8.0},{"damage":0.0,"enemies":"3 Louse","floor":13.0,"turns":3.0},{"damage":31.0,"enemies":"Hexaghost","floor":16.0,"turns":9.0},{"damage":28.0,"enemies":"3 Byrds","floor":18.0,"turns":4.0},{"damage":45.0,"enemies":"Colosseum Slavers","floor":20.0,"turns":5.0},{"damage":3.0,"enemies":"Colosseum Nobs","floor":20.0,"turns":3.0},{"damage":0.0,"enemies":"Chosen","floor":22.0,"turns":2.0},{"damage":53.0,"enemies":"3 Cultists","floor":24.0,"turns":6.0},{"damage":29.0,"enemies":"Snake Plant","floor":28.0,"turns":4.0},{"damage":6.0,"enemies":"Cultist and Chosen","floor":31.0,"turns":3.0},{"damage":95,"enemies":"Collector","floor":33,"turns":7}],"seed_played":"2563885131176355012","potions_obtained":[{"floor":1.0,"key":"GamblersBrew"},{"floor":11.0,"key":"LiquidBronze"},{"floor":18.0,"key":"Explosive Potion"},{"floor":24.0,"key":"Ancient Potion"},{"floor":28.0,"key":"Explosive Potion"}],"is_trial":false,"path_per_floor":["M","?","M","?","M","R","E","R","T","$","E","R","M","$","R","B",null,"M","?","?","$","M","R","M","$","T","R","M","?","R","M","R","B"],"character_chosen":"IRONCLAD","items_purchased":["Flash of Steel","Clash","Feel No Pain"],"campfire_rested":4,"item_purchase_floors":[10,14,21],"current_hp_per_floor":[69,69,70,70,75,75,48,48,48,48,53,53,59,59,59,34,72,50,67,31,31,37,62,15,15,15,40,17,17,42,42,67,0],"gold":68,"neow_bonus":"THREE_CARDS","is_prod":false,"is_daily":false,"chose_seed":false,"campfire_upgraded":4,"win_rate":0,"timestamp":1554407657,"path_taken":["M","?","M","?","M","R","E","R","T","$","E","R","M","$","R","BOSS","M","?","?","?","?","R","M","$","T","R","?","?","R","M","R","BOSS"],"build_version":"2019-01-23","purchased_purges":2,"victory":false,"max_hp_per_floor":[75,75,75,75,75,75,75,75,75,75,85,85,85,85,85,85,85,85,85,85,85,85,85,85,85,85,85,85,85,85,85,85,85],"card_choices":[{"not_picked":["Second Wind","Flex"],"picked":"True Grit","floor":0.0},{"not_picked":["Bloodletting","Disarm"],"picked":"Headbutt","floor":1.0},{"not_picked":["Rage","Thunderclap"],"picked":"Anger","floor":3.0},{"not_picked":["Feel No Pain","Searing Blow"],"picked":"Cleave","floor":5.0},{"not_picked":["Armaments","Bloodletting","Havoc"],"picked":"SKIP","floor":7.0},{"not_picked":["Whirlwind","Double Tap"],"picked":"Headbutt","floor":11.0},{"not_picked":["Clothesline","Sword Boomerang"],"picked":"Warcry","floor":13.0},{"not_picked":["Bludgeon","Reaper"],"picked":"Dark Embrace","floor":16.0},{"not_picked":["Armaments+1","Cleave","Iron Wave"],"picked":"SKIP","floor":18.0},{"not_picked":["Wild Strike","Infernal Blade"],"picked":"Reckless Charge","floor":20.0},{"not_picked":["Shrug It Off","Combust","Impervious"],"picked":"SKIP","floor":22.0},{"not_picked":["Body Slam","Shrug It Off"],"picked":"Sentinel+1","floor":24.0},{"not_picked":["Rage","Havoc"],"picked":"Iron Wave+1","floor":28.0},{"not_picked":["Carnage+1","Flame Barrier"],"picked":"Battle Trance+1","floor":31.0}],"player_experience":1134052,"relics_obtained":[{"floor":7.0,"key":"Ornamental Fan"},{"floor":9.0,"key":"Paper Frog"},{"floor":11.0,"key":"Pear"},{"floor":20.0,"key":"WingedGreaves"},{"floor":20.0,"key":"Bottled Flame"},{"floor":26.0,"key":"Molten Egg 2"}],"event_choices":[{"damage_healed":0.0,"max_hp_gain":0.0,"max_hp_loss":0.0,"gold_gain":0.0,"event_name":"Living Wall","player_choice":"Grow","floor":2.0,"gold_loss":0.0,"damage_taken":0.0,"cards_upgraded":["True Grit"]},{"cards_removed":["Strike_R"],"damage_healed":0.0,"max_hp_gain":0.0,"max_hp_loss":0.0,"gold_gain":0.0,"event_name":"Bonfire Elementals","player_choice":"Offered Basic","floor":4.0,"gold_loss":0.0,"damage_taken":0.0},{"damage_healed":17.0,"max_hp_gain":0.0,"max_hp_loss":0.0,"gold_gain":0.0,"event_name":"The Library","player_choice":"Heal","floor":19.0,"gold_loss":0.0,"damage_taken":0.0},{"damage_healed":0.0,"max_hp_gain":0.0,"max_hp_loss":0.0,"gold_gain":0.0,"event_name":"Colosseum","player_choice":"Fight","floor":20.0,"gold_loss":0.0,"damage_taken":0.0},{"damage_healed":0.0,"max_hp_gain":0.0,"max_hp_loss":0.0,"gold_gain":0.0,"event_name":"Colosseum","player_choice":"Fought Nobs","floor":20.0,"gold_loss":0.0,"damage_taken":0.0},{"damage_healed":0.0,"max_hp_gain":0.0,"max_hp_loss":0.0,"gold_gain":0.0,"event_name":"Accursed Blacksmith","player_choice":"Forge","floor":29.0,"gold_loss":0.0,"damage_taken":0.0,"cards_upgraded":["Feel No Pain"]}],"is_beta":false,"boss_relics":[{"not_picked":["Tiny House","Calling Bell"],"picked":"Astrolabe"}],"items_purged_floors":[10,21],"is_endless":false,"potions_floor_spawned":[1,11,18,24,28],"killed_by":"Collector","ascension_level":17}