{"gold_per_floor":[112,131,131,3,22,22,22,55,55,55,68,68,68,97,97,194,194,205,217,230,230,230,257,275,13,13,13,13,44,44,58,58,58],"floor_reached":33,"playtime":1569,"items_purged":["Defend_B","Strike_B"],"score":410,"play_id":"616d7525-1e2c-4f8f-99c6-c17b111b4f35","local_time":"20190208232419","is_ascension_mode":true,"campfire_choices":[{"data":"Zap","floor":6,"key":"SMITH"},{"floor":10,"key":"REST"},{"data":"Dualcast","floor":13,"key":"SMITH"},{"floor":15,"key":"REST"},{"floor":28,"key":"REST"},{"floor":30,"key":"REST"},{"floor":32,"key":"REST"}],"neow_cost":"NONE","seed_source_timestamp":286040596942281,"circlet_count":0,"master_deck":["Strike_B","Defend_B","Defend_B+1","Defend_B+1","Zap+1","Dualcast+1","Cold Snap+1","Double Energy+1","Streamline","Static Discharge","Compile Driver","Tempest","Defragment","Chaos+1","Echo Form","Self Repair","Undo","Conserve Battery+1","Defragment+1","Beam Cell+1","Electrodynamics","Rainbow","Ball Lightning+1"],"relics":["Cracked Core","Torii","StoneCalendar","War Paint","Unceasing Top","Nuclear Battery","Molten Egg 2","Nunchaku"],"potions_floor_usage":[16,20,23,31],"damage_taken":[{"damage":2,"enemies":"Jaw Worm","floor":1,"turns":3},{"damage":5,"enemies":"Small Slimes","floor":2,"turns":4},{"damage":0,"enemies":"2 Louse","floor":5,"turns":2},{"damage":20,"enemies":"Lagavulin","floor":8,"turns":5},{"damage":0,"enemies":"Large Slime","floor":11,"turns":3},{"damage":28,"enemies":"3 Sentries","floor":14,"turns":5},{"damage":19,"enemies":"Slime Boss","floor":16,"turns":7},{"damage":27,"enemies":"Shell Parasite","floor":18,"turns":4},{"damage":1,"enemies":"3 Byrds","floor":19,"turns":3},{"damage":24,"enemies":"Snake Plant","floor":20,"turns":3},{"damage":28,"enemies":"Book of Stabbing","floor":23,"turns":4},{"damage":7,"enemies":"Sentry and Sphere","floor":24,"turns":4},{"damage":37,"enemies":"Slavers","floor":29,"turns":3},{"damage":6,"enemies":"Cultist and Chosen","floor":31,"turns":4},{"damage":43,"enemies":"Automaton","floor":33,"turns":6}],"seed_played":"7075959558480941865","potions_obtained":[{"floor":8,"key":"SteroidPotion"},{"floor":14,"key":"EssenceOfSteel"},{"floor":18,"key":"PowerPotion"},{"floor":19,"key":"PowerPotion"},{"floor":29,"key":"Swift Potion"}],"is_trial":false,"path_per_floor":["M","M","?","$","M","R","?","E","T","R","M","?","R","E","R","B",null,"M","M","M","?","?","E","M","$","T","?","R","E","R","M","R","B"],"character_chosen":"DEFECT","items_purchased":["Streamline","Electrodynamics"],"campfire_rested":5,"item_purchase_floors":[4,25],"current_hp_per_floor":[66,61,46,46,46,46,46,26,26,48,48,48,48,20,42,23,62,35,41,24,49,49,28,28,28,28,14,38,1,25,19,43,0],"gold":58,"neow_bonus":"REMOVE_CARD","is_prod":false,"is_daily":false,"chose_seed":false,"campfire_upgraded":2,"win_rate":0,"timestamp":1549686259,"path_taken":["M","M","?","$","M","R","?","E","T","R","M","?","R","E","R","BOSS","M","M","M","?","?","E","?","?","T","?","R","E","R","M","R","BOSS"],"build_version":"2019-01-23","purchased_purges":2,"victory":false,"max_hp_per_floor":[75,75,75,75,75,75,75,75,75,75,75,75,75,75,75,75,75,75,75,75,75,75,75,75,75,75,80,80,80,80,80,80,80],"card_choices":[{"not_picked":["Streamline","Barrage"],"picked":"Cold Snap","floor":1},{"not_picked":["Barrage","Amplify"],"picked":"Double Energy","floor":2},{"not_picked":["Turbo","Steam"],"picked":"Static Discharge","floor":5},{"not_picked":["Leap","Turbo"],"picked":"Tempest","floor":8},{"not_picked":["Go for the Eyes","Rebound"],"picked":"Defragment","floor":11},{"not_picked":["Stack","Loop"],"picked":"Chaos","floor":14},{"not_picked":["All For One","Rainbow"],"picked":"Echo Form","floor":16},{"not_picked":["Streamline","Rebound"],"picked":"Self Repair","floor":18},{"not_picked":["Barrage","Steam"],"picked":"Undo","floor":19},{"not_picked":["Beam Cell","Ball Lightning"],"picked":"Conserve Battery+1","floor":20},{"not_picked":["Auto Shields","Barrage+1"],"picked":"Defragment+1","floor":23},{"not_picked":["Cold Snap+1","Rebound+1"],"picked":"Beam Cell+1","floor":24},{"not_picked":["Coolheaded+1","Aggregate"],"picked":"Rainbow","floor":29},{"not_picked":["Redo","Reprogram"],"picked":"Ball Lightning+1","floor":31}],"player_experience":591443,"relics_obtained":[{"floor":8,"key":"Torii"},{"floor":9,"key":"StoneCalendar"},{"floor":14,"key":"Unceasing Top"},{"floor":23,"key":"Molten Egg 2"},{"floor":29,"key":"Nunchaku"}],"event_choices":[{"damage_healed":0,"gold_gain":0,"player_choice":"Entered Light","damage_taken":15,"max_hp_gain":0,"max_hp_loss":0,"event_name":"Shining Light","floor":3,"gold_loss":0,"cards_upgraded":["Cold Snap","Defend_B"]},{"damage_healed":0,"gold_gain":0,"cards_transformed":["Strike_B"],"player_choice":"Change","damage_taken":0,"max_hp_gain":0,"max_hp_loss":0,"event_name":"Living Wall","floor":7,"gold_loss":0,"cards_obtained":["Compile Driver"]},{"damage_healed":0,"gold_gain":0,"player_choice":"Searched \u00271\u0027 times","damage_taken":0,"relics_obtained":["War Paint"],"max_hp_gain":0,"max_hp_loss":0,"event_name":"Dead Adventurer","floor":12,"gold_loss":0},{"damage_healed":25,"gold_gain":0,"player_choice":"Heal","damage_taken":0,"max_hp_gain":0,"max_hp_loss":0,"event_name":"The Library","floor":21,"gold_loss":0},{"damage_healed":0,"gold_gain":0,"player_choice":"Upgraded","damage_taken":0,"max_hp_gain":0,"max_hp_loss":0,"event_name":"Upgrade Shrine","floor":22,"gold_loss":0,"cards_upgraded":["Chaos"]},{"damage_healed":0,"gold_gain":0,"player_choice":"Shed Blood","damage_taken":19,"max_hp_gain":5,"max_hp_loss":0,"event_name":"Forgotten Altar","floor":27,"gold_loss":0}],"is_beta":false,"boss_relics":[{"not_picked":["Pandora\u0027s Box","Black Star"],"picked":"Nuclear Battery"}],"items_purged_floors":[4,25],"is_endless":false,"potions_floor_spawned":[8,14,18,19,29],"killed_by":"Automaton","ascension_level":8}