{"gold_per_floor":[118,118,130,55,65,97,113,124,124,124,89,41,41,69,69,69],"floor_reached":16,"playtime":849,"items_purged":["Strike_R"],"score":129,"play_id":"73c1579c-5819-43e3-be27-02dff0b3aa3f","local_time":"20180908140145","is_ascension_mode":true,"campfire_choices":[{"data":"Barricade","floor":10,"key":"SMITH"},{"floor":13,"key":"REST"},{"floor":15,"key":"REST"}],"neow_cost":"NONE","seed_source_timestamp":91535908430434,"circlet_count":0,"master_deck":["Strike_R","Strike_R","Strike_R","Strike_R","Defend_R+1","Defend_R","Defend_R","Defend_R","Bash","Barricade+1","Fire Breathing","Evolve","Rage+1","Body Slam","Body Slam"],"relics":["Burning Blood","Bronze Scales","Happy Flower","War Paint","Pantograph"],"potions_floor_usage":[6],"damage_taken":[{"damage":8,"enemies":"2 Louse","floor":1,"turns":3},{"damage":5,"enemies":"Cultist","floor":3,"turns":4},{"damage":13,"enemies":"Jaw Worm","floor":5,"turns":4},{"damage":24,"enemies":"Lagavulin","floor":6,"turns":10},{"damage":12,"enemies":"Looter","floor":7,"turns":4},{"damage":12,"enemies":"2 Fungi Beasts","floor":8,"turns":4},{"damage":14,"enemies":"Exordium Thugs","floor":11,"turns":5},{"damage":57,"enemies":"Gremlin Nob","floor":14,"turns":5},{"damage":61,"enemies":"Hexaghost","floor":16,"turns":12}],"seed_played":"3902207549199813280","potions_obtained":[{"floor":1,"key":"PowerPotion"},{"floor":7,"key":"SpeedPotion"}],"is_trial":false,"path_per_floor":["M","?","M","$","M","E","M","M","T","R","M","$","R","E","R"],"character_chosen":"IRONCLAD","items_purchased":["Body Slam"],"campfire_rested":2,"item_purchase_floors":[12],"current_hp_per_floor":[78,78,79,79,72,54,48,42,42,42,34,34,58,7,31,0],"gold":69,"neow_bonus":"ONE_RANDOM_RARE_CARD","is_prod":false,"is_daily":false,"chose_seed":false,"campfire_upgraded":1,"win_rate":0,"timestamp":1536429705,"path_taken":["M","?","?","$","M","E","M","M","T","R","M","?","R","E","R","BOSS"],"build_version":"2018-09-06","purchased_purges":1,"victory":false,"max_hp_per_floor":[80,80,80,80,80,80,80,80,80,80,80,80,80,80,80,80],"card_choices":[{"not_picked":["Havoc","Pommel Strike"],"picked":"Fire Breathing","floor":1},{"not_picked":["Clash","Pommel Strike","Battle Trance"],"picked":"SKIP","floor":3},{"not_picked":["Thunderclap","Heavy Blade","Clothesline"],"picked":"SKIP","floor":5},{"not_picked":["Spot Weakness","Double Tap"],"picked":"Evolve","floor":6},{"not_picked":["Perfected Strike","Shrug It Off"],"picked":"Rage","floor":7},{"not_picked":["Cleave","Armaments"],"picked":"Body Slam","floor":8},{"not_picked":["Whirlwind","Headbutt","Heavy Blade"],"picked":"SKIP","floor":11},{"not_picked":["Bludgeon","Wild Strike","Sword Boomerang"],"picked":"SKIP","floor":14}],"player_experience":754435,"relics_obtained":[{"floor":2,"key":"Bronze Scales"},{"floor":6,"key":"Happy Flower"},{"floor":9,"key":"War Paint"},{"floor":14,"key":"Pantograph"}],"event_choices":[{"event_name":"Wheel of Change","player_choice":"Relic","floor":2,"damage_taken":0}],"is_beta":false,"boss_relics":[],"items_purged_floors":[4],"is_endless":false,"potions_floor_spawned":[1,7],"killed_by":"Hexaghost","ascension_level":3}