{"gold_per_floor":[110,35,47,47,59,59,75,75,126,146,146,201,217,57,57,128,128,145,145,41,55,75,75,87,104,178,178,196,225,125,138,138,138],"floor_reached":33,"playtime":1424,"items_purged":["Strike_R","Clumsy"],"score":528,"play_id":"46125d2d-fc7a-4ece-bf37-2caca6cd652a","local_time":"20190502130802","is_ascension_mode":true,"campfire_choices":[{"data":"Whirlwind","floor":6.0,"key":"SMITH"},{"data":"Pommel Strike","floor":8.0,"key":"SMITH"},{"data":"Demon Form","floor":15.0,"key":"SMITH"},{"floor":23.0,"key":"REST"},{"floor":27.0,"key":"REST"},{"floor":32.0,"key":"REST"}],"neow_cost":"NONE","seed_source_timestamp":585096487481501,"circlet_count":0,"master_deck":["AscendersBane","Strike_R","Strike_R","Strike_R","Strike_R","Defend_R","Defend_R","Defend_R","Defend_R","Bash","Whirlwind+1","Shrug It Off","Pommel Strike+1","Shrug It Off","Uppercut","Demon Form+1","Limit Break","Infernal Blade","Pommel Strike","Shockwave","Thunderclap","Blood for Blood","Clumsy","Heavy Blade+1","Whirlwind+1","Heavy Blade+1"],"special_seed":0,"relics":["Burning Blood","Orichalcum","Mercury Hourglass","Tiny Chest","Cursed Key","Nunchaku","Bag of Marbles","Molten Egg 2","Dodecahedron"],"potions_floor_usage":[],"damage_taken":[{"damage":7.0,"enemies":"Cultist","floor":1.0,"turns":4.0},{"damage":7.0,"enemies":"Small Slimes","floor":3.0,"turns":3.0},{"damage":9.0,"enemies":"Jaw Worm","floor":5.0,"turns":6.0},{"damage":1.0,"enemies":"Red Slaver","floor":7.0,"turns":4.0},{"damage":2.0,"enemies":"Blue Slaver","floor":10.0,"turns":2.0},{"damage":2.0,"enemies":"Gremlin Nob","floor":12.0,"turns":3.0},{"damage":14.0,"enemies":"Large Slime","floor":13.0,"turns":5.0},{"damage":41.0,"enemies":"Hexaghost","floor":16.0,"turns":8.0},{"damage":19.0,"enemies":"2 Thieves","floor":18.0,"turns":3.0},{"damage":24.0,"enemies":"Spheric Guardian","floor":21.0,"turns":4.0},{"damage":6.0,"enemies":"Cultist and Chosen","floor":22.0,"turns":3.0},{"damage":34.0,"enemies":"Chosen and Byrds","floor":24.0,"turns":7.0},{"damage":4.0,"enemies":"Centurion and Healer","floor":25.0,"turns":3.0},{"damage":24.0,"enemies":"Snake Plant","floor":28.0,"turns":5.0},{"damage":9.0,"enemies":"Slavers","floor":29.0,"turns":2.0},{"damage":8.0,"enemies":"Shelled Parasite and Fungi","floor":31.0,"turns":3.0},{"damage":67,"enemies":"Automaton","floor":33,"turns":6}],"seed_played":"4350535659037701187","potions_obtained":[{"floor":1.0,"key":"Poison Potion"},{"floor":3.0,"key":"AttackPotion"},{"floor":12.0,"key":"Dexterity Potion"},{"floor":22.0,"key":"Explosive Potion"},{"floor":25.0,"key":"LiquidBronze"},{"floor":29.0,"key":"Block Potion"}],"is_trial":false,"path_per_floor":["M","$","M","?","M","R","M","R","T","M","T","E","M","$","R","B",null,"M","T","?","M","M","R","M","M","T","R","M","E","$","M","R","B"],"character_chosen":"IRONCLAD","items_purchased":["Demon Form"],"campfire_rested":3,"item_purchase_floors":[14],"current_hp_per_floor":[67,67,66,71,68,68,73,73,73,77,77,80,72,72,72,37,69,56,56,56,38,38,62,34,36,36,60,42,39,39,37,61,0],"gold":138,"neow_bonus":"THREE_CARDS","is_prod":false,"is_daily":false,"chose_seed":false,"campfire_upgraded":3,"win_rate":0,"timestamp":1556811482,"path_taken":["M","$","?","?","M","R","M","R","T","M","?","E","M","$","R","BOSS","M","?","?","?","M","R","M","M","T","R","M","E","$","M","R","BOSS"],"build_version":"2019-01-23","purchased_purges":2,"victory":false,"max_hp_per_floor":[75,75,75,80,80,80,80,80,80,80,80,80,80,80,80,80,80,80,80,80,80,80,80,80,80,80,80,80,80,80,80,80,80],"card_choices":[{"not_picked":["Heavy Blade","Clothesline"],"picked":"Whirlwind","floor":0.0},{"not_picked":["Disarm","Seeing Red"],"picked":"Shrug It Off","floor":1.0},{"not_picked":["Second Wind","Battle Trance","Twin Strike"],"picked":"SKIP","floor":3.0},{"not_picked":["Wild Strike","Flex"],"picked":"Pommel Strike","floor":5.0},{"not_picked":["Carnage","Heavy Blade"],"picked":"Shrug It Off","floor":7.0},{"not_picked":["Headbutt","Pummel"],"picked":"Uppercut","floor":10.0},{"not_picked":["Anger","Headbutt","True Grit"],"picked":"SKIP","floor":12.0},{"not_picked":["Heavy Blade","Spot Weakness","Sword Boomerang"],"picked":"SKIP","floor":13.0},{"not_picked":["Juggernaut","Immolate"],"picked":"Limit Break","floor":16.0},{"not_picked":["Combust","Clash"],"picked":"Infernal Blade","floor":18.0},{"not_picked":["Fire Breathing","Wild Strike"],"picked":"Pommel Strike","floor":21.0},{"not_picked":["Dual Wield","Burning Pact"],"picked":"Shockwave","floor":22.0},{"not_picked":["Bloodletting","Headbutt"],"picked":"Thunderclap","floor":24.0},{"not_picked":["Feel No Pain","Flex"],"picked":"Blood for Blood","floor":25.0},{"not_picked":["Body Slam+1","Perfected Strike+1"],"picked":"Heavy Blade+1","floor":28.0},{"not_picked":["Immolate+1","Armaments"],"picked":"Whirlwind+1","floor":29.0},{"not_picked":["Power Through","Perfected Strike+1"],"picked":"Heavy Blade+1","floor":31.0}],"player_experience":1166992,"relics_obtained":[{"floor":9.0,"key":"Orichalcum"},{"floor":11.0,"key":"Mercury Hourglass"},{"floor":12.0,"key":"Tiny Chest"},{"floor":19.0,"key":"Nunchaku"},{"floor":26.0,"key":"Molten Egg 2"},{"floor":29.0,"key":"Dodecahedron"}],"event_choices":[{"damage_healed":0.0,"max_hp_gain":5.0,"max_hp_loss":0.0,"gold_gain":0.0,"event_name":"Big Fish","player_choice":"Donut","floor":4.0,"gold_loss":0.0,"damage_taken":0.0},{"damage_healed":0.0,"max_hp_gain":0.0,"max_hp_loss":0.0,"gold_gain":0.0,"event_name":"WeMeetAgain","player_choice":"Paid Gold","floor":20.0,"gold_loss":104.0,"damage_taken":0.0,"relics_obtained":["Bag of Marbles"]}],"is_beta":false,"boss_relics":[{"not_picked":["Ectoplasm","White Beast Statue"],"picked":"Cursed Key"}],"items_purged_floors":[2,30],"is_endless":false,"potions_floor_spawned":[1,3,12,22,25,29],"killed_by":"Automaton","ascension_level":19}