{"gold_per_floor":[19,37,37,137,148,148,180,35,104,104,123,151,151,161,161,262,262,273,273,76,89,89,120,120,148,148,160,193,204,218,238,238,337,337,352,263,283,296,313,313,328,328,398,20,20,54,65,93,93,93],"floor_reached":51,"playtime":6375,"items_purged":["Regret","Strike_G","Strike_G"],"score":1206,"play_id":"6763bcd3-0df1-4cf4-80e9-6065d1024329","local_time":"20181231232036","is_ascension_mode":true,"campfire_choices":[{"data":"Neutralize","floor":6.0,"key":"SMITH"},{"floor":10.0,"key":"REST"},{"data":"After Image","floor":13.0,"key":"SMITH"},{"data":"Cloak And Dagger","floor":15.0,"key":"SMITH"},{"data":"Survivor","floor":24.0,"key":"SMITH"},{"data":"Backflip","floor":32.0,"key":"SMITH"},{"data":"Cloak And Dagger","floor":40,"key":"SMITH"},{"data":"PiercingWail","floor":42,"key":"SMITH"},{"data":"Blade Dance","floor":45,"key":"SMITH"},{"data":"Blur","floor":49,"key":"SMITH"}],"neow_cost":"NO_GOLD","seed_source_timestamp":1758613594145810,"circlet_count":0,"master_deck":["AscendersBane","Defend_G","Defend_G","Defend_G","Defend_G","Defend_G","Strike_G","Strike_G","Strike_G","Survivor+1","Neutralize+1","Infinite Blades","Backstab","After Image+1","PiercingWail+1","Blade Dance+1","Cloak And Dagger+1","After Image+1","Blade Dance","A Thousand Cuts+1","Panache+1","Backflip+1","Terror+1","Cloak And Dagger+1","Dash","Envenom+1","Finisher","Finisher","Dodge and Roll+1","Footwork+1","Parasite","Footwork+1","Dash+1","Blur+1"],"special_seed":0,"relics":["Ring of the Snake","Incense Burner","Regal Pillow","Ninja Scroll","Meat on the Bone","Frozen Egg 2","Philosopher\u0027s Stone","Enchiridion","Du-Vu Doll","Dream Catcher","Bottled Tornado","Matryoshka","Smiling Mask","Cursed Key","Art of War","Darkstone Periapt","Molten Egg 2","Lantern","Ornamental Fan"],"potions_floor_usage":[39,50,50,50],"damage_taken":[{"damage":2.0,"enemies":"Jaw Worm","floor":1.0,"turns":6.0},{"damage":4.0,"enemies":"Small Slimes","floor":2.0,"turns":4.0},{"damage":8.0,"enemies":"Cultist","floor":5.0,"turns":4.0},{"damage":47.0,"enemies":"Lagavulin","floor":7.0,"turns":8.0},{"damage":7.0,"enemies":"Exordium Thugs","floor":11.0,"turns":5.0},{"damage":8.0,"enemies":"Gremlin Nob","floor":12.0,"turns":5.0},{"damage":0.0,"enemies":"3 Louse","floor":14.0,"turns":3.0},{"damage":13.0,"enemies":"The Guardian","floor":16.0,"turns":17.0},{"damage":0.0,"enemies":"Chosen","floor":18.0,"turns":4.0},{"damage":0.0,"enemies":"Spheric Guardian","floor":21.0,"turns":3.0},{"damage":2.0,"enemies":"Book of Stabbing","floor":23.0,"turns":5.0},{"damage":0.0,"enemies":"Gremlin Leader","floor":25.0,"turns":4.0},{"damage":0.0,"enemies":"Snake Plant","floor":27.0,"turns":3.0},{"damage":10.0,"enemies":"Book of Stabbing","floor":28.0,"turns":4.0},{"damage":2.0,"enemies":"Shelled Parasite and Fungi","floor":29.0,"turns":2.0},{"damage":0.0,"enemies":"Centurion and Healer","floor":30.0,"turns":3.0},{"damage":0.0,"enemies":"Snake Plant","floor":31.0,"turns":3.0},{"damage":42.0,"enemies":"Champ","floor":33.0,"turns":8.0},{"damage":0.0,"enemies":"3 Shapes","floor":35.0,"turns":2.0},{"damage":0.0,"enemies":"Orb Walker","floor":37.0,"turns":2.0},{"damage":0.0,"enemies":"4 Shapes","floor":38.0,"turns":1.0},{"damage":0,"enemies":"Sphere and 2 Shapes","floor":39,"turns":2},{"damage":7,"enemies":"Maw","floor":41,"turns":6},{"damage":0,"enemies":"Reptomancer","floor":46,"turns":4},{"damage":0,"enemies":"Jaw Worm Horde","floor":47,"turns":3},{"damage":0,"enemies":"Giant Head","floor":48,"turns":6},{"damage":4,"enemies":"Awakened One","floor":50,"turns":11}],"seed_played":"-2441096397183138716","potions_obtained":[{"floor":1.0,"key":"FearPotion"},{"floor":2.0,"key":"Block Potion"},{"floor":7.0,"key":"SkillPotion"},{"floor":11.0,"key":"Fire Potion"},{"floor":16.0,"key":"GamblersBrew"},{"floor":18.0,"key":"SteroidPotion"},{"floor":25.0,"key":"PowerPotion"},{"floor":28.0,"key":"Regen Potion"},{"floor":30.0,"key":"Strength Potion"},{"floor":37.0,"key":"Swift Potion"},{"floor":38,"key":"Fruit Juice"},{"floor":48,"key":"Fire Potion"}],"is_trial":false,"path_per_floor":["M","M","?","?","M","R","E","$","T","R","M","E","R","M","R","B",null,"M","?","$","M","?","E","R","E","T","M","E","M","M","M","R","B",null,"M","$","M","M","M","M","R","M","R","T","$","R","E","M","E","R","B",null],"character_chosen":"THE_SILENT","items_purchased":["PiercingWail","Blade Dance","Panache+1","Finisher","Molten Egg 2","Footwork+1"],"campfire_rested":1,"item_purchase_floors":[8,8,20,36,44,44],"current_hp_per_floor":[61,57,57,57,49,49,2,2,2,38,43,47,47,47,47,46,64,64,48,48,48,48,46,46,46,46,46,36,46,46,46,46,16,57,57,57,57,57,62,62,55,55,55,55,55,55,55,55,55,51],"gold":93,"neow_bonus":"ONE_RARE_RELIC","is_prod":false,"is_daily":false,"chose_seed":false,"campfire_upgraded":9,"win_rate":0,"timestamp":1546327236,"path_taken":["M","M","?","?","M","R","E","$","T","R","?","E","R","M","R","BOSS","M","?","$","M","?","E","R","E","T","M","E","M","M","?","R","BOSS","M","$","M","M","?","R","M","R","T","$","R","E","M","E","R","BOSS"],"build_version":"2018-12-20","purchased_purges":3,"victory":true,"max_hp_per_floor":[70,70,70,70,70,70,70,70,70,70,70,70,70,70,70,70,70,70,70,70,70,70,70,70,70,70,70,70,70,70,70,70,70,70,70,70,70,70,75,75,75,75,75,75,75,75,75,75,75,75],"card_choices":[{"not_picked":["Dagger Throw","Quick Slash"],"picked":"Infinite Blades","floor":1.0},{"not_picked":["Underhanded Strike","Terror"],"picked":"Backstab","floor":2.0},{"not_picked":["Flechettes","Dagger Throw","Deadly Poison"],"picked":"SKIP","floor":5.0},{"not_picked":["Bane","Quick Slash"],"picked":"After Image","floor":7.0},{"not_picked":["Acrobatics","Sucker Punch"],"picked":"Cloak And Dagger","floor":11.0},{"not_picked":["Blade Dance","Eviscerate"],"picked":"After Image","floor":12.0},{"not_picked":["Quick Slash","Acrobatics"],"picked":"Blade Dance","floor":14.0},{"not_picked":["Tools of the Trade+1","Wraith Form v2+1"],"picked":"A Thousand Cuts+1","floor":16.0},{"not_picked":["Flechettes","Skewer","Flying Knee"],"picked":"SKIP","floor":18.0},{"not_picked":["Dagger Throw","Quick Slash+1"],"picked":"Backflip","floor":21.0},{"not_picked":["Backstab","Dash"],"picked":"Terror+1","floor":23.0},{"not_picked":["Sucker Punch","Bane"],"picked":"Cloak And Dagger","floor":25.0},{"not_picked":["Backstab+1","Expertise+1"],"picked":"Dash","floor":27.0},{"not_picked":["After Image+1","Catalyst"],"picked":"Envenom+1","floor":28.0},{"not_picked":["Bane","Quick Slash","Predator"],"picked":"SKIP","floor":29.0},{"not_picked":["Blade Dance","Caltrops+1","Quick Slash"],"picked":"SKIP","floor":30.0},{"not_picked":["Setup+1","Blade Dance","PiercingWail"],"picked":"SKIP","floor":31.0},{"not_picked":["Dagger Throw+1","Deadly Poison"],"picked":"Finisher","floor":35.0},{"not_picked":["Outmaneuver+1","Poisoned Stab+1"],"picked":"Dodge and Roll+1","floor":37.0},{"not_picked":["Poisoned Stab","Setup"],"picked":"Footwork+1","floor":38},{"not_picked":["Caltrops+1","Distraction","Dash"],"picked":"SKIP","floor":39},{"not_picked":["Terror+1","Calculated Gamble","Finisher+1"],"picked":"SKIP","floor":41},{"not_picked":["Masterful Stab+1","Prepared+1"],"picked":"Dash+1","floor":46},{"not_picked":["Noxious Fumes+1","Dagger Spray+1","Expertise+1"],"picked":"SKIP","floor":47},{"not_picked":["Underhanded Strike+1","Escape Plan+1"],"picked":"Blur","floor":48}],"player_experience":582913,"relics_obtained":[{"floor":7.0,"key":"Ninja Scroll"},{"floor":9.0,"key":"Meat on the Bone"},{"floor":12.0,"key":"Frozen Egg 2"},{"floor":19.0,"key":"Enchiridion"},{"floor":23.0,"key":"Dream Catcher"},{"floor":25.0,"key":"Bottled Tornado"},{"floor":26.0,"key":"Matryoshka"},{"floor":28.0,"key":"Smiling Mask"},{"floor":43,"key":"Art of War"},{"floor":43,"key":"Darkstone Periapt"},{"floor":46,"key":"Lantern"},{"floor":48,"key":"Ornamental Fan"}],"event_choices":[{"damage_healed":0.0,"max_hp_gain":0.0,"max_hp_loss":0.0,"gold_gain":0.0,"event_name":"Big Fish","player_choice":"Box","floor":3.0,"gold_loss":0.0,"damage_taken":0.0,"relics_obtained":["Regal Pillow"],"cards_obtained":["Regret"]},{"damage_healed":0.0,"max_hp_gain":0.0,"max_hp_loss":0.0,"gold_gain":100.0,"event_name":"Golden Shrine","player_choice":"Pray","floor":4.0,"gold_loss":0.0,"damage_taken":0.0},{"damage_healed":0.0,"max_hp_gain":0.0,"max_hp_loss":0.0,"gold_gain":0.0,"event_name":"Cursed Tome","player_choice":"Obtained Book","floor":19.0,"gold_loss":0.0,"damage_taken":16.0},{"damage_healed":0.0,"max_hp_gain":0.0,"max_hp_loss":0.0,"gold_gain":0.0,"event_name":"WeMeetAgain","player_choice":"Gave Potion","floor":22.0,"gold_loss":0.0,"damage_taken":0.0,"relics_obtained":["Du-Vu Doll"]}],"is_beta":false,"boss_relics":[{"not_picked":["Runic Pyramid","Runic Dome"],"picked":"Philosopher\u0027s Stone"},{"not_picked":["Fusion Hammer","Pandora\u0027s Box"],"picked":"Cursed Key"}],"items_purged_floors":[8,36,44],"is_endless":false,"potions_floor_spawned":[1,2,7,11,16,18,25,28,30,37,38,48],"ascension_level":10}