{"gold_per_floor":[118,218,228,240,55,55,55,55,82,95,114,114,131,131,131,226,226,239,239,364,279,30,30,73,73,121,121,121,160,160,160,160,256,256,256],"floor_reached":35,"playtime":1937,"items_purged":["Writhe","Defend_R"],"score":650,"play_id":"91d4044c-b1df-4330-9332-c4546bf0355c","local_time":"20190513040636","is_ascension_mode":true,"campfire_choices":[{"data":"Rampage","floor":6,"key":"SMITH"},{"data":"Burning Pact","floor":8,"key":"SMITH"},{"data":"Seeing Red","floor":12,"key":"SMITH"},{"data":"Fiend Fire","floor":15,"key":"SMITH"},{"data":"Offering","floor":23,"key":"SMITH"},{"data":"Defend_R","floor":25,"key":"PURGE"},{"data":"Bite","floor":27,"key":"PURGE"},{"data":"Defend_R","floor":30,"key":"PURGE"},{"floor":32,"key":"REST"}],"neow_cost":"CURSE","seed_source_timestamp":3766429406033974,"circlet_count":0,"master_deck":["AscendersBane","Defend_R","Bash","Fiend Fire+1","Rampage+1","Dual Wield+1","Burning Pact+1","Seeing Red+1","Power Through+1","Inflame","Burning Pact","Offering+1","Bite","Bite","Bite+1","Bite+1","Warcry+1"],"relics":["Burning Blood","Bag of Preparation","Golden Idol","Philosopher\u0027s Stone","Champion Belt","Ornamental Fan","Peace Pipe","Whetstone","Mercury Hourglass","Bronze Scales","Vajra","Busted Crown"],"potions_floor_usage":[11,16,16,29,33],"damage_taken":[{"damage":9,"enemies":"Jaw Worm","floor":1,"turns":3},{"damage":1,"enemies":"Cultist","floor":3,"turns":3},{"damage":2,"enemies":"2 Louse","floor":4,"turns":3},{"damage":14,"enemies":"Red Slaver","floor":10,"turns":2},{"damage":1,"enemies":"2 Fungi Beasts","floor":11,"turns":3},{"damage":4,"enemies":"Large Slime","floor":13,"turns":5},{"damage":42,"enemies":"Hexaghost","floor":16,"turns":8},{"damage":20,"enemies":"2 Thieves","floor":18,"turns":4},{"damage":39,"enemies":"Colosseum Slavers","floor":20,"turns":4},{"damage":9,"enemies":"Colosseum Nobs","floor":20,"turns":3},{"damage":19,"enemies":"Slavers","floor":24,"turns":3},{"damage":29,"enemies":"Book of Stabbing","floor":29,"turns":4},{"damage":12,"enemies":"Automaton","floor":33,"turns":6},{"damage":50,"enemies":"3 Darklings","floor":35,"turns":7}],"seed_played":"-5891600242953286896","potions_obtained":[{"floor":1,"key":"SneckoOil"},{"floor":11,"key":"Swift Potion"},{"floor":13,"key":"Energy Potion"},{"floor":24,"key":"FearPotion"},{"floor":29,"key":"Energy Potion"}],"is_trial":false,"path_per_floor":["M","?","M","M","$","R","?","R","T","M","M","R","M","?","R","B",null,"M","?","?","?","$","R","E","R","T","R","$","E","R","?","R","B",null,"M"],"character_chosen":"IRONCLAD","items_purchased":["Burning Pact","Seeing Red","Whetstone"],"campfire_rested":1,"item_purchase_floors":[5,5,22],"current_hp_per_floor":[69,69,74,78,78,78,78,78,78,70,75,75,77,57,57,21,65,51,51,33,33,33,33,29,29,29,29,29,17,17,17,33,39,52,9],"gold":256,"neow_bonus":"THREE_RARE_CARDS","is_prod":false,"is_daily":false,"chose_seed":false,"campfire_upgraded":5,"win_rate":0,"timestamp":1557713196,"path_taken":["M","?","?","M","$","R","?","R","T","?","M","R","M","?","R","BOSS","M","?","?","?","$","R","E","R","T","R","$","E","R","?","R","BOSS","M"],"build_version":"2019-01-23","purchased_purges":2,"victory":false,"max_hp_per_floor":[80,80,80,80,80,80,80,80,80,80,80,80,80,80,80,80,80,80,56,56,56,56,56,56,56,56,56,56,56,56,56,56,56,56,56],"card_choices":[{"not_picked":["Reaper","Dark Embrace"],"picked":"Fiend Fire","floor":0},{"not_picked":["Perfected Strike","Armaments"],"picked":"Rampage","floor":1},{"not_picked":["Rage","Sword Boomerang"],"picked":"Dual Wield","floor":3},{"not_picked":["Dropkick","Body Slam","Perfected Strike"],"picked":"SKIP","floor":4},{"not_picked":["Sever Soul","Sword Boomerang"],"picked":"Power Through","floor":10},{"not_picked":["True Grit","Cleave"],"picked":"Inflame","floor":11},{"not_picked":["Pummel","Thunderclap"],"picked":"Burning Pact","floor":13},{"not_picked":["Brutality","Limit Break"],"picked":"Offering","floor":16},{"not_picked":["Second Wind","Burning Pact","Wild Strike"],"picked":"SKIP","floor":18},{"not_picked":["Perfected Strike","Fiend Fire"],"picked":"Warcry+1","floor":24},{"not_picked":["Clothesline+1","Bloodletting","Ghostly Armor"],"picked":"SKIP","floor":29}],"player_experience":541564,"relics_obtained":[{"floor":9,"key":"Bag of Preparation"},{"floor":20,"key":"Champion Belt"},{"floor":20,"key":"Ornamental Fan"},{"floor":24,"key":"Mercury Hourglass"},{"floor":26,"key":"Bronze Scales"},{"floor":29,"key":"Vajra"}],"event_choices":[{"damage_healed":0,"gold_gain":100,"player_choice":"Pray","damage_taken":0,"max_hp_gain":0,"max_hp_loss":0,"event_name":"Golden Shrine","floor":2,"gold_loss":0},{"damage_healed":0,"gold_gain":0,"player_choice":"Forge","damage_taken":0,"max_hp_gain":0,"max_hp_loss":0,"event_name":"Accursed Blacksmith","floor":7,"gold_loss":0,"cards_upgraded":["Dual Wield"]},{"damage_healed":0,"gold_gain":0,"player_choice":"Take Damage","damage_taken":20,"relics_obtained":["Golden Idol"],"max_hp_gain":0,"max_hp_loss":0,"event_name":"Golden Idol","floor":14,"gold_loss":0},{"damage_healed":0,"gold_gain":0,"player_choice":"Became a vampire","damage_taken":0,"max_hp_gain":0,"max_hp_loss":24,"event_name":"Vampires","floor":19,"gold_loss":0,"cards_obtained":["Bite","Bite","Bite","Bite","Bite"]},{"damage_healed":0,"gold_gain":0,"player_choice":"Fight","damage_taken":0,"max_hp_gain":0,"max_hp_loss":0,"event_name":"Colosseum","floor":20,"gold_loss":0},{"damage_healed":0,"gold_gain":0,"player_choice":"Fought Nobs","damage_taken":0,"max_hp_gain":0,"max_hp_loss":0,"event_name":"Colosseum","floor":20,"gold_loss":0},{"damage_healed":0,"gold_gain":0,"player_choice":"Obtained Relic","damage_taken":0,"relics_obtained":["Peace Pipe"],"max_hp_gain":0,"max_hp_loss":0,"event_name":"Addict","floor":21,"gold_loss":85},{"damage_healed":0,"gold_gain":0,"player_choice":"Upgraded","damage_taken":0,"max_hp_gain":0,"max_hp_loss":0,"event_name":"Upgrade Shrine","floor":31,"gold_loss":0,"cards_upgraded":["Power Through"]}],"is_beta":false,"boss_relics":[{"not_picked":["Astrolabe","Lizard Tail"],"picked":"Philosopher\u0027s Stone"},{"not_picked":["White Beast Statue","Orrery"],"picked":"Busted Crown"}],"items_purged_floors":[5,22],"is_endless":false,"potions_floor_spawned":[1,11,13,24,29],"killed_by":"3 Darklings","ascension_level":13}