{"gold_per_floor":[15,31,31,44,64,64,83,98,98,98,110,131,131,144,144,247,247,260,276,191,207,207],"floor_reached":22,"playtime":1237,"items_purged":[],"score":218,"play_id":"08ac00e9-0e7a-4179-9b87-76a963258cea","local_time":"20190212223703","is_ascension_mode":true,"campfire_choices":[{"data":"Neutralize","floor":6,"key":"SMITH"},{"data":"Flechettes","floor":10,"key":"SMITH"},{"data":"Well Laid Plans","floor":15,"key":"SMITH"}],"neow_cost":"NO_GOLD","seed_source_timestamp":514033817360600,"circlet_count":0,"master_deck":["Defend_G","Defend_G+1","Defend_G","Defend_G","Strike_G","Strike_G","Strike_G+1","Survivor","Neutralize+1","Underhanded Strike","Dagger Throw","Flechettes+1","Setup","Terror","Dodge and Roll","PiercingWail","Tactician","Well Laid Plans+1","A Thousand Cuts","Accuracy+1","Backstab","Flechettes+1"],"relics":["Ring of the Snake","Shuriken","Odd Mushroom","WristBlade","Shovel"],"potions_floor_usage":[12,19,21],"damage_taken":[{"damage":1,"enemies":"Jaw Worm","floor":1,"turns":7},{"damage":3,"enemies":"Small Slimes","floor":2,"turns":4},{"damage":1,"enemies":"2 Louse","floor":4,"turns":2},{"damage":1,"enemies":"Blue Slaver","floor":5,"turns":3},{"damage":1,"enemies":"Large Slime","floor":7,"turns":5},{"damage":2,"enemies":"2 Fungi Beasts","floor":8,"turns":4},{"damage":1,"enemies":"3 Louse","floor":11,"turns":3},{"damage":3,"enemies":"The Mushroom Lair","floor":12,"turns":5},{"damage":2,"enemies":"Red Slaver","floor":14,"turns":2},{"damage":13,"enemies":"The Guardian","floor":16,"turns":10},{"damage":14,"enemies":"Shell Parasite","floor":18,"turns":6},{"damage":39,"enemies":"Spheric Guardian","floor":19,"turns":8},{"damage":9,"enemies":"Snake Plant","floor":21,"turns":5},{"damage":9,"enemies":"Chosen and Byrds","floor":22,"turns":4}],"seed_played":"-7228898276641974017","potions_obtained":[{"floor":1,"key":"LiquidBronze"},{"floor":5,"key":"GhostInAJar"},{"floor":7,"key":"Fire Potion"},{"floor":11,"key":"GhostInAJar"},{"floor":14,"key":"Poison Potion"},{"floor":18,"key":"GhostInAJar"},{"floor":21,"key":"SpeedPotion"}],"is_trial":false,"path_per_floor":["M","M","?","M","M","R","M","M","T","R","M","?","?","M","R","B",null,"M","M","?","M","M"],"character_chosen":"THE_SILENT","items_purchased":[],"campfire_rested":0,"item_purchase_floors":[],"current_hp_per_floor":[69,66,52,51,50,50,49,47,47,47,46,43,43,41,41,28,70,56,17,17,8,0],"gold":207,"neow_bonus":"REMOVE_TWO","is_prod":false,"is_daily":false,"chose_seed":false,"campfire_upgraded":3,"win_rate":0,"timestamp":1550029023,"path_taken":["M","M","?","M","M","R","M","M","T","R","M","?","?","M","R","BOSS","M","M","?","M","M"],"build_version":"2019-01-23","purchased_purges":0,"victory":false,"max_hp_per_floor":[70,70,70,70,70,70,70,70,70,70,70,70,70,70,70,70,70,70,70,70,70,70],"card_choices":[{"not_picked":["Accuracy","PiercingWail"],"picked":"Underhanded Strike","floor":1},{"not_picked":["After Image","Setup"],"picked":"Dagger Throw","floor":2},{"not_picked":["Predator","Blade Dance"],"picked":"Flechettes","floor":4},{"not_picked":["Dagger Throw","Deflect"],"picked":"Setup","floor":5},{"not_picked":["Sucker Punch","Flying Knee"],"picked":"Terror","floor":7},{"not_picked":["Cloak And Dagger","Escape Plan","Quick Slash"],"picked":"SKIP","floor":8},{"not_picked":["Quick Slash","Deflect"],"picked":"Dodge and Roll","floor":11},{"not_picked":["Blade Dance","Deflect"],"picked":"PiercingWail","floor":12},{"not_picked":["Envenom","Sucker Punch"],"picked":"Well Laid Plans","floor":14},{"not_picked":["After Image","Tools of the Trade"],"picked":"A Thousand Cuts","floor":16},{"not_picked":["Terror","Masterful Stab"],"picked":"Accuracy+1","floor":18},{"not_picked":["Distraction","Underhanded Strike"],"picked":"Backstab","floor":19},{"not_picked":["Prepared","Sucker Punch"],"picked":"Flechettes+1","floor":21}],"player_experience":2124364,"relics_obtained":[{"floor":9,"key":"Shuriken"},{"floor":12,"key":"Odd Mushroom"}],"event_choices":[{"damage_healed":0,"gold_gain":0,"player_choice":"Entered Light","damage_taken":14,"max_hp_gain":0,"max_hp_loss":0,"event_name":"Shining Light","floor":3,"gold_loss":0,"cards_upgraded":["Strike_G","Defend_G"]},{"damage_healed":0,"gold_gain":0,"player_choice":"Fought Mushrooms","damage_taken":0,"max_hp_gain":0,"max_hp_loss":0,"event_name":"Mushrooms","floor":12,"gold_loss":0},{"damage_healed":0,"gold_gain":0,"cards_transformed":["Defend_G"],"player_choice":"Change","damage_taken":0,"max_hp_gain":0,"max_hp_loss":0,"event_name":"Living Wall","floor":13,"gold_loss":0,"cards_obtained":["Tactician"]},{"damage_healed":0,"gold_gain":0,"player_choice":"Obtained Relic","damage_taken":0,"relics_obtained":["Shovel"],"max_hp_gain":0,"max_hp_loss":0,"event_name":"Addict","floor":20,"gold_loss":85}],"is_beta":false,"boss_relics":[{"not_picked":["Pandora\u0027s Box","Empty Cage"],"picked":"WristBlade"}],"items_purged_floors":[],"is_endless":false,"potions_floor_spawned":[1,5,7,11,14,16,18,21],"killed_by":"Chosen and Byrds","ascension_level":4}