{"path_per_floor":["M","$","?","M","?","E","R","T","T","R","$","?","E","M","R"],"character_chosen":"IRONCLAD","items_purchased":[],"gold_per_floor":[117,42,42,61,61,87,87,87,110,110,10,10,41,61,61,61],"floor_reached":16,"campfire_rested":0,"playtime":529,"item_purchase_floors":[],"current_hp_per_floor":[79,79,84,84,77,57,57,57,57,57,57,57,51,59,59,0],"items_purged":["Defend_R","Strike_R"],"gold":61,"score":133,"play_id":"d9e388f3-2151-45ae-b368-75ba6c85dd7d","local_time":"20180608130817","is_prod":false,"is_daily":false,"chose_seed":false,"is_ascension_mode":true,"campfire_upgraded":3,"win_rate":0,"timestamp":1528456097,"campfire_choices":[{"data":"Dropkick","floor":7,"key":"SMITH"},{"data":"Thunderclap","floor":10,"key":"SMITH"},{"data":"Clash","floor":15,"key":"SMITH"}],"path_taken":["M","$","?","?","?","E","R","?","T","R","$","?","E","M","R","BOSS"],"build_version":"2018-06-07","seed_source_timestamp":1955876625120675,"purchased_purges":2,"victory":false,"master_deck":["Strike_R+1","Strike_R","Strike_R+1","Defend_R","Defend_R","Defend_R","Bash","Dropkick+1","Thunderclap+1","Clash+1"],"max_hp_per_floor":[80,80,85,85,85,85,85,85,85,85,85,79,81,81,81,81],"relics":["Burning Blood","Blood Vial","Juzu Bracelet","Singing Bowl","Golden Idol","Whetstone"],"card_choices":[{"not_picked":["Body Slam","Iron Wave"],"picked":"Dropkick","floor":1},{"not_picked":["True Grit","Warcry"],"picked":"Thunderclap","floor":4},{"not_picked":["Hemokinesis","Sword Boomerang","Rupture"],"picked":"SKIP","floor":6},{"not_picked":["Carnage","Anger","Heavy Blade"],"picked":"Singing Bowl","floor":13},{"not_picked":["Sword Boomerang","Shockwave"],"picked":"Clash","floor":14}],"player_experience":258418,"potions_floor_usage":[6,16],"damage_taken":[{"damage":7,"enemies":"Small Slimes","floor":1,"turns":3},{"damage":6,"enemies":"Jaw Worm","floor":4,"turns":4},{"damage":26,"enemies":"3 Sentries","floor":6,"turns":7},{"damage":16,"enemies":"Gremlin Nob","floor":13,"turns":3},{"damage":0,"enemies":"Cultist","floor":14,"turns":2},{"damage":65,"enemies":"The Guardian","floor":16,"turns":9}],"relics_obtained":[{"floor":6,"key":"Blood Vial"},{"floor":8,"key":"Juzu Bracelet"},{"floor":9,"key":"Singing Bowl"},{"floor":13,"key":"Whetstone"}],"event_choices":[{"event_name":"Big Fish","player_choice":"Donut","floor":3,"damage_taken":0},{"event_name":"Golden Wing","player_choice":"Card Removal","floor":5,"damage_taken":0},{"event_name":"Golden Idol","player_choice":"Lose Max HP","floor":12,"damage_taken":0}],"boss_relics":[],"items_purged_floors":[2,11],"potions_floor_spawned":[1,6],"seed_played":"-7129174572651527495","killed_by":"The Guardian","ascension_level":5,"potions_obtained":[{"floor":1,"key":"PowerPotion"},{"floor":6,"key":"SkillPotion"}],"is_trial":false}