{"path_per_floor":["M","M","?","M","$","R","M","E","T","M","R","M","?","$","R","B",null,"M","?","$","M","$"],"character_chosen":"THE_SILENT","items_purchased":["Backstab","Whetstone"],"gold_per_floor":[115,135,135,146,71,71,88,114,137,150,150,169,169,28,28,152,452,476,476,201,220,70,70],"floor_reached":23,"campfire_rested":0,"playtime":1506,"item_purchase_floors":[14,20],"current_hp_per_floor":[70,70,70,70,70,70,69,55,55,49,49,57,57,57,57,30,56,54,54,54,27,27,0],"items_purged":["Defend_G","Strike_G","Clumsy","Defend_G"],"gold":70,"score":239,"play_id":"c2b6cd9b-7d87-4933-b700-ccc5b1251299","local_time":"20180608184855","is_prod":false,"is_daily":false,"chose_seed":false,"is_ascension_mode":true,"campfire_upgraded":3,"win_rate":0,"timestamp":1528476535,"campfire_choices":[{"data":"Defend_G","floor":6,"key":"SMITH"},{"data":"Prepared","floor":11,"key":"SMITH"},{"data":"Deadly Poison","floor":15,"key":"SMITH"}],"path_taken":["M","M","?","M","?","R","M","E","T","?","R","M","?","?","R","BOSS","M","?","$","M","$","E"],"build_version":"2018-06-07","seed_source_timestamp":1975336158801281,"purchased_purges":4,"victory":false,"master_deck":["Defend_G","Defend_G","Defend_G+1","Strike_G","Strike_G+1","Strike_G","Strike_G+1","Survivor","Neutralize+1","Deadly Poison+1","Heel Hook","Acrobatics","Poisoned Stab","Prepared+1","Backstab","Tools of the Trade","Underhanded Strike"],"max_hp_per_floor":[70,70,70,70,70,70,70,70,70,70,70,70,65,65,65,65,65,65,65,65,65,65,65],"relics":["Ring of the Snake","Omamori","Ancient Tea Set","Golden Idol","Calling Bell","Vajra","Kunai","Old Coin","Whetstone"],"card_choices":[{"not_picked":["Sucker Punch","Footwork"],"picked":"Deadly Poison","floor":1},{"not_picked":["Dodge and Roll","Slice","Flying Knee"],"picked":"SKIP","floor":2},{"not_picked":["Dagger Spray","Quick Slash"],"picked":"Heel Hook","floor":4},{"not_picked":["Tactician","Outmaneuver"],"picked":"Acrobatics","floor":7},{"not_picked":["Outmaneuver","Dagger Spray"],"picked":"Poisoned Stab","floor":8},{"not_picked":["Quick Slash","Reflex"],"picked":"Prepared","floor":10},{"not_picked":["PiercingWail","Distraction","Quick Slash"],"picked":"SKIP","floor":12},{"not_picked":["Venomology","Unload"],"picked":"Tools of the Trade","floor":16},{"not_picked":["Quick Slash","Underhanded Strike","Poisoned Stab"],"picked":"SKIP","floor":18},{"not_picked":["Endless Agony+1","Flying Knee+1","Outmaneuver"],"picked":"SKIP","floor":21}],"player_experience":261399,"potions_floor_usage":[8,12,18,23],"damage_taken":[{"damage":0,"enemies":"Small Slimes","floor":1,"turns":3},{"damage":0,"enemies":"Cultist","floor":2,"turns":4},{"damage":0,"enemies":"Jaw Worm","floor":4,"turns":3},{"damage":1,"enemies":"Large Slime","floor":7,"turns":6},{"damage":26,"enemies":"Gremlin Nob","floor":8,"turns":5},{"damage":6,"enemies":"Red Slaver","floor":10,"turns":4},{"damage":6,"enemies":"3 Louse","floor":12,"turns":4},{"damage":27,"enemies":"The Guardian","floor":16,"turns":10},{"damage":17,"enemies":"3 Byrds","floor":18,"turns":6},{"damage":27,"enemies":"Spheric Guardian","floor":21,"turns":6},{"damage":37,"enemies":"Gremlin Leader","floor":23,"turns":4}],"relics_obtained":[{"floor":8,"key":"Omamori"},{"floor":9,"key":"Ancient Tea Set"},{"floor":17,"key":"Vajra"},{"floor":17,"key":"Kunai"},{"floor":17,"key":"Old Coin"}],"event_choices":[{"event_name":"Upgrade Shrine","player_choice":"Upgraded","floor":3,"damage_taken":0},{"event_name":"Golden Idol","player_choice":"Lose Max HP","floor":13,"damage_taken":0},{"event_name":"The Library","player_choice":"Read","floor":19,"damage_taken":0}],"boss_relics":[{"not_picked":["Velvet Choker","White Beast Statue"],"picked":"Calling Bell"}],"items_purged_floors":[5,14,20,22],"potions_floor_spawned":[1,8,10,16],"seed_played":"-2446622141037452170","killed_by":"Gremlin Leader","ascension_level":5,"potions_obtained":[{"floor":1,"key":"Regen Potion"},{"floor":8,"key":"Fire Potion"},{"floor":10,"key":"Regen Potion"},{"floor":16,"key":"Regen Potion"}],"is_trial":false}