{"gold_per_floor":[112,129,54,73,87,87,106,117,186,200,216,216,216,231,231,333,333,353,367,385,385],"floor_reached":21,"playtime":1330,"items_purged":["Strike_R"],"score":224,"play_id":"382be5a9-9110-4fca-89b9-20f409dfc468","local_time":"20181001203458","is_ascension_mode":true,"campfire_choices":[{"data":"Seeing Red","floor":6,"key":"SMITH"},{"data":"Wild Strike","floor":12,"key":"SMITH"},{"data":"Bash","floor":15,"key":"SMITH"}],"neow_cost":"NONE","seed_source_timestamp":251874526916468,"circlet_count":0,"master_deck":["Strike_R","Strike_R","Strike_R","Strike_R","Defend_R","Defend_R","Defend_R","Defend_R","Bash+1","Wild Strike+1","Shrug It Off","Seeing Red+1","Cleave","Shrug It Off","Rage+1","Armaments+1","Bloodletting+1","Barricade","Combust+1","Entrench+1"],"relics":["Burning Blood","Anchor","Toxic Egg 2","Meat on the Bone","White Beast Statue"],"potions_floor_usage":[11,16,16,18,19,20,21],"damage_taken":[{"damage":3,"enemies":"Small Slimes","floor":1,"turns":3},{"damage":1,"enemies":"Cultist","floor":2,"turns":3},{"damage":0,"enemies":"2 Louse","floor":4,"turns":2},{"damage":14,"enemies":"Lots of Slimes","floor":5,"turns":6},{"damage":4,"enemies":"Large Slime","floor":7,"turns":5},{"damage":5,"enemies":"2 Fungi Beasts","floor":8,"turns":3},{"damage":14,"enemies":"Exordium Thugs","floor":10,"turns":4},{"damage":1,"enemies":"Looter","floor":11,"turns":3},{"damage":2,"enemies":"2 Fungi Beasts","floor":14,"turns":3},{"damage":44,"enemies":"Hexaghost","floor":16,"turns":9},{"damage":0,"enemies":"3 Byrds","floor":18,"turns":3},{"damage":49,"enemies":"Shell Parasite","floor":19,"turns":9},{"damage":27,"enemies":"Snecko","floor":20,"turns":7},{"damage":41,"enemies":"Centurion and Healer","floor":21,"turns":10}],"seed_played":"5705774800918368523","potions_obtained":[{"floor":2,"key":"EssenceOfSteel"},{"floor":4,"key":"Block Potion"},{"floor":7,"key":"PowerPotion"},{"floor":14,"key":"SneckoOil"},{"floor":16,"key":"LiquidBronze"},{"floor":18,"key":"Block Potion"},{"floor":19,"key":"EssenceOfSteel"},{"floor":20,"key":"PowerPotion"}],"is_trial":false,"path_per_floor":["M","M","$","M","M","R","M","M","T","M","M","R","?","M","R","B",null,"M","M","M"],"character_chosen":"IRONCLAD","items_purchased":[],"campfire_rested":0,"item_purchase_floors":[],"current_hp_per_floor":[80,80,80,80,72,72,74,75,75,67,72,72,69,73,73,47,72,78,47,38,0],"gold":385,"neow_bonus":"RANDOM_COMMON_RELIC","is_prod":false,"is_daily":false,"chose_seed":false,"campfire_upgraded":3,"win_rate":0,"timestamp":1538440498,"path_taken":["M","M","$","M","M","R","M","M","T","M","M","R","?","M","R","BOSS","M","M","M","M"],"build_version":"2018-09-27","purchased_purges":1,"victory":false,"max_hp_per_floor":[80,80,80,80,80,80,80,80,80,80,80,80,80,80,80,80,80,80,80,80,80],"card_choices":[{"not_picked":["True Grit","Havoc"],"picked":"Wild Strike","floor":1},{"not_picked":["Iron Wave","Carnage"],"picked":"Shrug It Off","floor":2},{"not_picked":["Havoc","Sword Boomerang","Disarm"],"picked":"SKIP","floor":4},{"not_picked":["Thunderclap","Headbutt"],"picked":"Seeing Red","floor":5},{"not_picked":["Thunderclap","Sword Boomerang"],"picked":"Cleave","floor":7},{"not_picked":["Perfected Strike","Havoc"],"picked":"Shrug It Off","floor":8},{"not_picked":["Whirlwind","Hemokinesis"],"picked":"Rage+1","floor":10},{"not_picked":["Uppercut","Rage+1"],"picked":"Armaments+1","floor":11},{"not_picked":["Headbutt","Impervious+1"],"picked":"Bloodletting+1","floor":14},{"not_picked":["Dark Embrace","Fiend Fire"],"picked":"Barricade","floor":16},{"not_picked":["Havoc+1","Searing Blow"],"picked":"Combust+1","floor":18},{"not_picked":["Twin Strike","Thunderclap","Combust"],"picked":"SKIP","floor":19},{"not_picked":["Perfected Strike","Searing Blow"],"picked":"Entrench+1","floor":20}],"player_experience":1193874,"relics_obtained":[{"floor":9,"key":"Toxic Egg 2"}],"event_choices":[{"event_name":"Scrap Ooze","player_choice":"success","floor":13,"damage_taken":3}],"is_beta":false,"boss_relics":[{"not_picked":["Runic Pyramid","Philosopher\u0027s Stone"],"picked":"White Beast Statue"}],"items_purged_floors":[3],"is_endless":false,"potions_floor_spawned":[2,4,7,14,16,18,19,20],"killed_by":"Centurion and Healer","ascension_level":5}