{"gold_per_floor":[213,70,245,260,260,260,160,179,179,192,192,257,257,269,269,368,368,381,381,393,268,268,268],"floor_reached":23,"playtime":1365,"items_purged":["Strike_R","Strike_R","Strike_R"],"score":269,"play_id":"6dd2663a-d289-4eae-b296-eff39e1b3fa8","local_time":"20190113152512","is_ascension_mode":true,"campfire_choices":[{"data":"Bash","floor":6,"key":"SMITH"},{"floor":13,"key":"REST"},{"floor":15,"key":"REST"}],"neow_cost":"NONE","seed_source_timestamp":140190594826500,"circlet_count":0,"master_deck":["AscendersBane","Strike_R+1","Strike_R+1","Defend_R+1","Defend_R+1","Defend_R+1","Defend_R+1","Bash+1","Shrug It Off","Offering","Seeing Red","Fire Breathing+1","Demon Form","Bloodletting","Juggernaut","Armaments","Pommel Strike"],"relics":["Burning Blood","Centennial Puzzle","Blood Vial","Cursed Key"],"potions_floor_usage":[12,16,20,23],"damage_taken":[{"damage":10,"enemies":"Small Slimes","floor":1,"turns":3},{"damage":3,"enemies":"2 Louse","floor":4,"turns":3},{"damage":1,"enemies":"Cultist","floor":8,"turns":4},{"damage":7,"enemies":"Exordium Wildlife","floor":10,"turns":5},{"damage":48,"enemies":"Lagavulin Event","floor":12,"turns":7},{"damage":17,"enemies":"Blue Slaver","floor":14,"turns":4},{"damage":40,"enemies":"The Guardian","floor":16,"turns":11},{"damage":16,"enemies":"3 Byrds","floor":18,"turns":4},{"damage":19,"enemies":"2 Thieves","floor":20,"turns":4},{"damage":50,"enemies":"Slavers","floor":23,"turns":4}],"seed_played":"587930348324506042","potions_obtained":[{"floor":4,"key":"SpeedPotion"},{"floor":10,"key":"SpeedPotion"},{"floor":16,"key":"Fire Potion"},{"floor":20,"key":"SteroidPotion"}],"is_trial":false,"path_per_floor":["M","$","?","M","?","R","$","M","T","M","?","?","R","M","R","B",null,"M","?","M","$","?","E"],"character_chosen":"IRONCLAD","items_purchased":["Offering"],"campfire_rested":2,"item_purchase_floors":[2],"current_hp_per_floor":[68,68,68,71,71,71,71,76,76,75,59,17,41,32,56,24,66,58,58,47,47,47,0],"gold":268,"neow_bonus":"HUNDRED_GOLD","is_prod":false,"is_daily":false,"chose_seed":false,"campfire_upgraded":1,"win_rate":0,"timestamp":1547411112,"path_taken":["M","$","?","M","?","R","$","M","T","?","?","?","R","M","R","BOSS","M","?","M","$","?","E"],"build_version":"2019-01-10","purchased_purges":3,"victory":false,"max_hp_per_floor":[80,80,80,80,80,80,80,80,80,80,80,80,80,80,80,80,80,80,80,80,80,80,80],"card_choices":[{"not_picked":["Thunderclap","Clothesline"],"picked":"Shrug It Off","floor":1},{"not_picked":["Sword Boomerang","Iron Wave"],"picked":"Seeing Red","floor":4},{"not_picked":["Heavy Blade","Thunderclap","Iron Wave"],"picked":"SKIP","floor":8},{"not_picked":["Pummel","Metallicize"],"picked":"Fire Breathing","floor":10},{"not_picked":["Headbutt","Hemokinesis"],"picked":"Demon Form","floor":12},{"not_picked":["Blood for Blood","Anger"],"picked":"Bloodletting","floor":14},{"not_picked":["Dark Embrace","Exhume"],"picked":"Juggernaut","floor":16},{"not_picked":["Hemokinesis","Sword Boomerang"],"picked":"Armaments","floor":18},{"not_picked":["Seeing Red","Wild Strike"],"picked":"Pommel Strike","floor":20}],"player_experience":1746200,"relics_obtained":[{"floor":9,"key":"Centennial Puzzle"},{"floor":12,"key":"Blood Vial"}],"event_choices":[{"damage_healed":0,"gold_gain":175,"player_choice":"AGREE","damage_taken":0,"max_hp_gain":0,"max_hp_loss":0,"event_name":"Liars Game","floor":3,"gold_loss":0,"cards_obtained":["Doubt"]},{"cards_removed":["Doubt"],"damage_healed":0,"gold_gain":0,"player_choice":"Removed Curses","damage_taken":0,"max_hp_gain":0,"max_hp_loss":0,"event_name":"Fountain of Cleansing","floor":5,"gold_loss":0},{"damage_healed":0,"gold_gain":0,"player_choice":"Entered Light","damage_taken":16,"max_hp_gain":0,"max_hp_loss":0,"event_name":"Shining Light","floor":11,"gold_loss":0,"cards_upgraded":["Fire Breathing","Strike_R"]},{"damage_healed":0,"gold_gain":0,"player_choice":"Searched \u00271\u0027 times","damage_taken":0,"max_hp_gain":0,"max_hp_loss":0,"event_name":"Dead Adventurer","floor":12,"gold_loss":0},{"damage_healed":0,"gold_gain":0,"player_choice":"Ignored","damage_taken":0,"max_hp_gain":0,"max_hp_loss":0,"event_name":"Ghosts","floor":19,"gold_loss":0},{"damage_healed":0,"gold_gain":0,"player_choice":"Simplicity","damage_taken":0,"max_hp_gain":0,"max_hp_loss":0,"event_name":"Back to Basics","floor":22,"gold_loss":0,"cards_upgraded":["Strike_R","Defend_R","Defend_R","Defend_R","Defend_R"]}],"is_beta":false,"boss_relics":[{"not_picked":["Ectoplasm","White Beast Statue"],"picked":"Cursed Key"}],"items_purged_floors":[2,7,21],"is_endless":false,"potions_floor_spawned":[4,10,16,20],"killed_by":"Slavers","ascension_level":10}