{"gold_per_floor":[117,67,67,67,67,100,100,133,160,191,212,236,37,67,67,193,193,217,217,217,232,232,232,263,263,339,352,365,403,403],"floor_reached":30,"playtime":4993,"items_purged":["Strike_G"],"score":298,"play_id":"72209864-d7ca-44d2-80ba-24653e5329ca","local_time":"20181226142702","is_ascension_mode":true,"campfire_choices":[{"floor":7,"key":"REST"},{"floor":15,"key":"REST"},{"data":"Envenom","floor":23,"key":"SMITH"},{"floor":25,"key":"REST"}],"neow_cost":"NONE","seed_source_timestamp":13320073731969,"circlet_count":0,"master_deck":["Defend_G","Defend_G","Defend_G","Defend_G","Defend_G","Strike_G","Strike_G","Survivor","Neutralize","Infinite Blades","Quick Slash","Flying Knee","Escape Plan","Slice","Slice","Infinite Blades","Blade Dance","Backflip","Envenom+1","Quick Slash","Terror","Dodge and Roll","Slice","Cloak And Dagger"],"relics":["Ring of the Snake","Golden Idol","Ice Cream","Kunai","Letter Opener","Orichalcum","Oddly Smooth Stone","Odd Mushroom","CultistMask","Happy Flower","Shuriken","FossilizedHelix"],"potions_floor_usage":[6,8,10,18,24,24,29,30],"damage_taken":[{"damage":0,"enemies":"2 Louse","floor":1,"turns":4},{"damage":10,"enemies":"Gremlin Nob","floor":6,"turns":4},{"damage":11,"enemies":"Lagavulin","floor":8,"turns":5},{"damage":12,"enemies":"Gremlin Nob","floor":10,"turns":5},{"damage":1,"enemies":"Small Slimes","floor":11,"turns":3},{"damage":0,"enemies":"Jaw Worm","floor":12,"turns":3},{"damage":7,"enemies":"The Mushroom Lair","floor":14,"turns":4},{"damage":26,"enemies":"The Guardian","floor":16,"turns":12},{"damage":23,"enemies":"2 Thieves","floor":18,"turns":5},{"damage":8,"enemies":"3 Byrds","floor":21,"turns":5},{"damage":32,"enemies":"Slavers","floor":24,"turns":6},{"damage":1,"enemies":"3 Cultists","floor":27,"turns":5},{"damage":9,"enemies":"Centurion and Healer","floor":28,"turns":5},{"damage":7,"enemies":"Book of Stabbing","floor":29,"turns":5},{"damage":4,"enemies":"Shelled Parasite and Fungi","floor":30,"turns":3}],"seed_played":"2591393037919972713","potions_obtained":[{"floor":0,"key":"SmokeBomb"},{"floor":0,"key":"Strength Potion"},{"floor":0,"key":"Strength Potion"},{"floor":6,"key":"GamblersBrew"},{"floor":10,"key":"GhostInAJar"},{"floor":14,"key":"LiquidBronze"},{"floor":16,"key":"Swift Potion"},{"floor":27,"key":"Energy Potion"},{"floor":29,"key":"Explosive Potion"}],"is_trial":false,"path_per_floor":["M","?","?","?","?","E","R","E","T","E","M","M","$","?","R","B",null,"M","?","?","M","?","R","E","R","T","M","M","E","M"],"character_chosen":"THE_SILENT","items_purchased":["Infinite Blades","Blade Dance"],"campfire_rested":3,"item_purchase_floors":[13,13],"current_hp_per_floor":[70,70,70,65,40,30,49,38,38,26,25,25,25,18,37,11,65,42,42,42,34,34,34,2,21,21,20,11,4,0],"gold":403,"neow_bonus":"THREE_SMALL_POTIONS","is_prod":false,"is_daily":false,"chose_seed":false,"campfire_upgraded":1,"win_rate":0,"timestamp":1545856022,"path_taken":["M","?","?","?","?","E","R","E","T","E","M","?","$","?","R","BOSS","M","?","?","?","?","R","E","R","T","M","?","E","M"],"build_version":"2018-12-20","purchased_purges":1,"victory":false,"max_hp_per_floor":[70,70,70,65,65,65,65,65,65,65,65,65,65,65,65,65,65,65,65,65,65,65,65,65,65,65,65,65,65,65],"card_choices":[{"not_picked":["Dagger Throw","Tactician"],"picked":"Infinite Blades","floor":1},{"not_picked":["Bouncing Flask","Leg Sweep"],"picked":"Quick Slash","floor":6},{"not_picked":["Heel Hook","Outmaneuver"],"picked":"Flying Knee","floor":8},{"not_picked":["Leg Sweep","Accuracy"],"picked":"Escape Plan","floor":10},{"not_picked":["Skewer","Concentrate"],"picked":"Slice","floor":11},{"not_picked":["Flying Knee","Bouncing Flask"],"picked":"Slice","floor":12},{"not_picked":["Sucker Punch","Slice"],"picked":"Backflip","floor":14},{"not_picked":["Corpse Explosion","Burst"],"picked":"Envenom","floor":16},{"not_picked":["Flying Knee","Acrobatics"],"picked":"Quick Slash","floor":18},{"not_picked":["Dagger Spray","PiercingWail","Crippling Poison"],"picked":"SKIP","floor":21},{"not_picked":["Predator+1","Skewer"],"picked":"Dodge and Roll","floor":24},{"not_picked":["Concentrate+1","Deadly Poison"],"picked":"Slice","floor":27},{"not_picked":["Bane","Dagger Throw"],"picked":"Cloak And Dagger","floor":28},{"not_picked":["Bouncing Flask+1","Bane","Doppelganger"],"picked":"SKIP","floor":29}],"player_experience":312847,"relics_obtained":[{"floor":6,"key":"Kunai"},{"floor":8,"key":"Letter Opener"},{"floor":9,"key":"Orichalcum"},{"floor":10,"key":"Oddly Smooth Stone"},{"floor":14,"key":"Odd Mushroom"},{"floor":24,"key":"Happy Flower"},{"floor":26,"key":"Shuriken"},{"floor":29,"key":"FossilizedHelix"}],"event_choices":[{"cards_removed":["Strike_G"],"damage_healed":0,"gold_gain":0,"player_choice":"Card Removal","damage_taken":0,"max_hp_gain":0,"max_hp_loss":0,"event_name":"The Cleric","floor":2,"gold_loss":50},{"damage_healed":0,"gold_gain":0,"player_choice":"Ignored","damage_taken":0,"max_hp_gain":0,"max_hp_loss":0,"event_name":"Liars Game","floor":3,"gold_loss":0},{"damage_healed":0,"gold_gain":0,"player_choice":"Lose Max HP","damage_taken":0,"relics_obtained":["Golden Idol"],"max_hp_gain":0,"max_hp_loss":5,"event_name":"Golden Idol","floor":4,"gold_loss":0},{"damage_healed":0,"gold_gain":0,"player_choice":"Success","damage_taken":25,"relics_obtained":["Ice Cream"],"max_hp_gain":0,"max_hp_loss":0,"event_name":"Scrap Ooze","floor":5,"gold_loss":0},{"damage_healed":0,"gold_gain":0,"player_choice":"Fought Mushrooms","damage_taken":0,"max_hp_gain":0,"max_hp_loss":0,"event_name":"Mushrooms","floor":14,"gold_loss":0},{"damage_healed":0,"gold_gain":0,"player_choice":"Ignored","damage_taken":0,"max_hp_gain":0,"max_hp_loss":0,"event_name":"Vampires","floor":19,"gold_loss":0},{"damage_healed":0,"gold_gain":0,"cards_transformed":["Strike_G"],"player_choice":"Transformed","damage_taken":0,"max_hp_gain":0,"max_hp_loss":0,"event_name":"Transmorgrifier","floor":20,"gold_loss":0,"cards_obtained":["Terror"]},{"damage_healed":0,"gold_gain":0,"player_choice":"Trade","damage_taken":0,"relics_obtained":["CultistMask"],"max_hp_gain":0,"max_hp_loss":0,"event_name":"FaceTrader","floor":22,"gold_loss":0}],"is_beta":false,"boss_relics":[{"not_picked":["Snecko Eye","HoveringKite","Philosopher\u0027s Stone"]}],"items_purged_floors":[13],"is_endless":false,"potions_floor_spawned":[6,10,14,16,27,29],"killed_by":"Shelled Parasite and Fungi","ascension_level":1}