{"gold_per_floor":[117,117,117,192,192,192,212,227,227,253,12,30,30,50,50,147,147,159,159,143,160,170,170,202,202,202,41,41,52,52,62,62,166,166,179,195,206,224,272,272,302,302,327,191,191,191,191,223,223,223],"floor_reached":50,"playtime":7902,"items_purged":["Normality","Injury"],"score":674,"play_id":"f4bd6835-28f3-4e84-80d5-0f5a8a573e13","local_time":"20190206030051","is_ascension_mode":true,"campfire_choices":[{"data":"Deadly Poison","floor":6.0,"key":"SMITH"},{"floor":13.0,"key":"REST"},{"data":"Apotheosis","floor":15.0,"key":"SMITH"},{"data":"Envenom","floor":23,"key":"SMITH"},{"floor":25,"key":"REST"},{"floor":32,"key":"REST"},{"floor":40,"key":"REST"},{"floor":42,"key":"REST"},{"floor":49,"key":"REST"}],"neow_cost":"NONE","seed_source_timestamp":0,"circlet_count":0,"master_deck":["Defend_G+1","Defend_G+1","Defend_G+1","Defend_G+1","Defend_G+1","Strike_G+1","Strike_G+1","Strike_G+1","Strike_G+1","Strike_G+1","Survivor","Neutralize+1","Blur","Terror","PiercingWail","Apotheosis+1","Caltrops","Backstab","Backflip","Envenom+1","Noxious Fumes","Well Laid Plans","Acrobatics+1","Dagger Spray+1","Endless Agony","Bandage Up","PiercingWail","Bullet Time","Bane","Deflect+1","Dodge and Roll+1","Clumsy","Tools of the Trade","Catalyst","Madness","Madness","Envenom"],"special_seed":0,"relics":["Ring of the Snake","Pear","Shuriken","Snake Skull","Cursed Key","Vajra","Dodecahedron","Happy Flower","White Beast Statue","Regal Pillow","Strawberry","Ancient Tea Set","Lantern"],"potions_floor_usage":[21,33,41,41,41,41,50,50,50],"damage_taken":[{"damage":5.0,"enemies":"2 Louse","floor":1.0,"turns":3.0},{"damage":0.0,"enemies":"Small Slimes","floor":7.0,"turns":4.0},{"damage":0.0,"enemies":"Jaw Worm","floor":8.0,"turns":3.0},{"damage":21.0,"enemies":"Gremlin Nob","floor":10.0,"turns":4.0},{"damage":1.0,"enemies":"3 Louse","floor":12.0,"turns":3.0},{"damage":4.0,"enemies":"Red Slaver","floor":14.0,"turns":4.0},{"damage":43,"enemies":"Slime Boss","floor":16,"turns":13},{"damage":8,"enemies":"Spheric Guardian","floor":18,"turns":4},{"damage":12,"enemies":"2 Thieves","floor":20,"turns":4},{"damage":1,"enemies":"Snecko","floor":21,"turns":4},{"damage":1,"enemies":"Centurion and Healer","floor":22,"turns":6},{"damage":18,"enemies":"Book of Stabbing","floor":24,"turns":4},{"damage":30,"enemies":"Snake Plant","floor":29,"turns":4},{"damage":3,"enemies":"Sentry and Sphere","floor":31,"turns":5},{"damage":13,"enemies":"Champ","floor":33,"turns":9},{"damage":51,"enemies":"3 Darklings","floor":35,"turns":5},{"damage":0,"enemies":"3 Shapes","floor":36,"turns":7},{"damage":21,"enemies":"Spire Growth","floor":37,"turns":6},{"damage":14,"enemies":"Jaw Worm Horde","floor":38,"turns":3},{"damage":34,"enemies":"Reptomancer","floor":41,"turns":6},{"damage":51,"enemies":"Nemesis","floor":48,"turns":9},{"damage":75,"enemies":"Time Eater","floor":50,"turns":7}],"seed_played":"4650806553819383400","potions_obtained":[{"floor":10.0,"key":"GamblersBrew"},{"floor":16,"key":"Explosive Potion"},{"floor":21,"key":"Poison Potion"},{"floor":22,"key":"EntropicBrew"},{"floor":35,"key":"Weak Potion"},{"floor":36,"key":"SneckoOil"},{"floor":37,"key":"Weak Potion"},{"floor":41,"key":"AttackPotion"},{"floor":48,"key":"GhostInAJar"}],"is_trial":false,"path_per_floor":["M","?","?","?","?","R","M","M","T","E","$","M","R","M","R","B",null,"M","?","M","M","M","R","E","R","T","$","?","M","$","M","R","B",null,"M","M","M","M","T","R","E","R","T","$","?","?","?","E","R","B"],"character_chosen":"THE_SILENT","items_purchased":["Apotheosis","Caltrops","Bandage Up","Catalyst"],"campfire_rested":6,"item_purchase_floors":[11,11,27,44],"current_hp_per_floor":[72,72,57,46,49,49,49,49,49,28,28,27,53,49,49,6,87,79,79,67,66,65,65,47,73,73,73,73,47,47,50,76,69,87,36,42,27,13,13,54,33,76,76,76,76,76,64,17,60,0],"gold":223,"neow_bonus":"TEN_PERCENT_HP_BONUS","is_prod":false,"is_daily":false,"chose_seed":false,"campfire_upgraded":3,"win_rate":0,"timestamp":1549440051,"path_taken":["M","?","?","?","?","R","M","M","T","E","$","M","R","M","R","BOSS","M","?","M","M","M","R","E","R","T","$","?","?","?","M","R","BOSS","M","M","M","M","?","R","E","R","T","$","?","?","?","E","R","BOSS"],"build_version":"2019-01-23","purchased_purges":2,"victory":false,"max_hp_per_floor":[77,77,77,77,87,87,87,87,87,87,87,87,87,87,87,87,87,87,87,87,87,87,87,87,87,87,87,87,87,87,87,87,87,87,87,87,87,87,87,87,94,94,94,94,94,94,94,94,94,94],"card_choices":[{"not_picked":["Outmaneuver","Underhanded Strike"],"picked":"Deadly Poison","floor":1.0},{"not_picked":["Dagger Throw","Dash"],"picked":"Blur","floor":7.0},{"not_picked":["Bane","Heel Hook"],"picked":"Terror","floor":8.0},{"not_picked":["Leg Sweep","Underhanded Strike"],"picked":"PiercingWail","floor":10.0},{"not_picked":["All Out Attack","Blade Dance"],"picked":"Backstab","floor":12.0},{"not_picked":["Eviscerate","Infinite Blades"],"picked":"Backflip","floor":14.0},{"not_picked":["A Thousand Cuts","Unload"],"picked":"Envenom","floor":16},{"not_picked":["Bane","Sucker Punch"],"picked":"Noxious Fumes","floor":18},{"not_picked":["Backflip+1","Underhanded Strike"],"picked":"Well Laid Plans","floor":20},{"not_picked":["Dodge and Roll","Well Laid Plans"],"picked":"Acrobatics+1","floor":21},{"not_picked":["Backflip","Bane+1"],"picked":"Dagger Spray+1","floor":22},{"not_picked":["Escape Plan","Dash"],"picked":"Endless Agony","floor":24},{"not_picked":["Underhanded Strike+1","Slice+1"],"picked":"PiercingWail","floor":29},{"not_picked":["Setup","Eviscerate","Calculated Gamble"],"picked":"SKIP","floor":31},{"not_picked":["Storm of Steel","Wraith Form v2"],"picked":"Bullet Time","floor":33},{"not_picked":["Calculated Gamble+1","Slice"],"picked":"Bane","floor":35},{"not_picked":["Cloak And Dagger+1","Concentrate"],"picked":"Deflect+1","floor":36},{"not_picked":["Predator+1","Underhanded Strike","Sucker Punch+1"],"picked":"SKIP","floor":37},{"not_picked":["Prepared","Accuracy"],"picked":"Dodge and Roll+1","floor":38},{"not_picked":["Blade Dance","Poisoned Stab+1"],"picked":"Tools of the Trade","floor":41},{"not_picked":["Flying Knee+1","Sucker Punch+1"],"picked":"Envenom","floor":48}],"player_experience":2098741,"relics_obtained":[{"floor":9.0,"key":"Shuriken"},{"floor":10.0,"key":"Snake Skull"},{"floor":24,"key":"Vajra"},{"floor":26,"key":"Dodecahedron"},{"floor":39,"key":"Regal Pillow"},{"floor":41,"key":"Strawberry"},{"floor":43,"key":"Ancient Tea Set"},{"floor":48,"key":"Lantern"}],"event_choices":[{"damage_healed":0.0,"max_hp_gain":0.0,"max_hp_loss":0.0,"gold_gain":0.0,"event_name":"Golden Idol","player_choice":"Ignored","floor":2.0,"gold_loss":0.0,"damage_taken":0.0},{"damage_healed":0.0,"max_hp_gain":0.0,"max_hp_loss":0.0,"gold_gain":0.0,"event_name":"Shining Light","player_choice":"Entered Light","floor":3.0,"gold_loss":0.0,"damage_taken":15.0,"cards_upgraded":["Neutralize","Strike_G"]},{"damage_healed":0.0,"max_hp_gain":0.0,"max_hp_loss":0.0,"gold_gain":75.0,"event_name":"World of Goop","player_choice":"Gather Gold","floor":4.0,"gold_loss":0.0,"damage_taken":11.0},{"damage_healed":0.0,"max_hp_gain":0.0,"max_hp_loss":0.0,"gold_gain":0.0,"event_name":"Scrap Ooze","player_choice":"Success","floor":5.0,"gold_loss":0.0,"damage_taken":7.0,"relics_obtained":["Pear"]},{"damage_healed":0,"gold_gain":0,"player_choice":"Simplicity","damage_taken":0,"max_hp_gain":0,"max_hp_loss":0,"event_name":"Back to Basics","floor":19,"gold_loss":0,"cards_upgraded":["Defend_G","Defend_G","Defend_G","Defend_G","Defend_G","Strike_G","Strike_G","Strike_G","Strike_G"]},{"damage_healed":0,"gold_gain":0,"player_choice":"Gave Potion","damage_taken":0,"relics_obtained":["Happy Flower"],"max_hp_gain":0,"max_hp_loss":0,"event_name":"WeMeetAgain","floor":28,"gold_loss":0},{"damage_healed":0,"gold_gain":0,"player_choice":"Ignored","damage_taken":0,"max_hp_gain":0,"max_hp_loss":0,"event_name":"Tomb of Lord Red Mask","floor":45,"gold_loss":0},{"cards_removed":["Deadly Poison"],"damage_healed":0,"gold_gain":0,"player_choice":"Removed Skill","damage_taken":0,"max_hp_gain":0,"max_hp_loss":0,"event_name":"Falling","floor":46,"gold_loss":0},{"damage_healed":0,"gold_gain":0,"player_choice":"Embrace Madness","damage_taken":12,"max_hp_gain":0,"max_hp_loss":0,"event_name":"Winding Halls","floor":47,"gold_loss":0,"cards_obtained":["Madness","Madness"]}],"is_beta":false,"boss_relics":[{"not_picked":["Astrolabe","Empty Cage"],"picked":"Cursed Key"},{"not_picked":["Pandora\u0027s Box","Runic Dome"],"picked":"White Beast Statue"}],"items_purged_floors":[27,44],"is_endless":false,"potions_floor_spawned":[10,16,21,22,35,36,37,38,41,48],"killed_by":"Time Eater","ascension_level":4}