{"gold_per_floor":[115,36,46,46,46,71,71,71,98,98,118,137,237,275,275,395,458,478,517,111,111,111,111,136,148,185,223,254,276,307,352,364,479,491,517,547,781,793,805,851,863,910,948,960,995,1025,1071,1083,1095,1107],"floor_reached":51,"playtime":4569,"items_purged":["Writhe"],"score":886,"play_id":"9f4a5b44-fb9b-44a2-a35d-6c7333dfd6d7","local_time":"20181106211834","is_ascension_mode":true,"campfire_choices":[{"data":"Dropkick","floor":7.0,"key":"SMITH"},{"data":"Bash","floor":10.0,"key":"SMITH"},{"data":"Rage","floor":15.0,"key":"SMITH"},{"data":"Brutality","floor":23.0,"key":"SMITH"},{"floor":25.0,"key":"REST"},{"data":"Rupture","floor":32,"key":"SMITH"},{"data":"Double Tap","floor":41,"key":"SMITH"},{"data":"Flex","floor":44,"key":"SMITH"},{"data":"Metamorphosis","floor":49,"key":"SMITH"}],"neow_cost":"CURSE","seed_source_timestamp":0,"circlet_count":0,"master_deck":["Strike_R+1","Strike_R+1","Strike_R+1","Strike_R+1","Strike_R+1","Defend_R+1","Defend_R+1","Defend_R+1","Defend_R+1","Bash+1","Brutality+1","Dropkick+1","Dropkick+1","Flex+1","Rage+1","Feed+1","Thunderclap","Shockwave+1","Rupture+1","Rupture+1","Double Tap+1","Reaper","Perfected Strike+1","Twin Strike+1","Twin Strike","Metamorphosis+1","Good Instincts","Anger+1","Perfected Strike+1","Anger+1"],"special_seed":0,"relics":["Burning Blood","Juzu Bracelet","Bloody Idol","Blood Vial","Nunchaku","Tiny House","Red Mask","Regal Pillow","MawBank","Strawberry","Centennial Puzzle","Mercury Hourglass","Orrery","Potion Belt","Whetstone","Bag of Preparation","Orichalcum","Bronze Scales"],"potions_floor_usage":[30,33,40,50],"damage_taken":[{"damage":18.0,"enemies":"Jaw Worm","floor":1.0,"turns":5.0},{"damage":8.0,"enemies":"Small Slimes","floor":3.0,"turns":3.0},{"damage":26.0,"enemies":"Lagavulin","floor":6.0,"turns":6.0},{"damage":8.0,"enemies":"2 Louse","floor":11.0,"turns":3.0},{"damage":5.0,"enemies":"2 Fungi Beasts","floor":12.0,"turns":4.0},{"damage":4.0,"enemies":"Gremlin Nob","floor":14.0,"turns":3.0},{"damage":40.0,"enemies":"The Guardian","floor":16.0,"turns":10.0},{"damage":2.0,"enemies":"3 Byrds","floor":18.0,"turns":6.0},{"damage":44.0,"enemies":"Masked Bandits","floor":19.0,"turns":5.0},{"damage":35.0,"enemies":"Slavers","floor":24.0,"turns":5.0},{"damage":4.0,"enemies":"Gremlin Leader","floor":27.0,"turns":5.0},{"damage":26,"enemies":"2 Thieves","floor":28,"turns":3},{"damage":18,"enemies":"Snecko","floor":29,"turns":5},{"damage":13,"enemies":"3 Cultists","floor":30,"turns":5},{"damage":25,"enemies":"Slavers","floor":31,"turns":6},{"damage":80,"enemies":"Collector","floor":33,"turns":9},{"damage":25,"enemies":"3 Shapes","floor":35,"turns":4},{"damage":29,"enemies":"3 Darklings","floor":36,"turns":4},{"damage":39,"enemies":"Nemesis","floor":40,"turns":6},{"damage":40,"enemies":"Reptomancer","floor":42,"turns":6},{"damage":4,"enemies":"Maw","floor":46,"turns":5},{"damage":74,"enemies":"Giant Head","floor":47,"turns":8},{"damage":47,"enemies":"Donu and Deca","floor":50,"turns":6}],"seed_played":"-4314247664791483420","potions_obtained":[{"floor":11.0,"key":"Fruit Juice"},{"floor":12.0,"key":"PowerPotion"},{"floor":14.0,"key":"Fire Potion"},{"floor":16.0,"key":"FairyPotion"},{"floor":17.0,"key":"Strength Potion"},{"floor":18.0,"key":"SpeedPotion"},{"floor":24.0,"key":"Swift Potion"},{"floor":27.0,"key":"Swift Potion"},{"floor":29,"key":"Block Potion"},{"floor":31,"key":"Dexterity Potion"},{"floor":36,"key":"Weak Potion"},{"floor":42,"key":"LiquidBronze"}],"is_trial":false,"path_per_floor":["M","$","M","?","?","E","R","?","T","R","M","M","?","E","R","B",null,"M","?","$","?","?","R","E","R","T","E","M","M","M","E","R","B",null,"M","M","?","?","?","E","R","E","T","R","T","M","E","?","R","B",null],"character_chosen":"IRONCLAD","items_purchased":["Dropkick","Apotheosis","Regal Pillow"],"campfire_rested":1,"item_purchase_floors":[2,20,20],"current_hp_per_floor":[68,68,66,50,50,30,30,30,30,30,35,38,38,42,42,10,84,84,49,49,49,49,49,30,77,94,100,94,94,102,96,101,39,110,100,102,112,114,114,86,91,89,99,104,114,114,59,64,69,39],"gold":1119,"neow_bonus":"THREE_RARE_CARDS","is_prod":false,"is_daily":false,"chose_seed":false,"campfire_upgraded":8,"win_rate":0,"timestamp":1541567914,"path_taken":["M","$","M","?","?","E","R","?","T","R","M","M","?","E","R","BOSS","M","?","$","?","?","R","E","R","T","E","M","M","M","E","R","BOSS","M","M","?","?","?","E","R","E","T","R","?","M","E","?","R","BOSS"],"build_version":"2018-11-01","purchased_purges":1,"victory":true,"max_hp_per_floor":[80,80,80,80,80,80,80,74,74,74,79,79,79,79,79,79,84,84,87,87,87,87,87,90,90,97,100,104,104,107,110,110,110,110,114,114,114,114,114,114,114,114,114,114,114,114,114,114,114,118],"card_choices":[{"not_picked":["Immolate","Limit Break"],"picked":"Brutality","floor":0.0},{"not_picked":["Clothesline","Perfected Strike"],"picked":"Dropkick","floor":1.0},{"not_picked":["Clash","Warcry","Power Through"],"picked":"SKIP","floor":3.0},{"not_picked":["Sever Soul","Iron Wave","Second Wind"],"picked":"SKIP","floor":6.0},{"not_picked":["Ghostly Armor","Warcry"],"picked":"Flex","floor":11.0},{"not_picked":["Flex","Heavy Blade","Sword Boomerang"],"picked":"SKIP","floor":12.0},{"not_picked":["Burning Pact","Perfected Strike"],"picked":"Rage","floor":14.0},{"not_picked":["Bludgeon","Brutality"],"picked":"Feed","floor":16.0},{"not_picked":["Seeing Red","Body Slam"],"picked":"Thunderclap","floor":17.0},{"not_picked":["Flex","Iron Wave+1"],"picked":"Shockwave+1","floor":18.0},{"not_picked":["Evolve","Combust"],"picked":"Rupture+1","floor":19.0},{"not_picked":["Berserk","Headbutt","Hemokinesis"],"picked":"SKIP","floor":24.0},{"not_picked":["Wild Strike+1","Sword Boomerang"],"picked":"Rupture","floor":27.0},{"not_picked":["Flame Barrier","Anger","True Grit"],"picked":"SKIP","floor":28},{"not_picked":["Ghostly Armor","Cleave+1"],"picked":"Double Tap","floor":29},{"not_picked":["Clothesline","Iron Wave","Twin Strike"],"picked":"SKIP","floor":30},{"not_picked":["Infernal Blade","Dual Wield","Uppercut"],"picked":"SKIP","floor":31},{"not_picked":["Berserk","Brutality"],"picked":"Reaper","floor":33},{"not_picked":["Sever Soul","Sentinel"],"picked":"Perfected Strike","floor":34},{"not_picked":["Iron Wave","Carnage"],"picked":"Twin Strike","floor":34},{"not_picked":["Pommel Strike","True Grit"],"picked":"Twin Strike","floor":34},{"not_picked":["True Grit","Battle Trance+1","Power Through"],"picked":"SKIP","floor":35},{"not_picked":["Metallicize+1","Armaments+1","Flex"],"picked":"SKIP","floor":36},{"not_picked":["Reckless Charge+1","Inflame+1"],"picked":"Anger+1","floor":40},{"not_picked":["Seeing Red","Rupture"],"picked":"Perfected Strike+1","floor":42},{"not_picked":["Clothesline","Infernal Blade+1"],"picked":"Anger+1","floor":46},{"not_picked":["Sentinel","Entrench","Perfected Strike"],"picked":"SKIP","floor":47}],"player_experience":548773,"relics_obtained":[{"floor":6.0,"key":"Juzu Bracelet"},{"floor":9.0,"key":"Blood Vial"},{"floor":14.0,"key":"Nunchaku"},{"floor":19.0,"key":"Red Mask"},{"floor":24.0,"key":"MawBank"},{"floor":26.0,"key":"Strawberry"},{"floor":27.0,"key":"Centennial Puzzle"},{"floor":31,"key":"Mercury Hourglass"},{"floor":40,"key":"Potion Belt"},{"floor":42,"key":"Whetstone"},{"floor":43,"key":"Bag of Preparation"},{"floor":45,"key":"Orichalcum"},{"floor":47,"key":"Bronze Scales"}],"event_choices":[{"damage_healed":0.0,"max_hp_gain":0.0,"max_hp_loss":0.0,"gold_gain":0.0,"event_name":"Shining Light","player_choice":"Entered Light","floor":4.0,"gold_loss":0.0,"damage_taken":16.0,"cards_upgraded":["Dropkick","Defend_R"]},{"damage_healed":0.0,"max_hp_gain":0.0,"max_hp_loss":0.0,"gold_gain":0.0,"event_name":"Liars Game","player_choice":"Ignored","floor":5.0,"gold_loss":0.0,"damage_taken":0.0},{"damage_healed":0.0,"max_hp_gain":0.0,"max_hp_loss":6.0,"gold_gain":0.0,"event_name":"Golden Idol","player_choice":"Lose Max HP","floor":8.0,"gold_loss":0.0,"damage_taken":0.0,"relics_obtained":["Golden Idol"]},{"damage_healed":0.0,"max_hp_gain":0.0,"max_hp_loss":0.0,"gold_gain":100.0,"event_name":"Golden Shrine","player_choice":"Pray","floor":13.0,"gold_loss":0.0,"damage_taken":0.0},{"damage_healed":0.0,"max_hp_gain":0.0,"max_hp_loss":0.0,"gold_gain":0.0,"event_name":"Masked Bandits","player_choice":"Fought Bandits","floor":19.0,"gold_loss":0.0,"damage_taken":0.0},{"damage_healed":0.0,"max_hp_gain":0.0,"max_hp_loss":0.0,"gold_gain":0.0,"event_name":"Back to Basics","player_choice":"Simplicity","floor":21.0,"gold_loss":0.0,"damage_taken":0.0,"cards_upgraded":["Strike_R","Strike_R","Strike_R","Strike_R","Defend_R","Defend_R","Defend_R"]},{"damage_healed":0.0,"max_hp_gain":0.0,"max_hp_loss":0.0,"gold_gain":0.0,"event_name":"Forgotten Altar","player_choice":"Gave Idol","floor":22.0,"relics_lost":["Golden Idol"],"gold_loss":0.0,"damage_taken":0.0,"relics_obtained":["Bloody Idol"]},{"damage_healed":0,"gold_gain":222,"player_choice":"Wore Mask","damage_taken":0,"max_hp_gain":0,"max_hp_loss":0,"event_name":"Tomb of Lord Red Mask","floor":37,"gold_loss":0},{"damage_healed":0,"gold_gain":0,"cards_transformed":["Apotheosis"],"player_choice":"Transformed","damage_taken":0,"max_hp_gain":0,"max_hp_loss":0,"event_name":"Transmorgrifier","floor":38,"gold_loss":0,"cards_obtained":["Metamorphosis"]},{"damage_healed":0,"gold_gain":0,"player_choice":"1 cards matched","damage_taken":0,"max_hp_gain":0,"max_hp_loss":0,"event_name":"Match and Keep!","floor":39,"gold_loss":0,"cards_obtained":["Good Instincts"]},{"damage_healed":0,"gold_gain":0,"player_choice":"Forge","damage_taken":0,"max_hp_gain":0,"max_hp_loss":0,"event_name":"Accursed Blacksmith","floor":48,"gold_loss":0,"cards_upgraded":["Perfected Strike"]}],"is_beta":false,"boss_relics":[{"not_picked":["Coffee Dripper","Snecko Eye"],"picked":"Tiny House"},{"not_picked":["Fusion Hammer","Velvet Choker"],"picked":"Orrery"}],"items_purged_floors":[20],"is_endless":false,"potions_floor_spawned":[11,12,14,16,18,24,27,29,31,36,42],"ascension_level":1}