{"gold_per_floor":[110,110,285,301,32,32,43,70,118,118],"floor_reached":10,"playtime":351,"items_purged":["Doubt"],"score":112,"play_id":"acf1c9d1-847f-4171-b650-65aaf1dcbc69","local_time":"20190413222639","is_ascension_mode":true,"campfire_choices":[{"data":"Double Energy","floor":6.0,"key":"SMITH"}],"neow_cost":"NONE","seed_source_timestamp":0,"circlet_count":0,"master_deck":["AscendersBane","Strike_B","Strike_B","Strike_B+1","Strike_B","Defend_B","Defend_B","Defend_B","Defend_B","Zap","Dualcast+1","Capacitor","Double Energy+1","Conserve Battery","Hologram"],"special_seed":0,"relics":["Cracked Core","Medical Kit","Art of War","Pen Nib"],"potions_floor_usage":[10,10],"damage_taken":[{"damage":0.0,"enemies":"2 Louse","floor":1.0,"turns":2.0},{"damage":6.0,"enemies":"Cultist","floor":4.0,"turns":4.0},{"damage":2.0,"enemies":"Jaw Worm","floor":7.0,"turns":4.0},{"damage":42.0,"enemies":"Gremlin Nob","floor":8.0,"turns":5.0},{"damage":16,"enemies":"Exordium Wildlife","floor":10,"turns":4}],"seed_played":"-5534246474207600797","potions_obtained":[{"floor":7.0,"key":"GamblersBrew"},{"floor":8.0,"key":"Dexterity Potion"}],"is_trial":false,"path_per_floor":["M","?","?","M","$","R","M","E","T","M"],"character_chosen":"DEFECT","items_purchased":["Medical Kit"],"campfire_rested":0,"item_purchase_floors":[5],"current_hp_per_floor":[71,55,55,49,49,49,47,5,5,0],"gold":118,"neow_bonus":"TEN_PERCENT_HP_BONUS","is_prod":false,"is_daily":false,"chose_seed":false,"campfire_upgraded":1,"win_rate":0,"timestamp":1555208799,"path_taken":["M","?","?","M","$","R","M","E","T","M"],"build_version":"2019-01-23","purchased_purges":1,"victory":false,"max_hp_per_floor":[78,78,78,78,78,78,78,78,78,78],"card_choices":[{"not_picked":["Hologram","Gash"],"picked":"Capacitor","floor":1.0},{"not_picked":["Steam","Genetic Algorithm"],"picked":"Double Energy","floor":4.0},{"not_picked":["Compile Driver","Reprogram"],"picked":"Conserve Battery","floor":7.0},{"not_picked":["Stack","Steam Power"],"picked":"Hologram","floor":8.0}],"player_experience":2745263,"relics_obtained":[{"floor":8.0,"key":"Art of War"},{"floor":9.0,"key":"Pen Nib"}],"event_choices":[{"damage_healed":0.0,"max_hp_gain":0.0,"max_hp_loss":0.0,"gold_gain":0.0,"event_name":"Shining Light","player_choice":"Entered Light","floor":2.0,"gold_loss":0.0,"damage_taken":16.0,"cards_upgraded":["Dualcast","Strike_B"]},{"damage_healed":0.0,"max_hp_gain":0.0,"max_hp_loss":0.0,"gold_gain":175.0,"event_name":"Liars Game","player_choice":"AGREE","floor":3.0,"gold_loss":0.0,"damage_taken":0.0,"cards_obtained":["Doubt"]}],"is_beta":false,"boss_relics":[],"items_purged_floors":[5],"is_endless":false,"potions_floor_spawned":[7,8],"killed_by":"Exordium Wildlife","ascension_level":14}