{"path_per_floor":["M","$","M","?","M","R","E","M","T","M","E","?","M","M","R"],"character_chosen":"IRONCLAD","items_purchased":[],"gold_per_floor":[119,44,59,134,152,152,177,194,219,230,256,256,268,286,286,286],"floor_reached":16,"campfire_rested":0,"playtime":939,"item_purchase_floors":[],"current_hp_per_floor":[76,76,76,65,65,65,40,33,33,34,12,12,18,19,19,0],"items_purged":["Defend_R"],"gold":286,"score":114,"play_id":"e330fb40-208a-4e09-8b97-ab140d089108","local_time":"20180622135708","is_prod":false,"is_daily":false,"chose_seed":false,"is_ascension_mode":false,"campfire_upgraded":2,"win_rate":0,"timestamp":1529668628,"campfire_choices":[{"data":"Bash","floor":6,"key":"SMITH"},{"data":"True Grit","floor":15,"key":"SMITH"}],"path_taken":["M","$","M","?","M","R","E","M","T","M","E","?","M","M","R","BOSS"],"build_version":"2018-06-21","seed_source_timestamp":490987683162344,"purchased_purges":1,"circlet_count":0,"victory":false,"master_deck":["Strike_R","Strike_R","Strike_R","Strike_R","Strike_R","Defend_R","Defend_R","Defend_R","Bash+1","Shrug It Off","Thunderclap","Feel No Pain","Sever Soul","Burning Pact","Fiend Fire","True Grit+1"],"max_hp_per_floor":[80,80,80,80,80,80,80,80,80,80,80,80,80,80,80,80],"relics":["Burning Blood","Orichalcum","Bag of Preparation","Pen Nib","Anchor"],"card_choices":[{"not_picked":["Perfected Strike","Battle Trance"],"picked":"Shrug It Off","floor":1},{"not_picked":["Iron Wave","Anger"],"picked":"Thunderclap","floor":3},{"not_picked":["Headbutt","Clash","Body Slam"],"picked":"SKIP","floor":5},{"not_picked":["Rupture","Whirlwind"],"picked":"Feel No Pain","floor":7},{"not_picked":["Sword Boomerang","Anger"],"picked":"Sever Soul","floor":8},{"not_picked":["Headbutt","Rupture"],"picked":"Burning Pact","floor":10},{"not_picked":["Cleave","True Grit"],"picked":"Fiend Fire","floor":11},{"not_picked":["Fire Breathing","Bloodletting","Sword Boomerang"],"picked":"SKIP","floor":13},{"not_picked":["Corruption","Flex"],"picked":"True Grit","floor":14}],"player_experience":349623,"potions_floor_usage":[16,16],"damage_taken":[{"damage":10,"enemies":"Small Slimes","floor":1,"turns":4},{"damage":6,"enemies":"Jaw Worm","floor":3,"turns":4},{"damage":6,"enemies":"Cultist","floor":5,"turns":3},{"damage":31,"enemies":"Gremlin Nob","floor":7,"turns":5},{"damage":13,"enemies":"Red Slaver","floor":8,"turns":5},{"damage":5,"enemies":"Looter","floor":10,"turns":3},{"damage":28,"enemies":"Lagavulin","floor":11,"turns":9},{"damage":0,"enemies":"Blue Slaver","floor":13,"turns":2},{"damage":5,"enemies":"Lots of Slimes","floor":14,"turns":5},{"damage":19,"enemies":"Slime Boss","floor":16,"turns":10}],"relics_obtained":[{"floor":7,"key":"Orichalcum"},{"floor":9,"key":"Bag of Preparation"},{"floor":11,"key":"Pen Nib"}],"event_choices":[{"event_name":"World of Goop","player_choice":"Gather Gold","floor":4,"damage_taken":0},{"event_name":"Wheel of Change","player_choice":"Relic","floor":12,"damage_taken":0}],"boss_relics":[],"items_purged_floors":[2],"is_endless":false,"potions_floor_spawned":[5,10,11,14],"seed_played":"-5499907241048794658","killed_by":"Slime Boss","ascension_level":0,"potions_obtained":[{"floor":5,"key":"SpeedPotion"},{"floor":10,"key":"Block Potion"},{"floor":11,"key":"Ancient Potion"},{"floor":14,"key":"Block Potion"}],"is_trial":false}