{"gold_per_floor":[116,133,34,34,46,71,71,82,164,182,31,31,58,74,74,172,172,189,204,24,24,24,24,59,59,59,158,171,171],"floor_reached":29,"playtime":1799,"items_purged":["Strike_G","Defend_G"],"score":266,"play_id":"b397a1ff-e5f3-4351-98f5-6b8617e7ec94","local_time":"20190521203511","is_ascension_mode":true,"campfire_choices":[{"data":"Footwork","floor":7,"key":"SMITH"},{"floor":12,"key":"REST"},{"data":"Footwork","floor":15,"key":"SMITH"},{"data":"After Image","floor":23,"key":"SMITH"},{"data":"Noxious Fumes","floor":25,"key":"SMITH"}],"neow_cost":"NONE","seed_source_timestamp":437767365861629,"circlet_count":0,"master_deck":["Defend_G","Defend_G","Defend_G","Defend_G","Strike_G","Strike_G","Strike_G","Survivor","Neutralize","Footwork+1","Backflip","Dodge and Roll","Noxious Fumes+1","Wraith Form v2","Dodge and Roll","Bane","Deflect","Poisoned Stab","Backflip","Noxious Fumes","Dodge and Roll","Footwork+1","After Image+1","Backflip","Bouncing Flask","Poisoned Stab","Outmaneuver+1","Bouncing Flask","Blur","Caltrops+1","Outmaneuver+1"],"relics":["Ring of the Snake","NeowsBlessing","Prayer Wheel","Oddly Smooth Stone","Orrery","Meat on the Bone","Bag of Marbles","Torii"],"potions_floor_usage":[6,6,16,24,29],"damage_taken":[{"damage":0,"enemies":"Small Slimes","floor":1,"turns":1},{"damage":0,"enemies":"Cultist","floor":2,"turns":1},{"damage":0,"enemies":"Jaw Worm","floor":5,"turns":1},{"damage":26,"enemies":"Gremlin Nob","floor":6,"turns":7},{"damage":0,"enemies":"Blue Slaver","floor":8,"turns":6},{"damage":0,"enemies":"Looter","floor":10,"turns":4},{"damage":10,"enemies":"Lagavulin","floor":13,"turns":9},{"damage":2,"enemies":"2 Fungi Beasts","floor":14,"turns":5},{"damage":23,"enemies":"The Guardian","floor":16,"turns":9},{"damage":2,"enemies":"3 Byrds","floor":18,"turns":5},{"damage":0,"enemies":"Chosen","floor":19,"turns":7},{"damage":12,"enemies":"Book of Stabbing","floor":24,"turns":10},{"damage":17,"enemies":"Centurion and Healer","floor":28,"turns":8},{"damage":39,"enemies":"Slavers","floor":29,"turns":6}],"seed_played":"-8568710439652701148","potions_obtained":[{"floor":1,"key":"SteroidPotion"},{"floor":5,"key":"GamblersBrew"},{"floor":13,"key":"PowerPotion"},{"floor":16,"key":"Weak Potion"},{"floor":19,"key":"Ancient Potion"},{"floor":28,"key":"EssenceOfSteel"}],"is_trial":false,"path_per_floor":["M","M","$","?","M","E","R","M","T","M","$","R","E","M","R","B",null,"M","M","$","T","$","R","E","R","T","?","M","E"],"character_chosen":"THE_SILENT","items_purchased":["Dodge and Roll","Noxious Fumes","Noxious Fumes","Blur"],"campfire_rested":1,"item_purchase_floors":[3,3,11,20],"current_hp_per_floor":[70,70,70,70,70,44,44,44,44,44,44,65,55,53,53,30,70,68,68,68,68,68,68,56,56,56,56,39,0],"gold":171,"neow_bonus":"THREE_ENEMY_KILL","is_prod":false,"is_daily":false,"chose_seed":false,"campfire_upgraded":4,"win_rate":0,"timestamp":1558485311,"path_taken":["M","M","$","?","M","E","R","M","T","M","$","R","E","M","R","BOSS","M","M","$","?","$","R","E","R","T","?","M","E"],"build_version":"2019-01-23","purchased_purges":2,"victory":false,"max_hp_per_floor":[70,70,70,70,70,70,70,70,70,70,70,70,70,70,70,70,70,70,70,70,70,70,70,70,70,70,70,70,70],"card_choices":[{"not_picked":["Slice","Flying Knee"],"picked":"Footwork","floor":1},{"not_picked":["Acrobatics","Poisoned Stab"],"picked":"Backflip","floor":2},{"not_picked":["Heel Hook","Dagger Spray"],"picked":"Dodge and Roll","floor":5},{"not_picked":["Dash","Blade Dance","Quick Slash"],"picked":"SKIP","floor":6},{"not_picked":["Slice","Flying Knee"],"picked":"Bane","floor":8},{"not_picked":["Dagger Throw","Acrobatics"],"picked":"Deflect","floor":8},{"not_picked":["Finisher","Skewer"],"picked":"Poisoned Stab","floor":10},{"not_picked":["Sucker Punch","Outmaneuver"],"picked":"Backflip","floor":10},{"not_picked":["Bane","Slice","Bullet Time"],"picked":"SKIP","floor":13},{"not_picked":["All Out Attack","Poisoned Stab"],"picked":"Dodge and Roll","floor":14},{"not_picked":["Backflip","Deadly Poison"],"picked":"Footwork","floor":14},{"not_picked":["Die Die Die","Night Terror"],"picked":"After Image","floor":16},{"not_picked":["Dagger Throw","Backstab"],"picked":"Backflip","floor":17},{"not_picked":["Accuracy","Underhanded Strike"],"picked":"Bouncing Flask","floor":17},{"not_picked":["Underhanded Strike","Acrobatics"],"picked":"Poisoned Stab","floor":17},{"not_picked":["Accuracy","Dagger Spray"],"picked":"Outmaneuver+1","floor":18},{"not_picked":["Masterful Stab+1","Calculated Gamble"],"picked":"Bouncing Flask","floor":18},{"not_picked":["Phantasmal Killer","Dagger Spray+1","Deflect"],"picked":"SKIP","floor":19},{"not_picked":["Endless Agony","Riddle With Holes+1","Backstab"],"picked":"SKIP","floor":19},{"not_picked":["Dagger Throw","Deflect"],"picked":"Caltrops+1","floor":24},{"not_picked":["Acrobatics","Quick Slash"],"picked":"Outmaneuver+1","floor":28},{"not_picked":["Crippling Poison","Blade Dance","Masterful Stab+1"],"picked":"SKIP","floor":28}],"player_experience":286079,"relics_obtained":[{"floor":6,"key":"Prayer Wheel"},{"floor":13,"key":"Oddly Smooth Stone"},{"floor":21,"key":"Meat on the Bone"},{"floor":24,"key":"Bag of Marbles"},{"floor":26,"key":"Torii"}],"event_choices":[{"damage_healed":0,"gold_gain":0,"cards_transformed":["Strike_G"],"player_choice":"Transformed","damage_taken":0,"max_hp_gain":0,"max_hp_loss":0,"event_name":"Transmorgrifier","floor":4,"gold_loss":0,"cards_obtained":["Wraith Form v2"]},{"damage_healed":0,"gold_gain":99,"player_choice":"Stole From Cult","damage_taken":0,"max_hp_gain":0,"max_hp_loss":0,"event_name":"Nest","floor":27,"gold_loss":0}],"is_beta":false,"boss_relics":[{"not_picked":["Snecko Eye","Runic Pyramid"],"picked":"Orrery"}],"items_purged_floors":[11,20],"is_endless":false,"potions_floor_spawned":[1,5,13,16,19,28],"killed_by":"Slavers","ascension_level":1}