{"gold_per_floor":[111,111,111,125,135,135,145,145,145,145,168,93,123,23,23,23],"floor_reached":16,"playtime":842,"items_purged":["Defend_R","Defend_R"],"score":180,"play_id":"e899d51a-5979-470b-9377-ee139bff4583","local_time":"20190516112736","is_ascension_mode":true,"campfire_choices":[{"data":"Bash","floor":6,"key":"SMITH"},{"floor":10,"key":"REST"},{"floor":15,"key":"REST"}],"neow_cost":"NONE","seed_source_timestamp":122244311581242,"circlet_count":0,"master_deck":["AscendersBane","Strike_R","Strike_R","Strike_R","Strike_R","Defend_R","Defend_R","Bash+1","Shrug It Off","Dropkick","Shrug It Off","Injury"],"relics":["Burning Blood","Golden Idol","Mummified Hand"],"potions_floor_usage":[11,16],"damage_taken":[{"damage":20,"enemies":"Small Slimes","floor":1,"turns":3},{"damage":6,"enemies":"Cultist","floor":4,"turns":4},{"damage":5,"enemies":"2 Louse","floor":5,"turns":3},{"damage":39,"enemies":"Large Slime","floor":7,"turns":10},{"damage":3,"enemies":"3 Louse","floor":11,"turns":6},{"damage":82,"enemies":"Hexaghost","floor":16,"turns":9}],"seed_played":"7906591738253293063","potions_obtained":[{"floor":4,"key":"Poison Potion"},{"floor":11,"key":"Poison Potion"}],"is_trial":false,"path_per_floor":["M","?","?","M","M","R","M","?","T","R","M","$","?","$","R","B"],"character_chosen":"IRONCLAD","items_purchased":[],"campfire_rested":2,"item_purchase_floors":[],"current_hp_per_floor":[61,61,61,61,62,62,29,29,29,53,56,56,56,56,80,0],"gold":23,"neow_bonus":"TEN_PERCENT_HP_BONUS","is_prod":false,"is_daily":false,"chose_seed":false,"campfire_upgraded":1,"win_rate":0,"timestamp":1558015056,"path_taken":["M","?","?","M","?","R","M","?","T","R","M","$","?","$","R","BOSS"],"build_version":"2019-01-23","purchased_purges":2,"victory":false,"max_hp_per_floor":[82,82,82,82,82,82,82,82,82,82,82,82,82,82,82,82],"card_choices":[{"not_picked":["Warcry","Clothesline","Flex"],"picked":"SKIP","floor":1},{"not_picked":["Sever Soul","Rage"],"picked":"Shrug It Off","floor":4},{"not_picked":["Sword Boomerang","Fiend Fire"],"picked":"Dropkick","floor":5},{"not_picked":["True Grit","Power Through"],"picked":"Shrug It Off","floor":7},{"not_picked":["Heavy Blade","Clash","Sword Boomerang"],"picked":"SKIP","floor":11}],"player_experience":1212726,"relics_obtained":[{"floor":9,"key":"Mummified Hand"}],"event_choices":[{"cards_removed":["Strike_R"],"damage_healed":0,"gold_gain":0,"player_choice":"Forget","damage_taken":0,"max_hp_gain":0,"max_hp_loss":0,"event_name":"Living Wall","floor":2,"gold_loss":0},{"damage_healed":0,"gold_gain":0,"player_choice":"0 cards matched","damage_taken":0,"max_hp_gain":0,"max_hp_loss":0,"event_name":"Match and Keep!","floor":3,"gold_loss":0,"cards_obtained":[]},{"damage_healed":0,"gold_gain":0,"player_choice":"Take Wound","damage_taken":0,"relics_obtained":["Golden Idol"],"max_hp_gain":0,"max_hp_loss":0,"event_name":"Golden Idol","floor":8,"gold_loss":0,"cards_obtained":["Injury"]},{"damage_healed":0,"gold_gain":30,"player_choice":"Searched \u00271\u0027 times","damage_taken":0,"max_hp_gain":0,"max_hp_loss":0,"event_name":"Dead Adventurer","floor":13,"gold_loss":0}],"is_beta":false,"boss_relics":[],"items_purged_floors":[12,14],"is_endless":false,"potions_floor_spawned":[4,11],"killed_by":"Hexaghost","ascension_level":20}