{"path_per_floor":["M","?","$","?","?","R","M","R","T","M","R","E","M","M","R","B",null,"M","M","?","M","M","E","?","R","T","R","$","E","M","E","R","B",null,"M","?","M","M","M","E","$","R","T","E","M","E","M","?","R","B"],"character_chosen":"THE_SILENT","items_purchased":["Noxious Fumes","Paper Crane"],"gold_per_floor":[118,193,41,41,41,41,56,56,56,75,75,116,134,153,153,273,273,259,273,273,289,307,345,345,345,345,345,65,98,118,146,146,243,243,257,309,320,331,348,373,273,273,273,298,318,345,356,0,0,0],"floor_reached":51,"campfire_rested":2,"playtime":9201,"item_purchase_floors":[3,28],"current_hp_per_floor":[70,59,59,45,45,45,45,45,45,45,45,45,45,45,45,40,65,61,58,58,56,33,12,12,31,31,31,31,29,33,38,57,20,65,65,65,65,60,62,65,65,65,65,40,40,45,50,50,50,27],"items_purged":["Strike_G","Strike_G+1","Survivor"],"gold":0,"score":889,"play_id":"2503a87b-d253-4a0d-be5e-94bdc00b2167","local_time":"20180601021444","is_prod":false,"is_daily":false,"chose_seed":false,"is_ascension_mode":true,"campfire_upgraded":6,"win_rate":0,"timestamp":1527812084,"campfire_choices":[{"data":"Noxious Fumes","floor":6,"key":"SMITH"},{"data":"Noxious Fumes","floor":8,"key":"SMITH"},{"data":"Footwork","floor":11,"key":"SMITH"},{"data":"Noxious Fumes","floor":15,"key":"SMITH"},{"floor":25,"key":"REST"},{"data":"After Image","floor":27,"key":"SMITH"},{"floor":32,"key":"REST"},{"data":"1","floor":42,"key":"LIFT"},{"data":"Deadly Poison","floor":49,"key":"SMITH"}],"path_taken":["M","?","$","?","?","R","?","R","T","?","R","E","M","M","R","BOSS","M","M","?","M","?","E","?","R","T","R","$","E","M","E","R","BOSS","M","?","M","M","M","E","$","R","T","E","M","E","M","?","R","BOSS"],"build_version":"2018-05-24","seed_source_timestamp":1303186415228887,"purchased_purges":3,"victory":true,"master_deck":["Defend_G+1","Defend_G+1","Defend_G+1","Defend_G+1","Defend_G+1","Strike_G+1","Strike_G+1","Strike_G+1","Neutralize+1","Footwork+1","Noxious Fumes+1","Noxious Fumes+1","Deadly Poison+1","Noxious Fumes+1","After Image+1","Expertise+1","Adrenaline","Deadly Poison+1","Footwork+1"],"max_hp_per_floor":[70,70,70,70,65,65,65,65,65,65,65,65,65,65,65,65,65,65,65,65,65,65,65,65,65,65,65,65,65,65,65,65,65,65,65,65,65,65,65,65,65,65,65,72,72,72,72,72,72,77],"relics":["Ring of the Snake","Bloody Idol","Omamori","Mercury Hourglass","Black Star","Kunai","The Courier","Letter Opener","Paper Crane","Art of War","Potion Belt","Mummified Hand","Bottled Lightning","Velvet Choker","Girya","Centennial Puzzle","Bottled Tornado","Tough Bandages","Bag of Preparation","Strawberry","Bronze Scales","Orichalcum","Red Mask"],"card_choices":[{"not_picked":["Flying Knee","Dagger Spray"],"picked":"Footwork","floor":1},{"not_picked":["Footwork","Riddle With Holes"],"picked":"Noxious Fumes","floor":7},{"not_picked":["Cloak And Dagger","Choke","Poisoned Stab"],"picked":"SKIP","floor":10},{"not_picked":["Dagger Throw","Bane","Outmaneuver"],"picked":"SKIP","floor":12},{"not_picked":["Backflip","Backstab"],"picked":"Deadly Poison","floor":13},{"not_picked":["Quick Slash","Blade Dance"],"picked":"Noxious Fumes","floor":14},{"not_picked":["Phantasmal Killer","A Thousand Cuts"],"picked":"After Image","floor":16},{"not_picked":["Backstab","Backflip+1","PiercingWail"],"picked":"SKIP","floor":18},{"not_picked":["Sucker Punch","Dagger Throw","Quick Slash+1"],"picked":"SKIP","floor":19},{"not_picked":["Slice","Riddle With Holes","Deadly Poison"],"picked":"SKIP","floor":21},{"not_picked":["Acrobatics+1","Choke+1","Sucker Punch"],"picked":"SKIP","floor":22},{"not_picked":["Glass Knife","Flechettes"],"picked":"Expertise+1","floor":23},{"not_picked":["Slice","Blade Dance","Dagger Throw"],"picked":"SKIP","floor":29},{"not_picked":["Acrobatics","Prepared","Storm of Steel"],"picked":"SKIP","floor":30},{"not_picked":["Terror","Blade Dance","Bane"],"picked":"SKIP","floor":31},{"not_picked":["Bullet Time","Phantasmal Killer"],"picked":"Adrenaline","floor":33},{"not_picked":["Slice","Outmaneuver","Bane"],"picked":"SKIP","floor":35},{"not_picked":["PiercingWail+1","Poisoned Stab","Flying Knee"],"picked":"SKIP","floor":37},{"not_picked":["Slice","Poisoned Stab"],"picked":"Deadly Poison+1","floor":38},{"not_picked":["Deflect","Slice+1","Sucker Punch"],"picked":"SKIP","floor":39},{"not_picked":["Dodge and Roll","Slice"],"picked":"Footwork+1","floor":40},{"not_picked":["Heel Hook+1","Distraction","Outmaneuver"],"picked":"SKIP","floor":44},{"not_picked":["Backflip","Storm of Steel","Dagger Spray"],"picked":"SKIP","floor":45},{"not_picked":["Dodge and Roll+1","Quick Slash+1","Sucker Punch"],"picked":"SKIP","floor":46},{"not_picked":["Underhanded Strike+1","Eviscerate+1","Flechettes"],"picked":"SKIP","floor":47}],"player_experience":141090,"potions_floor_usage":[13,19,22,22,31,33,50,50,50,50],"damage_taken":[{"damage":0,"enemies":"2 Louse","floor":1,"turns":5},{"damage":0,"enemies":"Jaw Worm","floor":7,"turns":4},{"damage":0,"enemies":"Small Slimes","floor":10,"turns":4},{"damage":0,"enemies":"3 Sentries","floor":12,"turns":5},{"damage":0,"enemies":"Blue Slaver","floor":13,"turns":4},{"damage":0,"enemies":"Large Slime","floor":14,"turns":5},{"damage":5,"enemies":"Slime Boss","floor":16,"turns":8},{"damage":4,"enemies":"2 Thieves","floor":18,"turns":5},{"damage":3,"enemies":"Spheric Guardian","floor":19,"turns":5},{"damage":2,"enemies":"Snake Plant","floor":21,"turns":6},{"damage":23,"enemies":"Cultist and Chosen","floor":22,"turns":6},{"damage":21,"enemies":"Gremlin Leader","floor":23,"turns":7},{"damage":7,"enemies":"Book of Stabbing","floor":29,"turns":8},{"damage":1,"enemies":"Chosen and Byrds","floor":30,"turns":6},{"damage":0,"enemies":"Gremlin Leader","floor":31,"turns":7},{"damage":42,"enemies":"Champ","floor":33,"turns":10},{"damage":0,"enemies":"3 Darklings","floor":35,"turns":4},{"damage":3,"enemies":"Mysterious Sphere","floor":36,"turns":4},{"damage":2,"enemies":"Orb Walker","floor":37,"turns":4},{"damage":10,"enemies":"4 Shapes","floor":38,"turns":4},{"damage":3,"enemies":"Sphere and 2 Shapes","floor":39,"turns":4},{"damage":1,"enemies":"Nemesis","floor":40,"turns":7},{"damage":37,"enemies":"2 Orb Walkers","floor":44,"turns":5},{"damage":5,"enemies":"3 Darklings","floor":45,"turns":4},{"damage":0,"enemies":"Giant Head","floor":46,"turns":8},{"damage":0,"enemies":"4 Shapes","floor":47,"turns":4},{"damage":28,"enemies":"Awakened One","floor":50,"turns":13}],"relics_obtained":[{"floor":9,"key":"Omamori"},{"floor":12,"key":"Mercury Hourglass"},{"floor":23,"key":"Kunai"},{"floor":23,"key":"The Courier"},{"floor":26,"key":"Letter Opener"},{"floor":29,"key":"Art of War"},{"floor":29,"key":"Potion Belt"},{"floor":31,"key":"Mummified Hand"},{"floor":31,"key":"Bottled Lightning"},{"floor":36,"key":"Girya"},{"floor":40,"key":"Centennial Puzzle"},{"floor":40,"key":"Bottled Tornado"},{"floor":43,"key":"Tough Bandages"},{"floor":44,"key":"Bag of Preparation"},{"floor":44,"key":"Strawberry"},{"floor":46,"key":"Bronze Scales"},{"floor":46,"key":"Orichalcum"}],"event_choices":[{"event_name":"World of Goop","player_choice":"Gather Gold","floor":2,"damage_taken":0},{"event_name":"Shining Light","player_choice":"Entered Light","floor":4,"damage_taken":0},{"event_name":"Golden Idol","player_choice":"Lose Max HP","floor":5,"damage_taken":0},{"event_name":"Back to Basics","player_choice":"Simplicity","floor":20,"damage_taken":0},{"event_name":"Forgotten Altar","player_choice":"Gave Idol","floor":24,"damage_taken":0},{"event_name":"Mysterious Sphere","player_choice":"Fight","floor":36,"damage_taken":0},{"event_name":"Tomb of Lord Red Mask","player_choice":"Paid","floor":48,"damage_taken":0}],"boss_relics":[{"not_picked":["Pandora\u0027s Box","Astrolabe"],"picked":"Black Star"},{"not_picked":["Tiny House","Eternal Feather"],"picked":"Velvet Choker"}],"items_purged_floors":[3,28,41],"potions_floor_spawned":[12,14,18,19,29,30,31,35,37,40,44,45,47],"seed_played":"5925248331760331217","ascension_level":1,"potions_obtained":[{"floor":12,"key":"Block Potion"},{"floor":14,"key":"AttackPotion"},{"floor":18,"key":"SteroidPotion"},{"floor":19,"key":"EssenceOfSteel"},{"floor":29,"key":"Dexterity Potion"},{"floor":30,"key":"Fire Potion"},{"floor":31,"key":"PowerPotion"},{"floor":35,"key":"SteroidPotion"},{"floor":37,"key":"FearPotion"},{"floor":40,"key":"Energy Potion"},{"floor":44,"key":"SteroidPotion"},{"floor":47,"key":"Fruit Juice"}],"is_trial":false}