{"path_per_floor":["M","M","?","$","M","R","?","R","T","?","R","T","M","M","R","B",null,"M","?","?","T","$","E","R","M","T","M","E","T","R","E","R","B",null,"M","M","?","$","M","E","R","E","T","E","M","?","R","M","R","B"],"character_chosen":"THE_SILENT","items_purchased":["Deflect","Mummified Hand","Backstab"],"gold_per_floor":[17,28,28,1,20,20,20,20,20,20,20,50,63,75,75,172,172,189,139,139,139,64,97,97,110,110,121,150,174,174,205,205,304,304,320,340,340,0,10,43,43,74,74,103,117,217,217,235,235,235],"floor_reached":51,"campfire_rested":0,"playtime":3674,"item_purchase_floors":[4,38,38],"current_hp_per_floor":[69,69,69,69,69,69,69,69,69,69,69,69,69,69,69,63,70,70,70,70,70,70,68,68,68,68,68,50,50,50,50,50,50,70,70,70,70,70,70,70,70,68,68,61,61,61,61,61,61,70],"items_purged":["Concentrate"],"gold":235,"score":1067,"play_id":"8f4fc620-ac7b-4673-9eff-d0577a2019e7","local_time":"20180606202515","is_prod":false,"is_daily":false,"chose_seed":false,"is_ascension_mode":true,"campfire_upgraded":10,"win_rate":0,"timestamp":1528309515,"campfire_choices":[{"data":"Neutralize","floor":6,"key":"SMITH"},{"data":"Deadly Poison","floor":8,"key":"SMITH"},{"data":"Dagger Throw","floor":11,"key":"SMITH"},{"data":"Deadly Poison","floor":15,"key":"SMITH"},{"data":"After Image","floor":24,"key":"SMITH"},{"data":"After Image","floor":30,"key":"SMITH"},{"data":"After Image","floor":32,"key":"SMITH"},{"data":"Burst","floor":41,"key":"SMITH"},{"data":"Backflip","floor":47,"key":"SMITH"},{"data":"Blur","floor":49,"key":"SMITH"}],"path_taken":["M","M","?","$","M","R","?","R","T","?","R","?","?","M","R","BOSS","M","?","?","?","$","E","R","M","T","?","E","?","R","E","R","BOSS","M","M","?","$","M","E","R","E","T","E","M","?","R","M","R","BOSS"],"build_version":"2018-05-31","seed_source_timestamp":0,"purchased_purges":1,"victory":true,"master_deck":["Survivor","Neutralize+1","Deadly Poison+1","Dagger Throw+1","Adrenaline","Deflect","Deflect","Deadly Poison+1","After Image+1","Blur+1","Deadly Poison","Quick Slash","Masterful Stab","Acrobatics+1","After Image+1","Backflip+1","Slice+1","After Image+1","Backstab+1","Backstab","Burst+1","Catalyst+1","After Image+1"],"max_hp_per_floor":[70,70,70,70,70,70,70,70,70,70,70,70,70,70,70,70,70,70,70,70,70,70,70,70,70,70,70,70,70,70,70,70,70,70,70,70,70,70,70,70,70,70,70,70,70,70,70,70,70,70],"relics":["Ring of the Snake","Letter Opener","Tiny Chest","Nloth\u0027s Gift","Bag of Preparation","Lantern","Tingsha","Gremlin Horn","Snake Skull","Potion Belt","Philosopher\u0027s Stone","Mummified Hand","Regal Pillow","Whetstone","Frozen Egg 2","Bag of Marbles"],"card_choices":[{"not_picked":["PiercingWail","Expertise"],"picked":"Deadly Poison","floor":1},{"not_picked":["Riddle With Holes","Underhanded Strike"],"picked":"Dagger Throw","floor":2},{"not_picked":["Slice","Cloak And Dagger"],"picked":"Deflect","floor":5},{"not_picked":["Tactician","Sucker Punch"],"picked":"Deadly Poison","floor":13},{"not_picked":["Prepared","Flying Knee","Deadly Poison"],"picked":"SKIP","floor":14},{"not_picked":["Phantasmal Killer","Storm of Steel"],"picked":"After Image","floor":16},{"not_picked":["Bane","Finisher"],"picked":"Acrobatics+1","floor":18},{"not_picked":["Night Terror","Footwork"],"picked":"After Image","floor":23},{"not_picked":["Flying Knee","Malaise"],"picked":"Backflip","floor":25},{"not_picked":["Dagger Spray","PiercingWail","Quick Slash"],"picked":"SKIP","floor":27},{"not_picked":["Malaise+1","Masterful Stab"],"picked":"Slice","floor":28},{"not_picked":["Predator","Venomology"],"picked":"After Image","floor":31},{"not_picked":["All Out Attack","Skewer","PiercingWail"],"picked":"SKIP","floor":35},{"not_picked":["Slice+1","Endless Agony"],"picked":"Backstab","floor":36},{"not_picked":["Well Laid Plans+1","Acrobatics","Distraction+1"],"picked":"SKIP","floor":39},{"not_picked":["Slice","Blade Dance+1"],"picked":"Burst","floor":40},{"not_picked":["Dodge and Roll+1","Heel Hook","Deadly Poison"],"picked":"SKIP","floor":42},{"not_picked":["Escape Plan","Grand Finale"],"picked":"Catalyst+1","floor":44},{"not_picked":["Bane+1","Deflect+1","Sucker Punch+1"],"picked":"SKIP","floor":45},{"not_picked":["Bouncing Flask","Expertise+1"],"picked":"After Image+1","floor":48}],"player_experience":209964,"potions_floor_usage":[14,23,28,31,40,40,42,42,42,42,42,42,50,50,50],"damage_taken":[{"damage":1,"enemies":"Jaw Worm","floor":1,"turns":8},{"damage":0,"enemies":"Cultist","floor":2,"turns":4},{"damage":0,"enemies":"2 Louse","floor":5,"turns":3},{"damage":0,"enemies":"2 Fungi Beasts","floor":13,"turns":2},{"damage":0,"enemies":"Lots of Slimes","floor":14,"turns":1},{"damage":6,"enemies":"The Guardian","floor":16,"turns":8},{"damage":0,"enemies":"Shell Parasite","floor":18,"turns":3},{"damage":2,"enemies":"Slavers","floor":23,"turns":6},{"damage":0,"enemies":"Chosen","floor":25,"turns":3},{"damage":0,"enemies":"Snecko","floor":27,"turns":4},{"damage":18,"enemies":"Gremlin Leader","floor":28,"turns":6},{"damage":0,"enemies":"Slavers","floor":31,"turns":4},{"damage":0,"enemies":"Automaton","floor":33,"turns":10},{"damage":0,"enemies":"Orb Walker","floor":35,"turns":3},{"damage":0,"enemies":"3 Shapes","floor":36,"turns":3},{"damage":0,"enemies":"Sphere and 2 Shapes","floor":39,"turns":2},{"damage":0,"enemies":"Giant Head","floor":40,"turns":9},{"damage":2,"enemies":"2 Orb Walkers","floor":42,"turns":5},{"damage":7,"enemies":"Giant Head","floor":44,"turns":7},{"damage":0,"enemies":"Maw","floor":45,"turns":3},{"damage":0,"enemies":"3 Darklings","floor":48,"turns":3},{"damage":0,"enemies":"Donu and Deca","floor":50,"turns":6}],"relics_obtained":[{"floor":9,"key":"Letter Opener"},{"floor":12,"key":"Tiny Chest"},{"floor":21,"key":"Bag of Preparation"},{"floor":23,"key":"Lantern"},{"floor":26,"key":"Tingsha"},{"floor":28,"key":"Gremlin Horn"},{"floor":29,"key":"Snake Skull"},{"floor":31,"key":"Potion Belt"},{"floor":40,"key":"Regal Pillow"},{"floor":42,"key":"Whetstone"},{"floor":43,"key":"Frozen Egg 2"},{"floor":44,"key":"Bag of Marbles"}],"event_choices":[{"event_name":"Transmorgrifier","player_choice":"Transform","floor":3,"damage_taken":0},{"event_name":"Purifier","player_choice":"One Purge","floor":7,"damage_taken":0},{"event_name":"Bonfire Elementals","player_choice":"BASIC","floor":10,"damage_taken":0},{"event_name":"The Joust","player_choice":"Bet on Murderer","floor":19,"damage_taken":0},{"event_name":"N\u0027loth","player_choice":"Traded a Pandora\u0027s Box","floor":20,"damage_taken":0},{"event_name":"SecretPortal","player_choice":"Rejected Portal.","floor":37,"damage_taken":0},{"event_name":"Golden Shrine","player_choice":"Pray","floor":46,"damage_taken":0}],"boss_relics":[{"not_picked":["Eternal Feather","Calling Bell"],"picked":"Pandora\u0027s Box"},{"not_picked":["Lizard Tail","Runic Pyramid"],"picked":"Philosopher\u0027s Stone"}],"items_purged_floors":[22],"potions_floor_spawned":[5,16,23,25,31,33,35,36,40,45],"seed_played":"-3348398848107903877","ascension_level":3,"potions_obtained":[{"floor":5,"key":"SkillPotion"},{"floor":16,"key":"GamblersBrew"},{"floor":23,"key":"SpeedPotion"},{"floor":25,"key":"PowerPotion"},{"floor":31,"key":"GhostInAJar"},{"floor":33,"key":"FearPotion"},{"floor":35,"key":"Swift Potion"},{"floor":36,"key":"SteroidPotion"},{"floor":40,"key":"EntropicBrew"},{"floor":45,"key":"Strength Potion"}],"is_trial":false}