{"gold_per_floor":[360,379,389,3,3,3,36,46,46,65,84,101,111,127,127,127],"floor_reached":16,"playtime":9895,"items_purged":[],"score":194,"play_id":"962abe78-c724-4157-b5cb-db1e50136f51","local_time":"20190511164109","is_ascension_mode":true,"campfire_choices":[{"floor":6,"key":"REST"},{"floor":15,"key":"REST"}],"neow_cost":"TEN_PERCENT_HP_LOSS","seed_source_timestamp":0,"circlet_count":0,"master_deck":["AscendersBane","Strike_B","Strike_B+1","Strike_B+1","Strike_B","Defend_B","Defend_B","Defend_B","Defend_B","Zap","Dualcast","White Noise","BootSequence","Steam","Apotheosis","Fusion","FTL","Scrape","Echo Form","Defragment","Leap","Reprogram","Thunder Strike","Conserve Battery","Conserve Battery"],"special_seed":0,"relics":["Cracked Core","Membership Card","Whetstone","Matryoshka"],"potions_floor_usage":[10,13,14],"damage_taken":[{"damage":8.0,"enemies":"2 Louse","floor":1.0,"turns":4.0},{"damage":1.0,"enemies":"Cultist","floor":2.0,"turns":3.0},{"damage":0.0,"enemies":"Jaw Worm","floor":3.0,"turns":3.0},{"damage":14,"enemies":"3 Sentries","floor":7,"turns":6},{"damage":11,"enemies":"2 Fungi Beasts","floor":8,"turns":4},{"damage":11,"enemies":"Exordium Thugs","floor":10,"turns":4},{"damage":3,"enemies":"3 Louse","floor":11,"turns":2},{"damage":3,"enemies":"Red Slaver","floor":12,"turns":3},{"damage":16,"enemies":"Gremlin Gang","floor":13,"turns":4},{"damage":13,"enemies":"Blue Slaver","floor":14,"turns":4},{"damage":24,"enemies":"Hexaghost","floor":16,"turns":4}],"seed_played":"6242325384477119863","potions_obtained":[{"floor":1.0,"key":"Explosive Potion"},{"floor":3.0,"key":"Regen Potion"},{"floor":10,"key":"Explosive Potion"}],"is_trial":false,"path_per_floor":["M","M","M","$","?","R","E","M","T","M","M","M","M","M","R","B"],"character_chosen":"DEFECT","items_purchased":["Membership Card","Apotheosis","Fusion","FTL"],"campfire_rested":2,"item_purchase_floors":[4,4,4,4],"current_hp_per_floor":[56,55,55,55,55,64,50,39,39,28,25,22,6,5,24,0],"gold":127,"neow_bonus":"TWO_FIFTY_GOLD","is_prod":false,"is_daily":false,"chose_seed":false,"campfire_upgraded":0,"win_rate":0,"timestamp":1557607269,"path_taken":["M","M","M","$","?","R","E","?","T","M","M","M","M","?","R","BOSS"],"build_version":"2019-01-23","purchased_purges":0,"victory":false,"max_hp_per_floor":[64,64,64,64,64,64,64,64,64,64,64,64,64,64,64,64],"card_choices":[{"not_picked":["Static Discharge","Sweeping Beam"],"picked":"White Noise","floor":1.0},{"not_picked":["Genetic Algorithm","Rip and Tear"],"picked":"BootSequence","floor":2.0},{"not_picked":["Redo","Beam Cell"],"picked":"Steam","floor":3.0},{"not_picked":["Rainbow","BootSequence"],"picked":"Defragment","floor":7},{"not_picked":["Coolheaded","Consume"],"picked":"Leap","floor":8},{"not_picked":["Coolheaded","Rebound","Sunder"],"picked":"SKIP","floor":10},{"not_picked":["Rebound","Consume"],"picked":"Reprogram","floor":11},{"not_picked":["Fusion","Beam Cell"],"picked":"Thunder Strike","floor":12},{"not_picked":["Go for the Eyes","Tempest"],"picked":"Conserve Battery","floor":13},{"not_picked":["Chaos","Ball Lightning"],"picked":"Conserve Battery","floor":14}],"player_experience":2899737,"relics_obtained":[{"floor":7,"key":"Whetstone"},{"floor":9,"key":"Matryoshka"}],"event_choices":[{"damage_healed":0,"gold_gain":0,"player_choice":"2 cards matched","damage_taken":0,"max_hp_gain":0,"max_hp_loss":0,"event_name":"Match and Keep!","floor":5,"gold_loss":0,"cards_obtained":["Scrape","Echo Form"]}],"is_beta":false,"boss_relics":[],"items_purged_floors":[],"is_endless":false,"potions_floor_spawned":[1,3,10],"killed_by":"Hexaghost","ascension_level":16}