{"gold_per_floor":[116,116,131,55,26,26,64,64,64,64,64,80,80,105,105,236,236,260,246,77,77],"floor_reached":21,"playtime":1160,"items_purged":["Writhe"],"score":283,"play_id":"c222b19b-38db-452c-8b89-33a8c77ee6ad","local_time":"20180626191837","is_ascension_mode":true,"campfire_choices":[{"data":"Neutralize","floor":6,"key":"SMITH"},{"data":"Noxious Fumes","floor":11,"key":"SMITH"},{"data":"Noxious Fumes","floor":13,"key":"SMITH"},{"floor":15,"key":"REST"}],"neow_cost":"CURSE","seed_source_timestamp":855654123124857,"circlet_count":0,"master_deck":["Defend_G","Defend_G","Defend_G","Defend_G","Defend_G","Strike_G","Strike_G","Strike_G","Strike_G","Strike_G","Survivor","Neutralize+1","AscendersBane","Backflip","Expertise","Noxious Fumes+1","Noxious Fumes+1","PiercingWail","Night Terror","Backflip","Bouncing Flask"],"relics":["Ring of the Snake","Ginger","Golden Idol","Darkstone Periapt","The Specimen","Blue Candle","Busted Crown"],"potions_floor_usage":[7,14,19,19,21],"damage_taken":[{"damage":2,"enemies":"2 Louse","floor":1,"turns":5},{"damage":14,"enemies":"Jaw Worm","floor":3,"turns":8},{"damage":8,"enemies":"3 Sentries","floor":7,"turns":8},{"damage":6,"enemies":"Small Slimes","floor":12,"turns":4},{"damage":8,"enemies":"3 Louse","floor":14,"turns":4},{"damage":47,"enemies":"Slime Boss","floor":16,"turns":12},{"damage":24,"enemies":"Spheric Guardian","floor":18,"turns":7},{"damage":9,"enemies":"2 Thieves","floor":19,"turns":4},{"damage":28,"enemies":"Sentry and Sphere","floor":21,"turns":5}],"seed_played":"6405170315246131863","potions_obtained":[{"floor":3,"key":"Fire Potion"},{"floor":7,"key":"LiquidBronze"},{"floor":12,"key":"Regen Potion"},{"floor":16,"key":"GamblersBrew"},{"floor":18,"key":"Energy Potion"},{"floor":19,"key":"Energy Potion"}],"is_trial":false,"path_per_floor":["M","?","M","$","?","R","E","$","T","T","R","M","R","M","R","B",null,"M","M","$"],"character_chosen":"THE_SILENT","items_purchased":["Noxious Fumes","Backflip","Bouncing Flask"],"campfire_rested":1,"item_purchase_floors":[4,20,20],"current_hp_per_floor":[61,61,47,47,47,47,39,39,39,39,39,33,33,39,58,11,52,28,19,19,0],"gold":77,"neow_bonus":"ONE_RARE_RELIC","is_prod":false,"is_daily":false,"chose_seed":false,"campfire_upgraded":3,"win_rate":0,"timestamp":1530033517,"path_taken":["M","?","M","$","?","R","E","?","T","?","R","?","R","?","R","BOSS","M","M","$","M"],"build_version":"2018-06-21v2","purchased_purges":1,"victory":false,"max_hp_per_floor":[70,65,65,65,65,65,65,65,65,65,65,65,65,65,65,65,65,65,65,65,65],"card_choices":[{"not_picked":["Endless Agony","Dagger Throw"],"picked":"Backflip","floor":1},{"not_picked":["Eviscerate","Setup"],"picked":"Expertise","floor":3},{"not_picked":["Endless Agony","Sucker Punch"],"picked":"Noxious Fumes","floor":7},{"not_picked":["Sucker Punch","Dagger Throw","Prepared"],"picked":"SKIP","floor":12},{"not_picked":["Dodge and Roll","Sucker Punch"],"picked":"PiercingWail","floor":14},{"not_picked":["Wraith Form v2","Tools of the Trade"],"picked":"Night Terror","floor":16},{"not_picked":["Slice"],"picked":"SKIP","floor":18},{"not_picked":["Dagger Spray"],"picked":"SKIP","floor":19}],"player_experience":356243,"relics_obtained":[{"floor":7,"key":"Darkstone Periapt"},{"floor":9,"key":"The Specimen"},{"floor":10,"key":"Blue Candle"}],"event_choices":[{"event_name":"Golden Idol","player_choice":"Lose Max HP","floor":2,"damage_taken":0},{"event_name":"World of Goop","player_choice":"Left","floor":5,"damage_taken":0}],"boss_relics":[{"not_picked":["Runic Dome","Calling Bell"],"picked":"Busted Crown"}],"items_purged_floors":[20],"is_endless":false,"potions_floor_spawned":[3,7,12,16,18,19],"killed_by":"Sentry and Sphere","ascension_level":12}