{"path_per_floor":["M","M","?","M","$","R","$","R","T","M","$","M","?","E","R","B",null,"M","M","?","?","?","M","R","?","T"],"character_chosen":"IRONCLAD","items_purchased":["Burning Pact","Uppercut"],"gold_per_floor":[109,119,119,130,16,16,16,16,16,33,33,48,101,134,134,229,259,269,289,289,389,389,409,409,442,442,442],"floor_reached":27,"campfire_rested":1,"playtime":2864,"item_purchase_floors":[5,5],"current_hp_per_floor":[80,80,80,80,80,80,80,80,80,80,80,80,80,56,56,43,85,63,59,59,59,59,53,78,27,27,0],"items_purged":[],"gold":442,"score":211,"play_id":"d176a48b-4f91-44c9-88b4-65f47756428b","local_time":"20180529015652","is_prod":false,"is_daily":false,"chose_seed":false,"is_ascension_mode":false,"campfire_upgraded":3,"win_rate":0.0,"timestamp":1527551812,"campfire_choices":[{"data":"Defend_R","floor":6,"key":"SMITH"},{"data":"Burning Pact","floor":8,"key":"SMITH"},{"data":"Uppercut","floor":15,"key":"SMITH"},{"floor":24,"key":"REST"}],"path_taken":["M","?","?","M","?","R","?","R","T","M","$","M","?","E","R","BOSS","M","M","?","?","?","M","R","?","T","E"],"build_version":"2018-05-24","seed_source_timestamp":1049270593388121,"purchased_purges":0,"victory":false,"master_deck":["Strike_R","Strike_R","Strike_R+1","Defend_R","Defend_R","Defend_R+1","Defend_R","Bash","Cleave","Burning Pact","Clothesline","Burning Pact+1","Uppercut+1","Metallicize","Warcry","Shrug It Off","Juggernaut+1","Flame Barrier","Flex","Shrug It Off","Rage","Body Slam+1","Shrug It Off+1"],"max_hp_per_floor":[80,80,80,80,80,80,80,80,80,80,80,80,80,80,80,80,85,85,85,85,85,85,85,85,85,85,85],"relics":["Burning Blood","Juzu Bracelet","Pantograph","Tiny House","Red Mask","Bottled Flame"],"card_choices":[{"not_picked":["True Grit","Thunderclap"],"picked":"Cleave","floor":1},{"not_picked":["Headbutt","Armaments"],"picked":"Burning Pact","floor":2},{"not_picked":["Reckless Charge","True Grit"],"picked":"Clothesline","floor":4},{"not_picked":["Blood for Blood","Thunderclap"],"picked":"Metallicize","floor":10},{"not_picked":["Iron Wave","Perfected Strike"],"picked":"Warcry","floor":12},{"not_picked":["Fire Breathing","Sword Boomerang"],"picked":"Shrug It Off","floor":14},{"not_picked":["Feed","Brutality"],"picked":"Juggernaut","floor":16},{"not_picked":["Corruption","Thunderclap"],"picked":"Flame Barrier","floor":17},{"not_picked":["Dropkick","Armaments"],"picked":"Flex","floor":18},{"not_picked":["Infernal Blade+1","Clash"],"picked":"Shrug It Off","floor":19},{"not_picked":["Disarm","Anger+1"],"picked":"Body Slam+1","floor":23},{"not_picked":["Pommel Strike","Sever Soul+1"],"picked":"Shrug It Off+1","floor":25}],"player_experience":0,"potions_floor_usage":[14,16,16,19,27,27],"damage_taken":[{"damage":0,"enemies":"Cultist","floor":1,"turns":4},{"damage":3,"enemies":"Small Slimes","floor":2,"turns":3},{"damage":6,"enemies":"2 Louse","floor":4,"turns":2},{"damage":4,"enemies":"Blue Slaver","floor":10,"turns":4},{"damage":4,"enemies":"Exordium Thugs","floor":12,"turns":7},{"damage":30,"enemies":"Gremlin Nob","floor":14,"turns":5},{"damage":43,"enemies":"The Guardian","floor":16,"turns":15},{"damage":28,"enemies":"Chosen","floor":18,"turns":7},{"damage":24,"enemies":"Shell Parasite","floor":19,"turns":11},{"damage":12,"enemies":"Snecko","floor":23,"turns":5},{"damage":57,"enemies":"Masked Bandits","floor":25,"turns":6},{"damage":28,"enemies":"Gremlin Leader","floor":27,"turns":4}],"relics_obtained":[{"floor":9,"key":"Juzu Bracelet"},{"floor":14,"key":"Pantograph"},{"floor":25,"key":"Red Mask"},{"floor":26,"key":"Bottled Flame"}],"event_choices":[{"event_name":"Living Wall","player_choice":"Forget","floor":3,"damage_taken":0},{"event_name":"Golden Wing","player_choice":"Gained Gold","floor":13,"damage_taken":0},{"event_name":"Transmorgrifier","player_choice":"Transform","floor":20,"damage_taken":0},{"event_name":"Golden Shrine","player_choice":"Pray","floor":21,"damage_taken":0},{"event_name":"Upgrade Shrine","player_choice":"Upgraded","floor":22,"damage_taken":0},{"event_name":"Masked Bandits","player_choice":"Fought over 409 gold","floor":25,"damage_taken":0}],"boss_relics":[{"not_picked":["Eternal Feather","Black Blood"],"picked":"Tiny House"}],"items_purged_floors":[],"potions_floor_spawned":[2,10,14,16,18],"seed_played":"1179618702054973346","killed_by":"Gremlin Leader","ascension_level":0,"potions_obtained":[{"floor":2,"key":"FearPotion"},{"floor":10,"key":"AttackPotion"},{"floor":14,"key":"Ancient Potion"},{"floor":16,"key":"Block Potion"},{"floor":17,"key":"Regen Potion"},{"floor":18,"key":"SkillPotion"}],"is_trial":false}