{"gold_per_floor":[117,42,61,61,61,61,75,75,126,142,161,180,180,191,191,288,288,306,326,326,342,242,242,254,254,281,281,281,281,312,52,52,52],"floor_reached":33,"playtime":2195,"items_purged":["Strike_R","Defend_R"],"score":461,"play_id":"b5a0dc83-3f05-4e66-8da3-d9ad3d2d877b","local_time":"20180803124822","is_ascension_mode":true,"campfire_choices":[{"data":"Iron Wave","floor":6.0,"key":"SMITH"},{"data":"Iron Wave","floor":8,"key":"SMITH"},{"data":"Shockwave","floor":13,"key":"SMITH"},{"data":"Dropkick","floor":15,"key":"SMITH"},{"data":"Double Tap","floor":23,"key":"SMITH"},{"data":"Rage","floor":25,"key":"SMITH"},{"data":"Dropkick","floor":27,"key":"SMITH"},{"data":"Metallicize","floor":32,"key":"SMITH"}],"neow_cost":"FIFTY_PERCENT_DAMAGE","seed_source_timestamp":0,"circlet_count":0,"master_deck":["Strike_R","Defend_R","Defend_R","Bash","AscendersBane","Shockwave+1","Iron Wave+1","Iron Wave+1","Dropkick+1","Dropkick+1","Rage+1","Double Tap+1","Warcry+1","Metallicize+1"],"special_seed":0,"relics":["Burning Blood","Red Skull","Coffee Dripper","Lantern","Bottled Lightning","Kunai"],"potions_floor_usage":[16,16,16,19,30,30],"damage_taken":[{"damage":0.0,"enemies":"2 Louse","floor":1.0,"turns":3.0},{"damage":9.0,"enemies":"Jaw Worm","floor":3.0,"turns":4.0},{"damage":0.0,"enemies":"Small Slimes","floor":7.0,"turns":4.0},{"damage":0,"enemies":"3 Louse","floor":10,"turns":3},{"damage":1,"enemies":"Looter","floor":11,"turns":3},{"damage":2,"enemies":"Exordium Wildlife","floor":12,"turns":4},{"damage":3,"enemies":"Gremlin Gang","floor":14,"turns":6},{"damage":5,"enemies":"Hexaghost","floor":16,"turns":7},{"damage":3,"enemies":"2 Thieves","floor":18,"turns":4},{"damage":2,"enemies":"3 Byrds","floor":19,"turns":3},{"damage":20,"enemies":"Snake Plant","floor":21,"turns":5},{"damage":2,"enemies":"Centurion and Healer","floor":24,"turns":5},{"damage":33,"enemies":"Gremlin Leader","floor":30,"turns":5},{"damage":53,"enemies":"Champ","floor":33,"turns":10}],"seed_played":"-5018393096078817911","potions_obtained":[{"floor":1.0,"key":"PowerPotion"},{"floor":12,"key":"Energy Potion"},{"floor":14,"key":"LiquidBronze"},{"floor":16,"key":"LiquidBronze"},{"floor":18,"key":"SneckoOil"},{"floor":19,"key":"Fire Potion"}],"is_trial":false,"path_per_floor":["M","$","M","?","?","R","M","R","T","M","M","M","R","M","R","B",null,"M","M","?","M","$","R","M","R","T","R","?","?","E","$","R"],"character_chosen":"IRONCLAD","items_purchased":["Kunai"],"campfire_rested":0,"item_purchase_floors":[31],"current_hp_per_floor":[42,42,39,39,32,32,38,38,38,44,49,53,53,56,56,57,74,77,80,80,66,66,66,70,70,70,70,70,70,43,43,43,0],"gold":52,"neow_bonus":"TRANSFORM_TWO_CARDS","is_prod":false,"is_daily":false,"chose_seed":false,"campfire_upgraded":8,"win_rate":0,"timestamp":1533293302,"path_taken":["M","$","M","?","?","R","M","R","T","M","M","?","R","M","R","BOSS","M","M","?","?","$","R","M","R","T","R","?","?","E","$","R","BOSS"],"build_version":"2018-08-02","purchased_purges":2,"victory":false,"max_hp_per_floor":[80,80,80,80,80,80,80,80,80,80,80,80,80,80,80,80,80,80,80,80,80,80,80,80,80,80,80,80,80,80,80,80,80],"card_choices":[{"not_picked":["Seeing Red","Second Wind"],"picked":"Iron Wave","floor":1.0},{"not_picked":["Twin Strike","Perfected Strike"],"picked":"Iron Wave","floor":3.0},{"not_picked":["True Grit","Thunderclap","Twin Strike"],"picked":"SKIP","floor":7.0},{"not_picked":["Cleave","Combust"],"picked":"Dropkick","floor":10},{"not_picked":["Disarm","Anger"],"picked":"Dropkick","floor":11},{"not_picked":["Sword Boomerang","Intimidate","Pommel Strike"],"picked":"SKIP","floor":12},{"not_picked":["Evolve","Disarm"],"picked":"Rage","floor":14},{"not_picked":["Reaper","Limit Break"],"picked":"Double Tap","floor":16},{"not_picked":["Havoc","Body Slam"],"picked":"Warcry+1","floor":18},{"not_picked":["Rupture","Twin Strike"],"picked":"Metallicize","floor":19},{"not_picked":["Spot Weakness","Evolve","Feel No Pain"],"picked":"SKIP","floor":21},{"not_picked":["True Grit","Havoc","Clash+1"],"picked":"SKIP","floor":24},{"not_picked":["Iron Wave+1","Whirlwind+1","Body Slam"],"picked":"SKIP","floor":30}],"player_experience":433895,"relics_obtained":[{"floor":9,"key":"Red Skull"},{"floor":26,"key":"Lantern"},{"floor":30,"key":"Bottled Lightning"}],"event_choices":[{"event_name":"Living Wall","player_choice":"Forget","floor":4.0,"damage_taken":0.0},{"event_name":"Golden Wing","player_choice":"Card Removal","floor":5.0,"damage_taken":0.0},{"event_name":"Back to Basics","player_choice":"Elegance","floor":20,"damage_taken":0},{"event_name":"Drug Dealer","player_choice":"Ignored","floor":28,"damage_taken":0},{"event_name":"Vampires","player_choice":"Ignored","floor":29,"damage_taken":0}],"is_beta":false,"boss_relics":[{"not_picked":["Calling Bell","Tiny House"],"picked":"Coffee Dripper"}],"items_purged_floors":[2,22],"is_endless":false,"potions_floor_spawned":[1,12,14,16,18,19],"killed_by":"Champ","ascension_level":10}