{"gold_per_floor":[116,41,52,72,72,115,115,158,158,158,171,220,238,31,31,156,156,174,174,188,88,100,100,126,41,66,99,111,111,36,0,0,103,153,166,181,32,44,73,114,126,158,170,202,231,37,37,52,52,52],"floor_reached":51,"playtime":7465,"items_purged":["Strike_G","Strike_G"],"score":800,"play_id":"85489737-bf2e-4cfc-b0ee-027812a5524f","local_time":"20180911214650","is_ascension_mode":true,"campfire_choices":[{"floor":7,"key":"REST"},{"floor":10,"key":"REST"},{"data":"Apotheosis","floor":15,"key":"SMITH"},{"data":"Backstab","floor":23,"key":"SMITH"},{"data":"Neutralize","floor":32,"key":"SMITH"},{"floor":41,"key":"REST"},{"data":"After Image","floor":47,"key":"SMITH"},{"data":"Acrobatics","floor":49,"key":"SMITH"}],"neow_cost":"","seed_source_timestamp":0,"circlet_count":0,"master_deck":["Defend_G","Defend_G+1","Defend_G","Defend_G","Defend_G","Strike_G","Strike_G","Survivor","Neutralize+1","Backstab+1","Backflip+1","Corpse Explosion+1","Noxious Fumes","Dodge and Roll","Acrobatics+1","Apotheosis+1","Noxious Fumes","Sucker Punch+1","Deadly Poison","Backstab+1","After Image+1","Prepared","Concentrate","Prepared+1","Crippling Poison","Tactician+1","Backflip+1"],"special_seed":0,"relics":["Ring of the Snake","Bloody Idol","Tough Bandages","Paper Crane","Sundial","Juzu Bracelet","HoveringKite","Boot","Question Card","War Paint","Ancient Tea Set","MutagenicStrength","Tiny House","MawBank","Dodecahedron","Pen Nib","DollysMirror"],"potions_floor_usage":[8,20,33,36,36,50],"damage_taken":[{"damage":1.0,"enemies":"Cultist","floor":1.0,"turns":5.0},{"damage":0,"enemies":"2 Louse","floor":3,"turns":3},{"damage":3,"enemies":"Jaw Worm","floor":4,"turns":5},{"damage":15,"enemies":"3 Sentries","floor":6,"turns":11},{"damage":20,"enemies":"Lagavulin","floor":8,"turns":7},{"damage":1,"enemies":"Exordium Wildlife","floor":11,"turns":2},{"damage":0,"enemies":"Gremlin Gang","floor":13,"turns":1},{"damage":16,"enemies":"Slime Boss","floor":16,"turns":9},{"damage":0,"enemies":"Chosen","floor":18,"turns":4},{"damage":0,"enemies":"3 Byrds","floor":20,"turns":2},{"damage":0,"enemies":"Shelled Parasite and Fungi","floor":22,"turns":5},{"damage":4,"enemies":"Gremlin Leader","floor":24,"turns":7},{"damage":0,"enemies":"Book of Stabbing","floor":27,"turns":5},{"damage":0,"enemies":"Snecko","floor":28,"turns":4},{"damage":10,"enemies":"Automaton","floor":33,"turns":10},{"damage":0,"enemies":"3 Shapes","floor":35,"turns":5},{"damage":15,"enemies":"3 Darklings","floor":36,"turns":3},{"damage":26,"enemies":"Reptomancer","floor":39,"turns":6},{"damage":38,"enemies":"2 Orb Walkers","floor":40,"turns":5},{"damage":0,"enemies":"Transient","floor":42,"turns":5},{"damage":0,"enemies":"Maw","floor":44,"turns":8},{"damage":5,"enemies":"3 Darklings","floor":45,"turns":3},{"damage":0,"enemies":"4 Shapes","floor":48,"turns":3},{"damage":18,"enemies":"Donu and Deca","floor":50,"turns":7}],"seed_played":"-9039156858602409037","potions_obtained":[{"floor":1,"key":"Block Potion"},{"floor":8,"key":"Block Potion"},{"floor":11,"key":"Block Potion"},{"floor":13,"key":"EssenceOfSteel"},{"floor":20,"key":"Energy Potion"},{"floor":34,"key":"Fire Potion"},{"floor":40,"key":"Energy Potion"},{"floor":45,"key":"AttackPotion"}],"is_trial":false,"path_per_floor":["M","$","M","M","?","E","R","E","T","R","M","T","M","$","R","B",null,"M","?","M","$","M","R","E","?","T","E","M","?","?","?","R","B",null,"M","M","$","?","M","E","R","M","T","M","M","$","R","M","R","B"],"character_chosen":"THE_SILENT","items_purchased":["Apotheosis","MawBank","DollysMirror"],"campfire_rested":3,"item_purchase_floors":[14,37,46],"current_hp_per_floor":[69,69,69,66,49,34,55,35,35,56,55,55,55,55,55,39,70,70,70,70,70,70,70,70,70,70,70,70,70,70,70,70,65,75,75,65,65,70,54,26,53,63,68,75,75,75,75,75,75,57],"gold":52,"neow_bonus":"","is_prod":false,"is_daily":false,"chose_seed":false,"campfire_upgraded":5,"win_rate":0,"timestamp":1536716810,"path_taken":["M","$","M","M","?","E","R","E","T","R","M","?","M","?","R","BOSS","M","?","M","$","M","R","E","?","T","E","M","?","?","?","R","BOSS","M","M","$","?","M","E","R","M","T","M","M","$","R","M","R","BOSS"],"build_version":"2018-09-06","purchased_purges":2,"victory":true,"max_hp_per_floor":[70,70,70,70,70,70,70,70,70,70,70,70,70,70,70,70,70,70,70,70,70,70,70,70,70,70,70,70,70,70,70,70,70,75,75,75,75,75,75,75,75,75,75,75,75,75,75,75,75,75],"card_choices":[{"not_picked":["Cloak And Dagger","Underhanded Strike"],"picked":"Backstab","floor":1},{"not_picked":["Cloak And Dagger","Blade Dance"],"picked":"Backflip","floor":3},{"not_picked":["Dodge and Roll","Well Laid Plans"],"picked":"Dagger Throw","floor":4},{"not_picked":["All Out Attack","Dagger Throw"],"picked":"Corpse Explosion","floor":6},{"not_picked":["Backstab","Slice"],"picked":"Noxious Fumes","floor":8},{"not_picked":["Deadly Poison","Deflect"],"picked":"Dodge and Roll","floor":11},{"not_picked":["Dodge and Roll","Masterful Stab"],"picked":"Acrobatics","floor":13},{"not_picked":["Dagger Spray","Bane+1"],"picked":"Noxious Fumes","floor":18},{"not_picked":["Blade Dance","Adrenaline"],"picked":"Sucker Punch+1","floor":20},{"not_picked":["Calculated Gamble","Slice"],"picked":"Deadly Poison","floor":22},{"not_picked":["Choke+1","Calculated Gamble","Flechettes"],"picked":"SKIP","floor":24},{"not_picked":["Underhanded Strike","Outmaneuver","Blade Dance"],"picked":"Backstab+1","floor":27},{"not_picked":["Outmaneuver","Terror+1","Quick Slash","Heel Hook"],"picked":"SKIP","floor":28},{"not_picked":["Malaise","Envenom","Phantasmal Killer"],"picked":"After Image","floor":33},{"not_picked":["Flechettes+1","Flying Knee","Dagger Spray+1","Cloak And Dagger+1"],"picked":"SKIP","floor":35},{"not_picked":["PiercingWail+1","Dodge and Roll","Bane+1"],"picked":"Prepared","floor":36},{"not_picked":["Quick Slash+1","PiercingWail","After Image"],"picked":"Concentrate","floor":39},{"not_picked":["Dagger Spray+1","Bane+1","Backflip"],"picked":"Prepared+1","floor":40},{"not_picked":["Slice+1","Blur+1","Skewer+1"],"picked":"Crippling Poison","floor":42},{"not_picked":["Cloak And Dagger","Bane","Deadly Poison+1","Riddle With Holes"],"picked":"SKIP","floor":44},{"not_picked":["Acrobatics","Underhanded Strike+1","Poisoned Stab"],"picked":"Tactician+1","floor":45},{"not_picked":["Underhanded Strike","Setup+1","Calculated Gamble","Blade Dance"],"picked":"SKIP","floor":48}],"player_experience":798725,"relics_obtained":[{"floor":6,"key":"Tough Bandages"},{"floor":8,"key":"Paper Crane"},{"floor":9,"key":"Sundial"},{"floor":12,"key":"Juzu Bracelet"},{"floor":24,"key":"Boot"},{"floor":26,"key":"War Paint"},{"floor":27,"key":"Ancient Tea Set"},{"floor":40,"key":"Dodecahedron"},{"floor":43,"key":"Pen Nib"}],"event_choices":[{"event_name":"Golden Idol","player_choice":"Take Damage","floor":5,"damage_taken":0},{"event_name":"Forgotten Altar","player_choice":"Gave Idol","floor":19,"damage_taken":0},{"event_name":"Addict","player_choice":"Obtained Relic","floor":25,"damage_taken":0},{"event_name":"Drug Dealer","player_choice":"Inject Mutagens","floor":29,"damage_taken":0},{"event_name":"Beggar","player_choice":"Gave Gold","floor":30,"damage_taken":0},{"event_name":"Masked Bandits","player_choice":"Paid Fearfully","floor":31,"damage_taken":0},{"event_name":"Falling","player_choice":"Removed Attack","floor":38,"damage_taken":0}],"is_beta":false,"boss_relics":[{"not_picked":["Runic Pyramid","Eternal Feather"],"picked":"HoveringKite"},{"not_picked":["Orrery","Cursed Key"],"picked":"Tiny House"}],"items_purged_floors":[2,21],"is_endless":false,"potions_floor_spawned":[1,8,11,13,16,20,22,24,40,45],"ascension_level":2}