{"gold_per_floor":[110,122,137,156,168,168,178,178,178,197,197,7,23,43,43,142,142,161,175,73,73,85,114,114,143,143,143,143,154,154,166,166,166],"floor_reached":33,"playtime":2929,"items_purged":["Strike_B"],"score":462,"play_id":"75404bed-3bc8-4b3e-acbb-8713582f150c","local_time":"20190316082919","is_ascension_mode":true,"campfire_choices":[{"floor":6,"key":"REST"},{"data":"Dualcast","floor":8,"key":"SMITH"},{"data":"Chill","floor":11,"key":"SMITH"},{"data":"Doom and Gloom","floor":15,"key":"SMITH"},{"floor":24,"key":"REST"},{"floor":28,"key":"REST"},{"floor":30,"key":"REST"},{"floor":32,"key":"REST"}],"neow_cost":"NONE","seed_source_timestamp":160104874604500,"circlet_count":0,"master_deck":["AscendersBane","Strike_B","Strike_B","Defend_B","Defend_B","Defend_B","Zap","Dualcast+1","Hello World","Doom and Gloom+1","Thunder Strike","Chill+1","Double Energy","Sweeping Beam","Auto Shields","Steam","Rainbow","Ball Lightning","Steam Power","Buffer","Ball Lightning","Conserve Battery","Capacitor","Writhe","Self Repair+1"],"relics":["Cracked Core","The Courier","Singing Bowl","Cursed Key","Pen Nib","DataDisk","Bag of Preparation"],"potions_floor_usage":[16,23,23,23,25,33],"damage_taken":[{"damage":1,"enemies":"2 Louse","floor":1,"turns":3},{"damage":9,"enemies":"Small Slimes","floor":2,"turns":3},{"damage":1,"enemies":"Cultist","floor":3,"turns":4},{"damage":14,"enemies":"Looter","floor":4,"turns":5},{"damage":17,"enemies":"Red Slaver","floor":5,"turns":5},{"damage":14,"enemies":"Blue Slaver","floor":7,"turns":4},{"damage":9,"enemies":"Looter","floor":10,"turns":3},{"damage":0,"enemies":"2 Fungi Beasts","floor":13,"turns":3},{"damage":0,"enemies":"3 Louse","floor":14,"turns":2},{"damage":20,"enemies":"Slime Boss","floor":16,"turns":10},{"damage":12,"enemies":"Spheric Guardian","floor":18,"turns":4},{"damage":10,"enemies":"3 Byrds","floor":19,"turns":5},{"damage":30,"enemies":"Snake Plant","floor":22,"turns":4},{"damage":0,"enemies":"Gremlin Leader","floor":23,"turns":5},{"damage":16,"enemies":"Slavers","floor":25,"turns":5},{"damage":4,"enemies":"Colosseum Slavers","floor":27,"turns":4},{"damage":40,"enemies":"Centurion and Healer","floor":29,"turns":5},{"damage":0,"enemies":"Chosen and Byrds","floor":31,"turns":4},{"damage":88,"enemies":"Collector","floor":33,"turns":7}],"seed_played":"1648777196632683120","potions_obtained":[{"floor":2,"key":"Energy Potion"},{"floor":3,"key":"Strength Potion"},{"floor":7,"key":"SpeedPotion"},{"floor":22,"key":"Poison Potion"},{"floor":23,"key":"Weak Potion"},{"floor":31,"key":"Energy Potion"}],"is_trial":false,"path_per_floor":["M","M","M","M","M","R","M","R","T","M","R","$","M","M","R","B",null,"M","M","$","?","M","E","R","E","T","?","R","M","R","M","R","B"],"character_chosen":"DEFECT","items_purchased":["Singing Bowl","Ball Lightning"],"campfire_rested":5,"item_purchase_floors":[12,20],"current_hp_per_floor":[74,65,64,50,33,57,43,43,43,34,34,34,34,34,34,14,65,55,47,47,47,17,17,42,26,26,22,47,9,35,35,61,0],"gold":166,"neow_bonus":"TEN_PERCENT_HP_BONUS","is_prod":false,"is_daily":false,"chose_seed":false,"campfire_upgraded":3,"win_rate":0,"timestamp":1552739359,"path_taken":["M","M","M","M","M","R","M","R","T","M","R","$","M","M","R","BOSS","M","M","$","?","M","E","R","E","T","?","R","M","R","M","R","BOSS"],"build_version":"2019-01-23","purchased_purges":1,"victory":false,"max_hp_per_floor":[82,82,82,82,82,82,82,82,82,82,82,82,82,82,82,82,82,84,86,86,86,86,86,86,86,86,86,86,88,88,88,88,88],"card_choices":[{"not_picked":["Cold Snap","Go for the Eyes"],"picked":"Hello World","floor":1},{"not_picked":["Coolheaded","Leap"],"picked":"Doom and Gloom","floor":2},{"not_picked":["Tempest","Steam"],"picked":"Thunder Strike","floor":3},{"not_picked":["Rebound","Coolheaded"],"picked":"Chill","floor":4},{"not_picked":["Barrage","Stack"],"picked":"Double Energy","floor":5},{"not_picked":["Rebound","Force Field"],"picked":"Sweeping Beam","floor":7},{"not_picked":["Sweeping Beam","Reprogram","Gash"],"picked":"SKIP","floor":10},{"not_picked":["Rip and Tear","Compile Driver"],"picked":"Auto Shields","floor":13},{"not_picked":["Cold Snap","Gash"],"picked":"Steam","floor":14},{"not_picked":["Core Surge","Hyperbeam"],"picked":"Rainbow","floor":16},{"not_picked":["Recycle","Go for the Eyes","Gash+1"],"picked":"Singing Bowl","floor":18},{"not_picked":["Go for the Eyes+1","Aggregate+1","Sweeping Beam"],"picked":"Singing Bowl","floor":19},{"not_picked":["Streamline","Auto Shields"],"picked":"Ball Lightning","floor":22},{"not_picked":["Stack","Go for the Eyes"],"picked":"Conserve Battery","floor":23},{"not_picked":["Force Field","Conserve Battery"],"picked":"Capacitor","floor":25},{"not_picked":["Streamline","Steam","Go for the Eyes"],"picked":"Singing Bowl","floor":29},{"not_picked":["Hello World+1","Doom and Gloom+1"],"picked":"Self Repair+1","floor":31}],"player_experience":2450143,"relics_obtained":[{"floor":9,"key":"The Courier"},{"floor":23,"key":"Pen Nib"},{"floor":25,"key":"DataDisk"},{"floor":26,"key":"Bag of Preparation"}],"event_choices":[{"damage_healed":0,"gold_gain":0,"cards_transformed":["Defend_B","Strike_B"],"player_choice":"Became Test Subject","damage_taken":0,"max_hp_gain":0,"max_hp_loss":0,"event_name":"Drug Dealer","floor":21,"gold_loss":0,"cards_obtained":["Steam Power","Buffer"]},{"damage_healed":0,"gold_gain":0,"player_choice":"Fight","damage_taken":0,"max_hp_gain":0,"max_hp_loss":0,"event_name":"Colosseum","floor":27,"gold_loss":0},{"damage_healed":0,"gold_gain":0,"player_choice":"Fled From Nobs","damage_taken":0,"max_hp_gain":0,"max_hp_loss":0,"event_name":"Colosseum","floor":27,"gold_loss":0}],"is_beta":false,"boss_relics":[{"not_picked":["Busted Crown","Fusion Hammer"],"picked":"Cursed Key"}],"items_purged_floors":[20],"is_endless":false,"potions_floor_spawned":[2,3,7,22,23,31],"killed_by":"Collector","ascension_level":10}