{"path_per_floor":["M","?","$","M","?","R","E","R","T","R","M","E","R","$","R","B",null,"M","$","?","M","$","E","R","E","T","?","E","?","R","M","R","B",null,"M","M","?","$","?","E","R","E","T","$","E","M","M","?","R","B"],"character_chosen":"IRONCLAD","items_purchased":["Clash","Vajra"],"gold_per_floor":[115,115,40,56,6,6,34,34,109,109,120,154,154,7,7,111,111,125,0,27,39,39,70,70,102,129,129,162,162,162,182,182,277,277,292,308,308,5,5,30,30,61,61,61,90,103,115,115,115,115],"floor_reached":51,"campfire_rested":2,"playtime":2529,"item_purchase_floors":[14,38],"current_hp_per_floor":[41,29,29,37,37,37,11,35,35,35,41,46,46,46,46,27,93,95,95,95,97,97,92,92,87,87,87,91,91,91,99,99,93,103,103,105,105,105,92,94,94,100,100,100,58,64,70,59,92,75],"items_purged":["Defend_R","Defend_R","Strike_R","Strike_R"],"gold":115,"score":1025,"play_id":"cf5d5bdb-437d-4ee8-88d6-4ad1fa2f30b3","local_time":"20180601135417","is_prod":false,"is_daily":false,"chose_seed":false,"is_ascension_mode":true,"campfire_upgraded":8,"win_rate":0,"timestamp":1527854057,"campfire_choices":[{"data":"Rage","floor":6,"key":"SMITH"},{"floor":8,"key":"REST"},{"data":"Bash","floor":10,"key":"SMITH"},{"data":"Iron Wave","floor":13,"key":"SMITH"},{"data":"Defend_R","floor":15,"key":"SMITH"},{"data":"Inflame","floor":24,"key":"SMITH"},{"data":"Clash","floor":30,"key":"SMITH"},{"data":"Warcry","floor":32,"key":"SMITH"},{"data":"Thunderclap","floor":41,"key":"SMITH"},{"floor":49,"key":"REST"}],"path_taken":["M","?","$","M","?","R","E","R","T","R","M","E","R","$","R","BOSS","M","$","?","M","$","E","R","E","T","?","E","?","R","M","R","BOSS","M","M","?","$","?","E","R","E","T","$","E","M","M","?","R","BOSS"],"build_version":"2018-05-31","seed_source_timestamp":1351827598481961,"purchased_purges":4,"victory":true,"master_deck":["Defend_R+1","Bash+1","Rage+1","Thunderclap+1","Iron Wave+1","Clash+1","Inflame+1","Warcry+1","Clash+1","Pommel Strike+1","Madness","Madness","Fire Breathing+1"],"max_hp_per_floor":[80,80,80,82,82,82,82,82,82,82,82,91,91,91,91,93,93,95,95,95,97,97,97,97,97,97,97,99,99,99,101,101,103,103,103,105,105,105,105,107,107,107,107,107,109,111,113,113,113,113],"relics":["Burning Blood","Singing Bowl","Bag of Marbles","Toolbox","Strawberry","Runic Dome","Red Mask","Boot","Juzu Bracelet","Omamori","Ancient Tea Set","Black Star","Vajra","Pantograph","Mercury Hourglass","Whetstone","Orichalcum","The Courier","Pen Nib","Blood Vial"],"card_choices":[{"not_picked":["True Grit","Inflame"],"picked":"Rage","floor":1},{"not_picked":["Wild Strike","Perfected Strike","Pommel Strike"],"picked":"Singing Bowl","floor":4},{"not_picked":["Perfected Strike","Sever Soul"],"picked":"Thunderclap","floor":7},{"not_picked":["Pommel Strike","Flame Barrier"],"picked":"Iron Wave","floor":11},{"not_picked":["Wild Strike","Thunderclap","Cleave"],"picked":"Singing Bowl","floor":12},{"not_picked":["Dark Embrace","Fiend Fire","Exhume"],"picked":"Singing Bowl","floor":16},{"not_picked":["Heavy Blade","Flex","Havoc"],"picked":"Singing Bowl","floor":18},{"not_picked":["Headbutt","Disarm"],"picked":"Inflame","floor":20},{"not_picked":["Flex+1","Clothesline","Havoc"],"picked":"Singing Bowl","floor":21},{"not_picked":["Power Through","Flex+1"],"picked":"Warcry","floor":23},{"not_picked":["Feel No Pain","Flex"],"picked":"Clash+1","floor":25},{"not_picked":["Limit Break","Second Wind","Anger"],"picked":"Singing Bowl","floor":28},{"not_picked":["Iron Wave","Intimidate+1","Pommel Strike"],"picked":"Singing Bowl","floor":31},{"not_picked":["Impervious","Exhume","Juggernaut"],"picked":"Singing Bowl","floor":33},{"not_picked":["Clothesline","Blood for Blood+1"],"picked":"Pommel Strike+1","floor":35},{"not_picked":["Iron Wave+1","Seeing Red","Twin Strike"],"picked":"Singing Bowl","floor":36},{"not_picked":["Headbutt","Heavy Blade","Twin Strike"],"picked":"Singing Bowl","floor":40},{"not_picked":["Bloodletting+1","True Grit"],"picked":"Fire Breathing+1","floor":42},{"not_picked":["Shrug It Off+1","True Grit","Body Slam+1"],"picked":"Singing Bowl","floor":45},{"not_picked":["True Grit","Combust","Brutality"],"picked":"Singing Bowl","floor":46},{"not_picked":["Wild Strike","Ghostly Armor","Pommel Strike"],"picked":"Singing Bowl","floor":47}],"player_experience":154448,"potions_floor_usage":[16,23,28,33,45,50],"damage_taken":[{"damage":5,"enemies":"2 Louse","floor":1,"turns":3},{"damage":0,"enemies":"Small Slimes","floor":4,"turns":4},{"damage":32,"enemies":"Lagavulin","floor":7,"turns":8},{"damage":0,"enemies":"Cultist","floor":11,"turns":3},{"damage":10,"enemies":"Gremlin Nob","floor":12,"turns":4},{"damage":27,"enemies":"Hexaghost","floor":16,"turns":8},{"damage":0,"enemies":"Chosen","floor":18,"turns":3},{"damage":0,"enemies":"Masked Bandits","floor":20,"turns":2},{"damage":0,"enemies":"Shell Parasite","floor":21,"turns":2},{"damage":15,"enemies":"Slavers","floor":23,"turns":6},{"damage":11,"enemies":"Book of Stabbing","floor":25,"turns":4},{"damage":4,"enemies":"Gremlin Leader","floor":28,"turns":4},{"damage":0,"enemies":"3 Cultists","floor":31,"turns":3},{"damage":14,"enemies":"Automaton","floor":33,"turns":6},{"damage":3,"enemies":"3 Darklings","floor":35,"turns":3},{"damage":0,"enemies":"Orb Walker","floor":36,"turns":2},{"damage":6,"enemies":"2 Orb Walkers","floor":40,"turns":3},{"damage":0,"enemies":"Giant Head","floor":42,"turns":5},{"damage":50,"enemies":"2 Orb Walkers","floor":45,"turns":5},{"damage":4,"enemies":"4 Shapes","floor":46,"turns":2},{"damage":4,"enemies":"Sphere and 2 Shapes","floor":47,"turns":3},{"damage":44,"enemies":"Time Eater","floor":50,"turns":7}],"relics_obtained":[{"floor":7,"key":"Bag of Marbles"},{"floor":9,"key":"Toolbox"},{"floor":12,"key":"Strawberry"},{"floor":20,"key":"Red Mask"},{"floor":23,"key":"Boot"},{"floor":25,"key":"Juzu Bracelet"},{"floor":26,"key":"Omamori"},{"floor":28,"key":"Ancient Tea Set"},{"floor":40,"key":"Pantograph"},{"floor":40,"key":"Mercury Hourglass"},{"floor":42,"key":"Whetstone"},{"floor":42,"key":"Orichalcum"},{"floor":43,"key":"The Courier"},{"floor":45,"key":"Pen Nib"},{"floor":45,"key":"Blood Vial"}],"event_choices":[{"event_name":"Scrap Ooze","player_choice":"success","floor":2,"damage_taken":12},{"event_name":"The Cleric","player_choice":"Card Removal","floor":5,"damage_taken":0},{"event_name":"Masked Bandits","player_choice":"Fought over 0 gold","floor":20,"damage_taken":0},{"event_name":"Ghosts","player_choice":"Ignored","floor":27,"damage_taken":0},{"event_name":"Forgotten Altar","player_choice":"Smashed Altar","floor":29,"damage_taken":0},{"event_name":"Winding Halls","player_choice":"Embrace Madness","floor":39,"damage_taken":0},{"event_name":"Wheel of Change","player_choice":"Damage","floor":48,"damage_taken":0}],"boss_relics":[{"not_picked":["Mark of Pain","Snecko Eye"],"picked":"Runic Dome"},{"not_picked":["White Beast Statue","Tiny House"],"picked":"Black Star"}],"items_purged_floors":[3,14,19,38],"potions_floor_spawned":[1,18,20,21,25,36,45,47],"seed_played":"8102535630112845538","ascension_level":2,"potions_obtained":[{"floor":1,"key":"LiquidBronze"},{"floor":18,"key":"Block Potion"},{"floor":20,"key":"PowerPotion"},{"floor":21,"key":"Energy Potion"},{"floor":25,"key":"SkillPotion"},{"floor":36,"key":"SteroidPotion"},{"floor":45,"key":"Ancient Potion"},{"floor":47,"key":"Fire Potion"}],"is_trial":false}