{"gold_per_floor":[113,113,128,203,53,53,66,80,80,100,100,115,180,180],"floor_reached":14,"playtime":1619,"items_purged":[],"score":103,"play_id":"7b5ff51a-dbf1-4e3c-9946-800ccaa73c87","local_time":"20190120214835","is_ascension_mode":true,"campfire_choices":[{"data":"Zap","floor":6,"key":"SMITH"},{"data":"Redo","floor":11,"key":"SMITH"}],"neow_cost":"NONE","seed_source_timestamp":276577612681287,"circlet_count":0,"master_deck":["Strike_B","Strike_B+1","Strike_B+1","Defend_B","Defend_B","Defend_B","Defend_B","Zap+1","Dualcast","Coolheaded","Regret","Doom and Gloom","White Noise","Redo+1","Glacier","Blizzard","Go for the Eyes"],"relics":["Cracked Core","Pantograph","Omamori","Whetstone","Dream Catcher"],"potions_floor_usage":[10,12,13],"damage_taken":[{"damage":1,"enemies":"Cultist","floor":1,"turns":3},{"damage":9,"enemies":"Jaw Worm","floor":3,"turns":4},{"damage":0,"enemies":"2 Louse","floor":7,"turns":1},{"damage":4,"enemies":"2 Fungi Beasts","floor":8,"turns":3},{"damage":6,"enemies":"3 Louse","floor":10,"turns":2},{"damage":3,"enemies":"Gremlin Gang","floor":12,"turns":3},{"damage":25,"enemies":"Lagavulin Event","floor":13,"turns":5},{"damage":16,"enemies":"Lagavulin","floor":14,"turns":4}],"seed_played":"-2358336524579193025","potions_obtained":[{"floor":3,"key":"Block Potion"},{"floor":8,"key":"Energy Potion"},{"floor":10,"key":"EssenceOfSteel"},{"floor":12,"key":"Explosive Potion"}],"is_trial":false,"path_per_floor":["M","?","M","?","$","R","M","M","T","M","R","M","?","E"],"character_chosen":"DEFECT","items_purchased":["Omamori"],"campfire_rested":0,"item_purchase_floors":[5],"current_hp_per_floor":[74,74,65,54,54,54,54,50,50,44,44,41,16,0],"gold":180,"neow_bonus":"REMOVE_CARD","is_prod":false,"is_daily":false,"chose_seed":false,"campfire_upgraded":2,"win_rate":0,"timestamp":1548038915,"path_taken":["M","?","M","?","?","R","?","M","T","?","R","M","?","E"],"build_version":"2019-01-17v2","purchased_purges":0,"victory":false,"max_hp_per_floor":[75,75,75,75,75,75,75,75,75,75,75,75,75,75],"card_choices":[{"not_picked":["Sweeping Beam","Reinforced Body"],"picked":"Coolheaded","floor":1},{"not_picked":["Auto Shields","Barrage"],"picked":"Doom and Gloom","floor":3},{"not_picked":["Consume","Steam"],"picked":"White Noise","floor":7},{"not_picked":["Gash","Compile Driver"],"picked":"Redo","floor":8},{"not_picked":["Hologram","Sweeping Beam"],"picked":"Glacier","floor":10},{"not_picked":["Sweeping Beam","Force Field"],"picked":"Blizzard","floor":12},{"not_picked":["BootSequence","Stack"],"picked":"Go for the Eyes","floor":13}],"player_experience":400273,"relics_obtained":[{"floor":9,"key":"Whetstone"},{"floor":13,"key":"Dream Catcher"}],"event_choices":[{"damage_healed":0,"gold_gain":0,"player_choice":"Box","damage_taken":0,"relics_obtained":["Pantograph"],"max_hp_gain":0,"max_hp_loss":0,"event_name":"Big Fish","floor":2,"gold_loss":0,"cards_obtained":["Regret"]},{"damage_healed":0,"gold_gain":75,"player_choice":"Gather Gold","damage_taken":11,"max_hp_gain":0,"max_hp_loss":0,"event_name":"World of Goop","floor":4,"gold_loss":0},{"damage_healed":0,"gold_gain":0,"player_choice":"Searched \u00271\u0027 times","damage_taken":0,"max_hp_gain":0,"max_hp_loss":0,"event_name":"Dead Adventurer","floor":13,"gold_loss":0}],"is_beta":false,"boss_relics":[],"items_purged_floors":[],"is_endless":false,"potions_floor_spawned":[3,8,10,12],"killed_by":"Lagavulin","ascension_level":5}