{"path_per_floor":["M","?","M","?","?","R","M","M","T","$","M","M","E","$","R","B",null,"M","?","M","?","$","E","T"],"character_chosen":"THE_SILENT","items_purchased":["Oddly Smooth Stone","Accuracy","Storm of Steel"],"gold_per_floor":[112,112,123,123,123,123,136,154,234,10,28,38,70,31,31,129,159,174,174,192,192,28,60,87,87],"floor_reached":25,"campfire_rested":0,"playtime":1991,"item_purchase_floors":[10,14,22],"current_hp_per_floor":[69,69,69,69,69,69,69,69,69,69,60,47,37,37,37,13,75,75,75,59,45,45,24,24,0],"items_purged":["Defend_G"],"gold":87,"score":243,"play_id":"109537d6-cc94-4ad5-8ebc-cdb0a153de6b","local_time":"20180605142745","is_prod":false,"is_daily":false,"chose_seed":false,"is_ascension_mode":true,"campfire_upgraded":2,"win_rate":0,"timestamp":1528201665,"campfire_choices":[{"data":"Neutralize","floor":6,"key":"SMITH"},{"data":"Cloak And Dagger","floor":15,"key":"SMITH"}],"path_taken":["M","?","M","?","?","R","M","M","T","$","M","?","E","$","R","BOSS","M","?","M","?","$","E","?","E"],"build_version":"2018-05-31","seed_source_timestamp":1699985224893150,"purchased_purges":1,"victory":false,"master_deck":["Defend_G","Defend_G","Defend_G","Strike_G","Strike_G","Strike_G","Strike_G","Survivor","Neutralize+1","Backflip","Predator+1","Deflect","Dagger Throw","Footwork","Cloak And Dagger+1","Adrenaline","Accuracy","Night Terror","Accuracy","Storm of Steel","Terror"],"max_hp_per_floor":[70,70,70,70,70,70,70,70,70,70,70,70,70,70,70,70,75,75,75,75,80,80,80,80,80],"relics":["Ring of the Snake","Kunai","Oddly Smooth Stone","Art of War","Tiny House","Blue Candle","Omamori"],"card_choices":[{"not_picked":["Accuracy","Sucker Punch"],"picked":"Backflip","floor":1},{"not_picked":["Distraction","Catalyst"],"picked":"Predator","floor":3},{"not_picked":["Dodge and Roll","Bouncing Flask"],"picked":"Deflect","floor":7},{"not_picked":["Poisoned Stab","Outmaneuver"],"picked":"Dagger Throw","floor":8},{"not_picked":["Deadly Poison","Finisher"],"picked":"Footwork","floor":11},{"not_picked":["Tactician","Acrobatics"],"picked":"Cloak And Dagger","floor":12},{"not_picked":["Concentrate","Bane"],"picked":"Adrenaline","floor":13},{"not_picked":["Tools of the Trade","Wraith Form v2"],"picked":"Night Terror","floor":16},{"not_picked":["Crippling Poison","Deflect"],"picked":"Accuracy","floor":17},{"not_picked":["Acrobatics+1","Deadly Poison","Quick Slash"],"picked":"SKIP","floor":18},{"not_picked":["PiercingWail","Leg Sweep","Quick Slash"],"picked":"SKIP","floor":20},{"not_picked":["Deadly Poison","Dash+1"],"picked":"Terror","floor":23}],"player_experience":190770,"potions_floor_usage":[3,16,23,25,25],"damage_taken":[{"damage":1,"enemies":"2 Louse","floor":1,"turns":2},{"damage":0,"enemies":"Jaw Worm","floor":3,"turns":7},{"damage":0,"enemies":"Small Slimes","floor":7,"turns":2},{"damage":0,"enemies":"3 Louse","floor":8,"turns":3},{"damage":9,"enemies":"Blue Slaver","floor":11,"turns":4},{"damage":13,"enemies":"Gremlin Gang","floor":12,"turns":4},{"damage":10,"enemies":"3 Sentries","floor":13,"turns":9},{"damage":24,"enemies":"Slime Boss","floor":16,"turns":17},{"damage":0,"enemies":"Shell Parasite","floor":18,"turns":6},{"damage":16,"enemies":"Spheric Guardian","floor":20,"turns":6},{"damage":21,"enemies":"Book of Stabbing","floor":23,"turns":6},{"damage":27,"enemies":"Gremlin Leader","floor":25,"turns":9}],"relics_obtained":[{"floor":9,"key":"Kunai"},{"floor":13,"key":"Art of War"},{"floor":23,"key":"Blue Candle"},{"floor":24,"key":"Omamori"}],"event_choices":[{"event_name":"Living Wall","player_choice":"Forget","floor":2,"damage_taken":0},{"event_name":"Liars Game","player_choice":"disagreed","floor":4,"damage_taken":0},{"event_name":"Bonfire Elementals","player_choice":"BASIC","floor":5,"damage_taken":0},{"event_name":"Ghosts","player_choice":"Ignored","floor":19,"damage_taken":0},{"event_name":"Forgotten Altar","player_choice":"Shed Blood","floor":21,"damage_taken":0}],"boss_relics":[{"not_picked":["Runic Pyramid","Calling Bell"],"picked":"Tiny House"}],"items_purged_floors":[10],"potions_floor_spawned":[1,11,16,23],"seed_played":"2592158680655006706","killed_by":"Gremlin Leader","ascension_level":2,"potions_obtained":[{"floor":1,"key":"Energy Potion"},{"floor":11,"key":"SpeedPotion"},{"floor":16,"key":"Poison Potion"},{"floor":17,"key":"Swift Potion"},{"floor":23,"key":"Weak Potion"}],"is_trial":false}