{"gold_per_floor":[112,187,187,77,90,120,120,153,180,199,88,118,136,152,152,152],"floor_reached":16,"playtime":901,"items_purged":[],"score":198,"play_id":"4937157c-1e7f-4af0-aa96-4f33a85d56e6","local_time":"20190521002333","is_ascension_mode":true,"campfire_choices":[{"floor":7,"key":"REST"},{"floor":15,"key":"REST"}],"neow_cost":"NONE","seed_source_timestamp":351232933030500,"circlet_count":0,"master_deck":["AscendersBane","Strike_B","Strike_B","Strike_B","Strike_B","Defend_B","Defend_B","Defend_B","Defend_B","Zap","Dualcast","Chill","Force Field","Coolheaded","Glacier","Reinforced Body","Tempest","Double Energy","Storm","Conserve Battery","Tempest"],"relics":["Cracked Core","Strawberry","Vajra","Bronze Scales","Bag of Preparation"],"potions_floor_usage":[16],"damage_taken":[{"damage":5,"enemies":"2 Louse","floor":1,"turns":3},{"damage":2,"enemies":"Jaw Worm","floor":5,"turns":3},{"damage":30,"enemies":"Gremlin Nob","floor":6,"turns":6},{"damage":25,"enemies":"3 Sentries","floor":8,"turns":24},{"damage":0,"enemies":"Small Slimes","floor":10,"turns":4},{"damage":0,"enemies":"2 Fungi Beasts","floor":13,"turns":3},{"damage":2,"enemies":"Exordium Wildlife","floor":14,"turns":3},{"damage":44,"enemies":"Hexaghost","floor":16,"turns":12}],"seed_played":"-5175574037386414300","potions_obtained":[{"floor":8,"key":"Poison Potion"},{"floor":10,"key":"LiquidBronze"}],"is_trial":false,"path_per_floor":["M","?","?","$","M","E","R","E","T","M","$","?","M","M","R","B"],"character_chosen":"DEFECT","items_purchased":["Force Field","Coolheaded","Storm","Conserve Battery"],"campfire_rested":2,"item_purchase_floors":[4,4,11,11],"current_hp_per_floor":[66,55,51,51,49,19,44,19,19,19,19,19,19,17,42,0],"gold":152,"neow_bonus":"TEN_PERCENT_HP_BONUS","is_prod":false,"is_daily":false,"chose_seed":false,"campfire_upgraded":0,"win_rate":0,"timestamp":1558412613,"path_taken":["M","?","?","$","M","E","R","E","T","M","?","?","M","M","R","BOSS"],"build_version":"2019-01-23","purchased_purges":0,"victory":false,"max_hp_per_floor":[78,78,85,85,85,85,85,85,85,85,85,85,85,85,85,85],"card_choices":[{"not_picked":["Conserve Battery","Streamline"],"picked":"Chill","floor":1},{"not_picked":["Beam Cell","Rebound"],"picked":"Glacier","floor":5},{"not_picked":["Gash","Reprogram"],"picked":"Reinforced Body","floor":6},{"not_picked":["Sweeping Beam","Aggregate"],"picked":"Tempest","floor":8},{"not_picked":["Lockon","Sunder"],"picked":"Double Energy","floor":10},{"not_picked":["Skim","Redo","Compile Driver"],"picked":"SKIP","floor":13},{"not_picked":["Beam Cell","Hologram"],"picked":"Tempest","floor":14}],"player_experience":2934078,"relics_obtained":[{"floor":6,"key":"Vajra"},{"floor":8,"key":"Bronze Scales"},{"floor":9,"key":"Bag of Preparation"}],"event_choices":[{"damage_healed":0,"gold_gain":75,"player_choice":"Gather Gold","damage_taken":11,"max_hp_gain":0,"max_hp_loss":0,"event_name":"World of Goop","floor":2,"gold_loss":0},{"damage_healed":0,"gold_gain":0,"player_choice":"Success","damage_taken":11,"relics_obtained":["Strawberry"],"max_hp_gain":0,"max_hp_loss":0,"event_name":"Scrap Ooze","floor":3,"gold_loss":0},{"damage_healed":0,"gold_gain":30,"player_choice":"Searched \u00271\u0027 times","damage_taken":0,"max_hp_gain":0,"max_hp_loss":0,"event_name":"Dead Adventurer","floor":12,"gold_loss":0}],"is_beta":false,"boss_relics":[],"items_purged_floors":[],"is_endless":false,"potions_floor_spawned":[8,10],"killed_by":"Hexaghost","ascension_level":16}