{"gold_per_floor":[111,286,286,88,108,134,34,44,44,44,54,54,54,54],"floor_reached":14,"playtime":466,"items_purged":["Writhe","Defend_R"],"score":136,"play_id":"cbb67dd2-9b43-4d1c-a9f1-cc574a1aff1c","local_time":"20190509164104","is_ascension_mode":true,"campfire_choices":[{"data":"Iron Wave","floor":10,"key":"SMITH"},{"data":"Fire Breathing","floor":12,"key":"SMITH"}],"neow_cost":"NONE","seed_source_timestamp":3467575481480997,"circlet_count":0,"master_deck":["AscendersBane","Strike_R","Strike_R","Strike_R","Strike_R","Strike_R","Defend_R","Defend_R","Bash","Pummel","Iron Wave+1","Clash","Fire Breathing+1"],"relics":["Burning Blood","Tiny Chest","Darkstone Periapt","Blood Vial"],"potions_floor_usage":[14],"damage_taken":[{"damage":9,"enemies":"Jaw Worm","floor":1,"turns":3},{"damage":11,"enemies":"Cultist","floor":5,"turns":4},{"damage":46,"enemies":"Gremlin Nob","floor":6,"turns":5},{"damage":1,"enemies":"Small Slimes","floor":8,"turns":3},{"damage":0,"enemies":"2 Fungi Beasts","floor":11,"turns":3},{"damage":41,"enemies":"3 Sentries","floor":14,"turns":8}],"seed_played":"-322903368277550469","potions_obtained":[{"floor":5,"key":"GamblersBrew"}],"is_trial":false,"path_per_floor":["M","?","?","$","M","E","$","M","T","R","M","R","?","E"],"character_chosen":"IRONCLAD","items_purchased":["Tiny Chest"],"campfire_rested":0,"item_purchase_floors":[4],"current_hp_per_floor":[69,69,69,69,64,24,24,29,29,29,37,37,37,0],"gold":54,"neow_bonus":"TRANSFORM_CARD","is_prod":false,"is_daily":false,"chose_seed":false,"campfire_upgraded":2,"win_rate":0,"timestamp":1557412864,"path_taken":["M","?","?","$","?","E","?","M","T","R","M","R","?","E"],"build_version":"2019-01-23","purchased_purges":2,"victory":false,"max_hp_per_floor":[80,80,80,80,80,80,80,80,80,80,80,80,80,80],"card_choices":[{"not_picked":["Perfected Strike","Entrench","Armaments"],"picked":"SKIP","floor":1},{"not_picked":["Cleave","Twin Strike"],"picked":"Iron Wave","floor":5},{"not_picked":["Brutality","Burning Pact"],"picked":"Clash","floor":6},{"not_picked":["Flame Barrier","Heavy Blade","Flex"],"picked":"SKIP","floor":8},{"not_picked":["Warcry","Armaments"],"picked":"Fire Breathing","floor":11}],"player_experience":504376,"relics_obtained":[{"floor":6,"key":"Darkstone Periapt"},{"floor":9,"key":"Blood Vial"}],"event_choices":[{"damage_healed":0,"gold_gain":175,"player_choice":"AGREE","damage_taken":0,"max_hp_gain":0,"max_hp_loss":0,"event_name":"Liars Game","floor":2,"gold_loss":0,"cards_obtained":["Doubt"]},{"damage_healed":0,"gold_gain":0,"cards_transformed":["Doubt"],"player_choice":"Transformed","damage_taken":0,"max_hp_gain":0,"max_hp_loss":0,"event_name":"Transmorgrifier","floor":3,"gold_loss":0,"cards_obtained":["Writhe"]},{"damage_healed":0,"gold_gain":0,"player_choice":"0 cards matched","damage_taken":0,"max_hp_gain":0,"max_hp_loss":0,"event_name":"Match and Keep!","floor":13,"gold_loss":0,"cards_obtained":[]}],"is_beta":false,"boss_relics":[],"items_purged_floors":[4,7],"is_endless":false,"potions_floor_spawned":[5],"killed_by":"3 Sentries","ascension_level":11}