{"gold_per_floor":[111,128,147,161,161,161,190,190,190,190,222,222,239,239,239,239],"floor_reached":16,"playtime":696,"items_purged":[],"score":165,"play_id":"ae12df5c-00a4-435e-8206-ca8abfa1c6f3","local_time":"20190112131915","is_ascension_mode":true,"campfire_choices":[{"data":"Perfected Strike","floor":6,"key":"SMITH"},{"data":"Bloodletting","floor":10,"key":"SMITH"},{"data":"Perfected Strike","floor":12,"key":"SMITH"},{"floor":15,"key":"REST"}],"neow_cost":"NONE","seed_source_timestamp":46903640702621,"circlet_count":0,"master_deck":["AscendersBane","Strike_R","Strike_R","Strike_R","Strike_R","Defend_R","Defend_R","Defend_R","Defend_R","Bash","Perfected Strike+1","Rupture","Sword Boomerang","Ghostly Armor","Bloodletting+1","Perfected Strike+1","Hemokinesis","Headbutt","Shrug It Off"],"relics":["Burning Blood","Meat on the Bone","Question Card","Kunai","Nunchaku"],"potions_floor_usage":[11,16],"damage_taken":[{"damage":1,"enemies":"Cultist","floor":1,"turns":3},{"damage":7,"enemies":"Jaw Worm","floor":2,"turns":3},{"damage":7,"enemies":"Small Slimes","floor":3,"turns":3},{"damage":6,"enemies":"2 Fungi Beasts","floor":4,"turns":4},{"damage":26,"enemies":"Gremlin Nob","floor":7,"turns":4},{"damage":30,"enemies":"3 Sentries","floor":11,"turns":9},{"damage":30,"enemies":"Gremlin Gang","floor":13,"turns":5},{"damage":55,"enemies":"Hexaghost","floor":16,"turns":10}],"seed_played":"2387428856648813153","potions_obtained":[{"floor":1,"key":"SkillPotion"},{"floor":2,"key":"Swift Potion"},{"floor":7,"key":"GamblersBrew"}],"is_trial":false,"path_per_floor":["M","M","M","M","?","R","E","?","T","R","E","R","M","?","R","B"],"character_chosen":"IRONCLAD","items_purchased":[],"campfire_rested":1,"item_purchase_floors":[],"current_hp_per_floor":[77,76,75,75,75,75,55,55,55,55,43,43,31,31,55,0],"gold":239,"neow_bonus":"THREE_CARDS","is_prod":false,"is_daily":false,"chose_seed":false,"campfire_upgraded":3,"win_rate":0,"timestamp":1547317155,"path_taken":["M","?","M","?","?","R","E","?","T","R","E","R","M","?","R","BOSS"],"build_version":"2019-01-10","purchased_purges":0,"victory":false,"max_hp_per_floor":[80,80,80,80,80,80,80,80,80,80,80,80,80,80,80,80],"card_choices":[{"not_picked":["Pummel","Sentinel"],"picked":"Perfected Strike","floor":0},{"not_picked":["Power Through","Headbutt"],"picked":"Rupture","floor":1},{"not_picked":["Sentinel","Clash"],"picked":"Sword Boomerang","floor":2},{"not_picked":["Thunderclap","Iron Wave"],"picked":"Ghostly Armor","floor":3},{"not_picked":["Pummel","Flex"],"picked":"Bloodletting","floor":4},{"not_picked":["Clash","Sword Boomerang"],"picked":"Perfected Strike","floor":7},{"not_picked":["Thunderclap","Shockwave","Blood for Blood"],"picked":"Headbutt","floor":11},{"not_picked":["Body Slam","True Grit","Entrench"],"picked":"Shrug It Off","floor":13}],"player_experience":1737010,"relics_obtained":[{"floor":7,"key":"Question Card"},{"floor":9,"key":"Kunai"},{"floor":11,"key":"Nunchaku"}],"event_choices":[{"damage_healed":0,"gold_gain":0,"player_choice":"Box","damage_taken":0,"relics_obtained":["Meat on the Bone"],"max_hp_gain":0,"max_hp_loss":0,"event_name":"Big Fish","floor":5,"gold_loss":0,"cards_obtained":["Regret"]},{"damage_healed":0,"gold_gain":0,"cards_transformed":["Strike_R"],"player_choice":"Change","damage_taken":0,"max_hp_gain":0,"max_hp_loss":0,"event_name":"Living Wall","floor":8,"gold_loss":0,"cards_obtained":["Hemokinesis"]},{"cards_removed":["Regret"],"damage_healed":0,"gold_gain":0,"player_choice":"Purged","damage_taken":0,"max_hp_gain":0,"max_hp_loss":0,"event_name":"Purifier","floor":14,"gold_loss":0}],"is_beta":false,"boss_relics":[],"items_purged_floors":[],"is_endless":false,"potions_floor_spawned":[1,2,7],"killed_by":"Hexaghost","ascension_level":10}