{"gold_per_floor":[111,111,186,42,56,56,56,56,82,95,112,5,24,40,40,140,140,156,176,105,117,127,127,142,153,233,233,233,18,18,47,47,47],"floor_reached":33,"playtime":1673,"items_purged":["Regret"],"score":389,"play_id":"32f54d08-7189-444c-8183-f95a8797968e","local_time":"20190316092517","is_ascension_mode":true,"campfire_choices":[{"data":"Zap","floor":6,"key":"SMITH"},{"data":"Self Repair","floor":8,"key":"SMITH"},{"data":"Capacitor","floor":15,"key":"SMITH"},{"floor":23,"key":"REST"},{"floor":28,"key":"REST"},{"floor":30,"key":"REST"},{"floor":32,"key":"REST"}],"neow_cost":"NONE","seed_source_timestamp":163057991507900,"circlet_count":0,"master_deck":["AscendersBane","Strike_B+1","Strike_B","Strike_B","Strike_B","Defend_B","Defend_B+1","Defend_B","Defend_B+1","Zap+1","Dualcast+1","Melter","Capacitor+1","Self Repair+1","Loop","Self Repair","Self Repair","Chaos","Skim","Conserve Battery","Biased Cognition","Leap+1","Conserve Battery+1","Loop","Coolheaded","White Noise","Storm","Stack+1","Cold Snap+1","Darkness","Sunder+1","Defragment","Doom and Gloom","Stack"],"relics":["Cracked Core","War Paint","Dream Catcher","Bronze Scales","Runic Pyramid","Meat on the Bone","Membership Card","Whetstone"],"potions_floor_usage":[13,16,16,16,19,19,19,22,22,31],"damage_taken":[{"damage":0,"enemies":"Small Slimes","floor":1,"turns":3},{"damage":0,"enemies":"2 Louse","floor":5,"turns":1},{"damage":0,"enemies":"Jaw Worm","floor":10,"turns":3},{"damage":9,"enemies":"Red Slaver","floor":11,"turns":3},{"damage":10,"enemies":"Lots of Slimes","floor":13,"turns":1},{"damage":6,"enemies":"Looter","floor":14,"turns":3},{"damage":54,"enemies":"Hexaghost","floor":16,"turns":12},{"damage":19,"enemies":"3 Byrds","floor":18,"turns":3},{"damage":18,"enemies":"Chosen","floor":19,"turns":7},{"damage":58,"enemies":"3 Cultists","floor":21,"turns":7},{"damage":27,"enemies":"Snecko","floor":22,"turns":7},{"damage":10,"enemies":"Snake Plant","floor":24,"turns":3},{"damage":33,"enemies":"Cultist and Chosen","floor":25,"turns":6},{"damage":50,"enemies":"Slavers","floor":31,"turns":5},{"damage":76,"enemies":"Collector","floor":33,"turns":5}],"seed_played":"7249600875546843276","potions_obtained":[{"floor":1,"key":"SpeedPotion"},{"floor":5,"key":"EntropicBrew"},{"floor":10,"key":"Explosive Potion"},{"floor":14,"key":"EntropicBrew"},{"floor":21,"key":"Explosive Potion"},{"floor":25,"key":"Swift Potion"},{"floor":31,"key":"Ancient Potion"}],"is_trial":false,"path_per_floor":["M","?","?","$","M","R","T","R","T","M","M","$","M","M","R","B",null,"M","M","$","M","M","R","M","M","T","?","R","$","R","E","R","B"],"character_chosen":"DEFECT","items_purchased":["Capacitor","Self Repair","Chaos","Loop","Membership Card","Sunder"],"campfire_rested":4,"item_purchase_floors":[4,12,12,20,29,29],"current_hp_per_floor":[68,68,57,57,57,57,57,57,57,67,68,68,65,75,75,45,68,66,72,72,24,26,48,38,19,19,19,41,41,63,49,71,0],"gold":47,"neow_bonus":"UPGRADE_CARD","is_prod":false,"is_daily":false,"chose_seed":false,"campfire_upgraded":3,"win_rate":0,"timestamp":1552742717,"path_taken":["M","?","?","$","M","R","?","R","T","M","M","$","M","?","R","BOSS","M","M","?","M","M","R","M","M","T","?","R","$","R","E","R","BOSS"],"build_version":"2019-01-23","purchased_purges":1,"victory":false,"max_hp_per_floor":[75,75,75,75,75,75,75,75,75,75,75,75,75,75,75,75,75,75,75,75,75,75,75,75,75,75,75,75,75,75,75,75,75],"card_choices":[{"not_picked":["Auto Shields","Redo"],"picked":"Melter","floor":1},{"not_picked":["Genetic Algorithm","Hologram"],"picked":"Self Repair","floor":5},{"not_picked":["Conserve Battery","Streamline"],"picked":"Loop","floor":10},{"not_picked":["Glacier","Coolheaded"],"picked":"Self Repair","floor":11},{"not_picked":["Barrage","Leap"],"picked":"Skim","floor":13},{"not_picked":["Scrape","Reprogram"],"picked":"Conserve Battery","floor":14},{"not_picked":["Creative AI","Multi-Cast"],"picked":"Biased Cognition","floor":16},{"not_picked":["Fusion+1","Barrage"],"picked":"Leap+1","floor":18},{"not_picked":["Turbo","Redo"],"picked":"Conserve Battery+1","floor":19},{"not_picked":["Cold Snap","Gash"],"picked":"Coolheaded","floor":21},{"not_picked":["Storm","Steam Power"],"picked":"White Noise","floor":22},{"not_picked":["Hologram","Skim+1"],"picked":"Storm","floor":23},{"not_picked":["Gash","Genetic Algorithm"],"picked":"Stack+1","floor":24},{"not_picked":["Stack","Turbo"],"picked":"Cold Snap+1","floor":25},{"not_picked":["Beam Cell","Stack"],"picked":"Darkness","floor":28},{"not_picked":["Genetic Algorithm","Hello World"],"picked":"Defragment","floor":30},{"not_picked":["Ball Lightning","Machine Learning"],"picked":"Doom and Gloom","floor":31},{"not_picked":["Gash","Steam"],"picked":"Stack","floor":32}],"player_experience":2453072,"relics_obtained":[{"floor":7,"key":"Dream Catcher"},{"floor":9,"key":"Bronze Scales"},{"floor":26,"key":"Meat on the Bone"},{"floor":31,"key":"Whetstone"}],"event_choices":[{"damage_healed":0,"gold_gain":0,"player_choice":"Box","damage_taken":0,"relics_obtained":["War Paint"],"max_hp_gain":0,"max_hp_loss":0,"event_name":"Big Fish","floor":2,"gold_loss":0,"cards_obtained":["Regret"]},{"damage_healed":0,"gold_gain":75,"player_choice":"Gather Gold","damage_taken":11,"max_hp_gain":0,"max_hp_loss":0,"event_name":"World of Goop","floor":3,"gold_loss":0},{"damage_healed":0,"gold_gain":0,"player_choice":"Ignored","damage_taken":0,"max_hp_gain":0,"max_hp_loss":0,"event_name":"Vampires","floor":27,"gold_loss":0}],"is_beta":false,"boss_relics":[{"not_picked":["Orrery","Coffee Dripper"],"picked":"Runic Pyramid"}],"items_purged_floors":[4],"is_endless":false,"potions_floor_spawned":[1,5,10,14,21,25,31],"killed_by":"Collector","ascension_level":10}