{"gold_per_floor":[364,364,374,390,402,402,435,435,435,228,228,228,228,228,228,300,300,315,328,249,249],"floor_reached":21,"playtime":881,"items_purged":[],"score":319,"play_id":"7fb11263-8e1a-4543-9336-42a8efeedf9c","local_time":"20190503162356","is_ascension_mode":true,"campfire_choices":[{"floor":6,"key":"REST"},{"floor":8,"key":"REST"},{"data":"Storm","floor":11,"key":"SMITH"},{"data":"Static Discharge","floor":15,"key":"SMITH"}],"neow_cost":"TEN_PERCENT_HP_LOSS","seed_source_timestamp":1449979055735000,"circlet_count":0,"master_deck":["AscendersBane","Strike_B","Strike_B","Strike_B","Defend_B","Defend_B","Defend_B","Defend_B","Zap","Dualcast","Hello World","Redo","Storm+1","White Noise","Sweeping Beam+1","Static Discharge+1","Blizzard+1","Chill","Regret","Thunder Strike+1","Static Discharge","Ball Lightning+1","Self Repair"],"relics":["Cracked Core","Molten Egg 2","Gremlin Horn","Meat on the Bone","Velvet Choker"],"potions_floor_usage":[7,19],"damage_taken":[{"damage":1,"enemies":"2 Louse","floor":1,"turns":2},{"damage":9,"enemies":"Jaw Worm","floor":3,"turns":4},{"damage":0,"enemies":"Cultist","floor":4,"turns":4},{"damage":14,"enemies":"Exordium Wildlife","floor":5,"turns":4},{"damage":25,"enemies":"3 Sentries","floor":7,"turns":7},{"damage":44,"enemies":"Slime Boss","floor":16,"turns":6},{"damage":28,"enemies":"2 Thieves","floor":18,"turns":3},{"damage":0,"enemies":"3 Byrds","floor":19,"turns":3},{"damage":51,"enemies":"Shelled Parasite and Fungi","floor":21,"turns":3}],"seed_played":"8115513893375955887","potions_obtained":[{"floor":1,"key":"LiquidBronze"},{"floor":7,"key":"FearPotion"},{"floor":18,"key":"Explosive Potion"}],"is_trial":false,"path_per_floor":["M","?","M","M","M","R","E","R","T","$","R","?","$","?","R","B",null,"M","M","$","M"],"character_chosen":"DEFECT","items_purchased":["Static Discharge","Blizzard+1","Chill","Self Repair"],"campfire_rested":2,"item_purchase_floors":[10,10,10,20],"current_hp_per_floor":[63,56,47,47,33,52,27,46,46,46,46,46,46,64,64,32,56,40,40,40,0],"gold":249,"neow_bonus":"TWO_FIFTY_GOLD","is_prod":false,"is_daily":false,"chose_seed":false,"campfire_upgraded":2,"win_rate":0,"timestamp":1556915036,"path_taken":["M","?","M","M","M","R","E","R","T","$","R","?","?","?","R","BOSS","M","?","$","M"],"build_version":"2019-01-23","purchased_purges":0,"victory":false,"max_hp_per_floor":[64,64,64,64,64,64,64,64,64,64,64,64,64,64,64,64,64,64,64,64,64],"card_choices":[{"not_picked":["Compile Driver","Stack"],"picked":"Hello World","floor":1},{"not_picked":["Go for the Eyes","Leap"],"picked":"Redo","floor":3},{"not_picked":["Genetic Algorithm","Chaos"],"picked":"Storm","floor":4},{"not_picked":["Redo","Turbo"],"picked":"White Noise","floor":5},{"not_picked":["Rebound","Consume"],"picked":"Sweeping Beam","floor":7},{"not_picked":["Machine Learning","Buffer"],"picked":"Thunder Strike+1","floor":16},{"not_picked":["Hologram","Streamline+1"],"picked":"Static Discharge","floor":18},{"not_picked":["Barrage+1","Hologram"],"picked":"Ball Lightning+1","floor":19}],"player_experience":2882714,"relics_obtained":[{"floor":7,"key":"Molten Egg 2"},{"floor":9,"key":"Gremlin Horn"}],"event_choices":[{"cards_removed":["Strike_B"],"damage_healed":0,"gold_gain":0,"player_choice":"Card Removal","damage_taken":7,"max_hp_gain":0,"max_hp_loss":0,"event_name":"Golden Wing","floor":2,"gold_loss":0},{"damage_healed":0,"gold_gain":0,"player_choice":"Box","damage_taken":0,"relics_obtained":["Meat on the Bone"],"max_hp_gain":0,"max_hp_loss":0,"event_name":"Big Fish","floor":12,"gold_loss":0,"cards_obtained":["Regret"]},{"damage_healed":18,"gold_gain":0,"player_choice":"Full Heal","damage_taken":0,"max_hp_gain":0,"max_hp_loss":0,"event_name":"Wheel of Change","floor":14,"gold_loss":0}],"is_beta":false,"boss_relics":[{"not_picked":["White Beast Statue","Philosopher\u0027s Stone"],"picked":"Velvet Choker"}],"items_purged_floors":[],"is_endless":false,"potions_floor_spawned":[1,7,18],"killed_by":"Shelled Parasite and Fungi","ascension_level":16}