{"gold_per_floor":[110,35,35,54,64,64,77,252,252,252,89,105,5,18,18,115,115,134,151,151],"floor_reached":20,"playtime":1304,"items_purged":["Strike_R","Doubt"],"score":249,"play_id":"159188d6-00eb-4582-9564-77fc3409c3dc","local_time":"20190112130719","is_ascension_mode":true,"campfire_choices":[{"data":"Immolate","floor":6,"key":"SMITH"},{"data":"Bash","floor":15,"key":"SMITH"}],"neow_cost":"PERCENT_DAMAGE","seed_source_timestamp":45574915592991,"circlet_count":0,"master_deck":["AscendersBane","Strike_R","Strike_R","Strike_R","Strike_R","Defend_R","Defend_R","Defend_R","Defend_R","Bash+1","Immolate+1","Thunderclap","Cleave","Feed","Impatience","Mayhem","Clothesline","Juggernaut","Armaments"],"relics":["Burning Blood","Turnip","Philosopher\u0027s Stone"],"potions_floor_usage":[12,14,16,16,16,18],"damage_taken":[{"damage":8,"enemies":"Small Slimes","floor":1,"turns":3},{"damage":6,"enemies":"Cultist","floor":4,"turns":4},{"damage":4,"enemies":"Jaw Worm","floor":5,"turns":4},{"damage":0,"enemies":"3 Louse","floor":7,"turns":1},{"damage":14,"enemies":"Red Slaver","floor":12,"turns":2},{"damage":11,"enemies":"2 Fungi Beasts","floor":14,"turns":3},{"damage":26,"enemies":"Slime Boss","floor":16,"turns":6},{"damage":31,"enemies":"Shell Parasite","floor":18,"turns":4},{"damage":38,"enemies":"Spheric Guardian","floor":19,"turns":5},{"damage":23,"enemies":"Snecko","floor":20,"turns":3}],"seed_played":"6521123796676850768","potions_obtained":[{"floor":5,"key":"Explosive Potion"},{"floor":7,"key":"Regen Potion"},{"floor":10,"key":"EntropicBrew"},{"floor":19,"key":"LiquidBronze"}],"is_trial":false,"path_per_floor":["M","$","?","M","M","R","M","?","T","?","$","M","$","M","R","B",null,"M","M","M"],"character_chosen":"IRONCLAD","items_purchased":["Mayhem"],"campfire_rested":0,"item_purchase_floors":[11],"current_hp_per_floor":[49,49,49,49,54,54,60,60,60,60,60,52,52,50,50,30,72,52,20,0],"gold":151,"neow_bonus":"THREE_RARE_CARDS","is_prod":false,"is_daily":false,"chose_seed":false,"campfire_upgraded":2,"win_rate":0,"timestamp":1547316439,"path_taken":["M","$","?","M","?","R","M","?","T","?","$","?","?","M","R","BOSS","M","M","M"],"build_version":"2019-01-10","purchased_purges":2,"victory":false,"max_hp_per_floor":[80,80,80,80,83,83,83,83,83,83,83,83,83,86,86,86,86,86,86,86],"card_choices":[{"not_picked":["Bludgeon","Double Tap"],"picked":"Immolate","floor":0},{"not_picked":["Combust","Armaments"],"picked":"Thunderclap","floor":1},{"not_picked":["Havoc","Anger","True Grit"],"picked":"SKIP","floor":4},{"not_picked":["Immolate","Cleave","Iron Wave"],"picked":"SKIP","floor":5},{"not_picked":["Uppercut","Rampage","Anger"],"picked":"SKIP","floor":7},{"not_picked":["Fire Breathing","Rampage","Pommel Strike"],"picked":"SKIP","floor":12},{"not_picked":["Havoc","Headbutt"],"picked":"Clothesline","floor":14},{"not_picked":["Feed","Brutality"],"picked":"Juggernaut","floor":16},{"not_picked":["Perfected Strike","Sword Boomerang+1","Inflame"],"picked":"SKIP","floor":18},{"not_picked":["Havoc","Anger"],"picked":"Armaments","floor":19}],"player_experience":1735706,"relics_obtained":[{"floor":9,"key":"Turnip"}],"event_choices":[{"damage_healed":0,"gold_gain":0,"player_choice":"3 cards matched","damage_taken":0,"max_hp_gain":0,"max_hp_loss":0,"event_name":"Match and Keep!","floor":3,"gold_loss":0,"cards_obtained":["Cleave","Feed","Impatience"]},{"damage_healed":0,"gold_gain":175,"player_choice":"AGREE","damage_taken":0,"max_hp_gain":0,"max_hp_loss":0,"event_name":"Liars Game","floor":8,"gold_loss":0,"cards_obtained":["Doubt"]},{"damage_healed":0,"gold_gain":0,"player_choice":"Got Potions","damage_taken":0,"max_hp_gain":0,"max_hp_loss":0,"event_name":"Lab","floor":10,"gold_loss":0}],"is_beta":false,"boss_relics":[{"not_picked":["Coffee Dripper","Orrery"],"picked":"Philosopher\u0027s Stone"}],"items_purged_floors":[2,13],"is_endless":false,"potions_floor_spawned":[5,7,19],"killed_by":"Snecko","ascension_level":10}