{"gold_per_floor":[99,99,99,99,99,99,99,99,99,54,54,54,54,1,1,1,1,1,1,1,1,1,1,1,1,1,1,1,1],"floor_reached":29,"playtime":1591,"items_purged":[],"score":263,"play_id":"d58fa5d0-d3e2-4703-91d3-0529ff735280","local_time":"20190520160247","is_ascension_mode":false,"campfire_choices":[{"data":"Outmaneuver","floor":6.0,"key":"SMITH"},{"data":"Blade Dance","floor":8.0,"key":"SMITH"},{"data":"Caltrops","floor":15.0,"key":"SMITH"},{"floor":23.0,"key":"REST"},{"floor":25.0,"key":"REST"}],"neow_cost":"NONE","seed_source_timestamp":526309720560739,"circlet_count":0,"master_deck":["Defend_G","Defend_G","Defend_G","Defend_G","Defend_G","Strike_G","Strike_G","Strike_G","Strike_G","Strike_G","Survivor","Neutralize","Footwork+1","Outmaneuver+1","Blade Dance+1","Terror","Poisoned Stab","Deadly Poison","Caltrops+1","Backflip","All Out Attack","Poisoned Stab","Bouncing Flask","Underhanded Strike+1","Blur+1","Escape Plan+1"],"special_seed":0,"relics":["Ectoplasm","Ornamental Fan","Black Star","Frozen Egg 2","Toxic Egg 2","Pen Nib","Paper Crane","Ice Cream"],"potions_floor_usage":[],"damage_taken":[{"damage":0.0,"enemies":"Small Slimes","floor":1.0,"turns":5.0},{"damage":0.0,"enemies":"Cultist","floor":2.0,"turns":5.0},{"damage":1.0,"enemies":"Jaw Worm","floor":3.0,"turns":4.0},{"damage":13.0,"enemies":"Lots of Slimes","floor":5.0,"turns":6.0},{"damage":5.0,"enemies":"2 Fungi Beasts","floor":7.0,"turns":4.0},{"damage":0.0,"enemies":"Looter","floor":10.0,"turns":4.0},{"damage":0.0,"enemies":"Large Slime","floor":11.0,"turns":6.0},{"damage":8.0,"enemies":"Exordium Thugs","floor":12.0,"turns":4.0},{"damage":7.0,"enemies":"3 Louse","floor":13.0,"turns":4.0},{"damage":14.0,"enemies":"Hexaghost","floor":16.0,"turns":8.0},{"damage":2.0,"enemies":"Chosen","floor":18.0,"turns":5.0},{"damage":14.0,"enemies":"3 Byrds","floor":19.0,"turns":4.0},{"damage":16.0,"enemies":"Centurion and Healer","floor":21.0,"turns":7.0},{"damage":26.0,"enemies":"Shelled Parasite and Fungi","floor":22.0,"turns":5.0},{"damage":24.0,"enemies":"Book of Stabbing","floor":24.0,"turns":5.0},{"damage":25.0,"enemies":"Gremlin Leader","floor":27.0,"turns":6.0},{"damage":31.0,"enemies":"3 Cultists","floor":28.0,"turns":5.0},{"damage":6,"enemies":"Cultist and Chosen","floor":29,"turns":4}],"seed_played":"8175218406940881730","potions_obtained":[{"floor":2.0,"key":"Dexterity Potion"},{"floor":5.0,"key":"Energy Potion"},{"floor":10.0,"key":"LiquidBronze"},{"floor":13.0,"key":"Dexterity Potion"},{"floor":19.0,"key":"SteroidPotion"},{"floor":21.0,"key":"Strength Potion"},{"floor":24.0,"key":"Block Potion"}],"is_trial":false,"path_per_floor":["M","M","M","?","M","R","M","R","T","M","M","M","M","$","R","B",null,"M","M","?","M","M","R","E","R","T","E","M","M"],"character_chosen":"THE_SILENT","items_purchased":["Backflip"],"campfire_rested":2,"item_purchase_floors":[14],"current_hp_per_floor":[70,70,69,69,56,56,51,51,51,51,51,43,36,36,36,22,70,68,54,80,64,38,62,38,62,62,37,6,0],"gold":1,"neow_bonus":"BOSS_RELIC","is_prod":false,"is_daily":false,"chose_seed":false,"campfire_upgraded":3,"win_rate":0.0,"timestamp":1558393367,"path_taken":["M","M","M","?","M","R","M","R","T","M","M","M","M","?","R","BOSS","M","M","?","M","M","R","E","R","T","E","M","M"],"build_version":"2019-01-23","purchased_purges":0,"victory":false,"max_hp_per_floor":[70,70,70,70,70,70,70,70,70,70,70,70,70,70,70,70,70,70,70,80,80,80,80,80,80,80,80,80,80],"card_choices":[{"not_picked":["Quick Slash","Distraction"],"picked":"Footwork","floor":1.0},{"not_picked":["Dagger Spray","Masterful Stab","Escape Plan"],"picked":"SKIP","floor":2.0},{"not_picked":["Endless Agony","Prepared"],"picked":"Outmaneuver","floor":3.0},{"not_picked":["Dodge and Roll","Prepared"],"picked":"Blade Dance","floor":5.0},{"not_picked":["Deflect","Dagger Throw"],"picked":"Terror","floor":7.0},{"not_picked":["Acrobatics","Masterful Stab"],"picked":"Poisoned Stab","floor":10.0},{"not_picked":["Sucker Punch","Deflect"],"picked":"Deadly Poison","floor":11.0},{"not_picked":["Prepared","Quick Slash"],"picked":"Phantasmal Killer","floor":12.0},{"not_picked":["Backstab","Deadly Poison"],"picked":"Caltrops","floor":13.0},{"not_picked":["Reflex","Slice"],"picked":"All Out Attack","floor":18.0},{"not_picked":["Dodge and Roll","Eviscerate"],"picked":"Poisoned Stab","floor":19.0},{"not_picked":["Reflex","Acrobatics"],"picked":"Bouncing Flask","floor":21.0},{"not_picked":["Prepared","Quick Slash"],"picked":"Underhanded Strike+1","floor":22.0},{"not_picked":["Flechettes","Slice","PiercingWail"],"picked":"SKIP","floor":24.0},{"not_picked":["Quick Slash","Dagger Spray"],"picked":"Blur+1","floor":27.0},{"not_picked":["Dagger Spray","All Out Attack"],"picked":"Escape Plan+1","floor":28.0}],"player_experience":9406,"relics_obtained":[{"floor":9.0,"key":"Ornamental Fan"},{"floor":24.0,"key":"Frozen Egg 2"},{"floor":24.0,"key":"Toxic Egg 2"},{"floor":26.0,"key":"Pen Nib"},{"floor":27.0,"key":"Paper Crane"},{"floor":27.0,"key":"Ice Cream"}],"event_choices":[{"damage_healed":0.0,"max_hp_gain":0.0,"max_hp_loss":0.0,"gold_gain":0.0,"event_name":"Upgrade Shrine","player_choice":"Upgraded","floor":4.0,"gold_loss":0.0,"damage_taken":0.0,"cards_upgraded":["Footwork"]},{"cards_removed":["Phantasmal Killer"],"damage_healed":16.0,"max_hp_gain":10.0,"max_hp_loss":0.0,"gold_gain":0.0,"event_name":"Bonfire Elementals","player_choice":"Offered Rare","floor":20.0,"gold_loss":0.0,"damage_taken":0.0}],"is_beta":false,"boss_relics":[{"not_picked":["Empty Cage","Eternal Feather"],"picked":"Black Star"}],"items_purged_floors":[],"is_endless":false,"potions_floor_spawned":[2,5,10,13,19,21,24],"killed_by":"Cultist and Chosen","ascension_level":0}