{"gold_per_floor":[212,287,287,297,307,307,324,324,350,362,362,26,44,73,73,147,147,167,117,117,134,84,84,84],"floor_reached":24,"playtime":878,"items_purged":["Strike_B","Regret","Strike_B+1"],"score":360,"play_id":"fe188e21-61cf-4f08-aaf1-ef52975c91fc","local_time":"20190520204852","is_ascension_mode":true,"campfire_choices":[{"data":"Reinforced Body","floor":6,"key":"SMITH"},{"data":"Conserve Battery","floor":11,"key":"SMITH"},{"floor":15,"key":"REST"},{"floor":23,"key":"REST"}],"neow_cost":"NONE","seed_source_timestamp":338354523510400,"circlet_count":0,"master_deck":["AscendersBane","Strike_B+1","Strike_B+1","Defend_B+1","Defend_B+1","Defend_B+1","Defend_B+1","Zap","Dualcast+1","Gash","Gash","Reinforced Body+1","Gash","Conserve Battery+1","Rebound","Gash","Electrodynamics","Steam","Beam Cell"],"relics":["Cracked Core","Juzu Bracelet","Smiling Mask","Shuriken","Odd Mushroom","Inserter"],"potions_floor_usage":[16,21],"damage_taken":[{"damage":0,"enemies":"Small Slimes","floor":1,"turns":3},{"damage":11,"enemies":"2 Louse","floor":4,"turns":4},{"damage":1,"enemies":"Cultist","floor":5,"turns":3},{"damage":3,"enemies":"3 Louse","floor":7,"turns":4},{"damage":2,"enemies":"2 Fungi Beasts","floor":10,"turns":4},{"damage":3,"enemies":"Large Slime","floor":13,"turns":7},{"damage":10,"enemies":"The Mushroom Lair","floor":14,"turns":4},{"damage":41,"enemies":"Slime Boss","floor":16,"turns":8},{"damage":43,"enemies":"2 Thieves","floor":18,"turns":5},{"damage":1,"enemies":"3 Byrds","floor":21,"turns":5},{"damage":34,"enemies":"Snake Plant","floor":24,"turns":4}],"seed_played":"-8448494040466034858","potions_obtained":[{"floor":7,"key":"PowerPotion"},{"floor":10,"key":"Ancient Potion"},{"floor":18,"key":"Weak Potion"}],"is_trial":false,"path_per_floor":["M","?","?","M","M","R","M","?","T","M","R","$","M","?","R","B",null,"M","$","?","M","$","R","M"],"character_chosen":"DEFECT","items_purchased":["Shuriken"],"campfire_rested":2,"item_purchase_floors":[12],"current_hp_per_floor":[64,53,53,42,41,41,38,38,38,36,36,36,33,23,44,3,54,11,11,11,10,10,31,0],"gold":84,"neow_bonus":"HUNDRED_GOLD","is_prod":false,"is_daily":false,"chose_seed":false,"campfire_upgraded":2,"win_rate":0,"timestamp":1558399732,"path_taken":["M","?","?","M","M","R","M","?","T","M","R","$","M","?","R","BOSS","M","$","?","M","$","R","M"],"build_version":"2019-01-23","purchased_purges":3,"victory":false,"max_hp_per_floor":[71,71,71,71,71,71,71,71,71,71,71,71,71,71,71,71,71,71,71,71,71,71,71,71],"card_choices":[{"not_picked":["Streamline","Capacitor"],"picked":"Gash","floor":1},{"not_picked":["Barrage","Hologram"],"picked":"Gash","floor":4},{"not_picked":["Sunder","Sweeping Beam"],"picked":"Reinforced Body","floor":5},{"not_picked":["Buffer","Leap"],"picked":"Gash","floor":7},{"not_picked":["Chaos","Turbo"],"picked":"Conserve Battery","floor":10},{"not_picked":["Static Discharge","Leap"],"picked":"Rebound","floor":13},{"not_picked":["Melter","Streamline"],"picked":"Gash","floor":14},{"not_picked":["Core Surge","Amplify"],"picked":"Electrodynamics","floor":16},{"not_picked":["Ball Lightning","Sweeping Beam"],"picked":"Steam","floor":18},{"not_picked":["Turbo","Chaos"],"picked":"Beam Cell","floor":21}],"player_experience":2927317,"relics_obtained":[{"floor":9,"key":"Smiling Mask"},{"floor":14,"key":"Odd Mushroom"}],"event_choices":[{"damage_healed":0,"gold_gain":75,"player_choice":"Gather Gold","damage_taken":11,"max_hp_gain":0,"max_hp_loss":0,"event_name":"World of Goop","floor":2,"gold_loss":0},{"damage_healed":0,"gold_gain":0,"player_choice":"Box","damage_taken":0,"relics_obtained":["Juzu Bracelet"],"max_hp_gain":0,"max_hp_loss":0,"event_name":"Big Fish","floor":3,"gold_loss":0,"cards_obtained":["Regret"]},{"damage_healed":0,"gold_gain":0,"player_choice":"Upgraded","damage_taken":0,"max_hp_gain":0,"max_hp_loss":0,"event_name":"Upgrade Shrine","floor":8,"gold_loss":0,"cards_upgraded":["Dualcast"]},{"damage_healed":0,"gold_gain":0,"player_choice":"Fought Mushrooms","damage_taken":0,"max_hp_gain":0,"max_hp_loss":0,"event_name":"Mushrooms","floor":14,"gold_loss":0},{"damage_healed":0,"gold_gain":0,"player_choice":"Simplicity","damage_taken":0,"max_hp_gain":0,"max_hp_loss":0,"event_name":"Back to Basics","floor":20,"gold_loss":0,"cards_upgraded":["Strike_B","Strike_B","Strike_B","Defend_B","Defend_B","Defend_B","Defend_B"]}],"is_beta":false,"boss_relics":[{"not_picked":["Tiny House","Ectoplasm"],"picked":"Inserter"}],"items_purged_floors":[12,19,22],"is_endless":false,"potions_floor_spawned":[7,10,18],"killed_by":"Snake Plant","ascension_level":16}