{"gold_per_floor":[116,116,116,41,54,72,72,72,72,88,88,88,43,79,79,207,207,230,230,253,352,386,386],"floor_reached":23,"playtime":3767,"items_purged":["Regret"],"score":212,"play_id":"8374ea68-c640-4c2e-be26-ee18abdfb606","local_time":"20180924212056","is_ascension_mode":true,"campfire_choices":[{"data":"Anger","floor":7.0,"key":"SMITH"},{"data":"Flex","floor":12.0,"key":"SMITH"},{"data":"Armaments","floor":15.0,"key":"SMITH"}],"neow_cost":"NONE","seed_source_timestamp":0,"circlet_count":0,"master_deck":["Strike_R","Strike_R","Strike_R+1","Strike_R+1","Defend_R","Defend_R","Defend_R","Defend_R","Bash","Spot Weakness","Clash","Anger+1","Evolve","Flex+1","Armaments+1","Battle Trance","Offering","Inflame+1","Juggernaut"],"special_seed":0,"relics":["Burning Blood","Whetstone","Sundial","Gambling Chip","Golden Idol","Odd Mushroom","Eternal Feather","Red Mask"],"potions_floor_usage":[20,22],"damage_taken":[{"damage":10.0,"enemies":"2 Louse","floor":1.0,"turns":3.0},{"damage":7.0,"enemies":"Small Slimes","floor":5.0,"turns":3.0},{"damage":1.0,"enemies":"Cultist","floor":6.0,"turns":3.0},{"damage":3.0,"enemies":"Blue Slaver","floor":10.0,"turns":3.0},{"damage":4.0,"enemies":"The Mushroom Lair","floor":14.0,"turns":5.0},{"damage":44.0,"enemies":"Hexaghost","floor":16.0,"turns":6.0},{"damage":17.0,"enemies":"Shell Parasite","floor":18.0,"turns":5.0},{"damage":15,"enemies":"2 Thieves","floor":20,"turns":3},{"damage":38,"enemies":"Masked Bandits","floor":22,"turns":5},{"damage":28,"enemies":"Gremlin Leader","floor":23,"turns":3}],"seed_played":"-6218673605873387089","potions_obtained":[{"floor":1.0,"key":"AttackPotion"},{"floor":5.0,"key":"Explosive Potion"},{"floor":16.0,"key":"Weak Potion"}],"is_trial":false,"path_per_floor":["M","?","?","$","M","M","R","?","T","M","?","R","$","?","R","B",null,"M","?","M","?","?"],"character_chosen":"IRONCLAD","items_purchased":["Armaments"],"campfire_rested":0,"item_purchase_floors":[13],"current_hp_per_floor":[76,76,76,76,75,80,80,80,80,80,60,60,60,62,62,24,80,69,61,52,52,20,0],"gold":386,"neow_bonus":"RANDOM_COMMON_RELIC","is_prod":false,"is_daily":false,"chose_seed":false,"campfire_upgraded":3,"win_rate":0,"timestamp":1537838456,"path_taken":["M","?","?","$","M","M","R","?","T","?","?","R","$","?","R","BOSS","M","?","M","?","?","E"],"build_version":"2018-09-20","purchased_purges":1,"victory":false,"max_hp_per_floor":[80,80,80,80,80,80,80,80,80,80,80,80,80,80,80,80,80,80,80,80,80,80,80],"card_choices":[{"not_picked":["Bloodletting","Anger"],"picked":"Spot Weakness","floor":1.0},{"not_picked":["Body Slam","Headbutt"],"picked":"Anger","floor":5.0},{"not_picked":["Anger","Warcry","Perfected Strike"],"picked":"SKIP","floor":6.0},{"not_picked":["Wild Strike","Body Slam"],"picked":"Flex","floor":10.0},{"not_picked":["Exhume","Combust"],"picked":"Battle Trance","floor":14.0},{"not_picked":["Barricade","Double Tap"],"picked":"Offering","floor":16.0},{"not_picked":["Clothesline","Disarm","Warcry"],"picked":"SKIP","floor":18},{"not_picked":["Infernal Blade","Rage"],"picked":"Inflame+1","floor":20},{"not_picked":["Intimidate","Combust"],"picked":"Juggernaut","floor":22}],"player_experience":897536,"relics_obtained":[{"floor":9.0,"key":"Gambling Chip"},{"floor":14.0,"key":"Odd Mushroom"},{"floor":22,"key":"Red Mask"}],"event_choices":[{"event_name":"Living Wall","player_choice":"Change","floor":2.0,"damage_taken":0.0},{"event_name":"Big Fish","player_choice":"Box","floor":3.0,"damage_taken":0.0},{"event_name":"Match and Keep!","player_choice":"1 cards matched","floor":8.0,"damage_taken":0.0},{"event_name":"Golden Idol","player_choice":"Take Damage","floor":11.0,"damage_taken":0.0},{"event_name":"Mushrooms","player_choice":"Fought Mushrooms","floor":14.0,"damage_taken":0.0},{"event_name":"Wheel of Change","player_choice":"Damage","floor":19,"damage_taken":0},{"event_name":"Nest","player_choice":"Stole From Cult","floor":21,"damage_taken":0},{"event_name":"Masked Bandits","player_choice":"Fought Bandits","floor":22,"damage_taken":0}],"is_beta":false,"boss_relics":[{"not_picked":["Cursed Key","White Beast Statue"],"picked":"Eternal Feather"}],"items_purged_floors":[4],"is_endless":false,"potions_floor_spawned":[1,5,16],"killed_by":"Gremlin Leader","ascension_level":4}