{"gold_per_floor":[115,115,129,54,68,68,85,85,112,129,79,98,26,46,46,148,148,148,148,148,148,148],"floor_reached":22,"playtime":1047,"items_purged":["Defend_R"],"score":291,"play_id":"f78339d6-a829-4cd9-8607-49b1791fcf7f","local_time":"20190512233351","is_ascension_mode":true,"campfire_choices":[{"data":"Blind","floor":6,"key":"SMITH"},{"data":"Inflame","floor":8,"key":"SMITH"},{"data":"Seeing Red","floor":15,"key":"SMITH"}],"neow_cost":"TEN_PERCENT_HP_LOSS","seed_source_timestamp":3750955421255985,"circlet_count":0,"master_deck":["AscendersBane","Strike_R","Strike_R","Strike_R","Strike_R","Defend_R","Defend_R","Defend_R","Bash","Iron Wave","Blind+1","Dropkick","Sword Boomerang","Seeing Red+1","Inflame+1","Metallicize","Feel No Pain","Rampage","Demon Form","Anger","Iron Wave+1","Metallicize"],"relics":["Burning Blood","Unceasing Top","Omamori","Ectoplasm"],"potions_floor_usage":[16,18,20,20],"damage_taken":[{"damage":5,"enemies":"Small Slimes","floor":1,"turns":5},{"damage":0,"enemies":"Cultist","floor":3,"turns":3},{"damage":4,"enemies":"Jaw Worm","floor":5,"turns":3},{"damage":13,"enemies":"Blue Slaver","floor":7,"turns":2},{"damage":19,"enemies":"3 Louse","floor":10,"turns":2},{"damage":0,"enemies":"Large Slime","floor":12,"turns":5},{"damage":5,"enemies":"Blue Slaver","floor":14,"turns":3},{"damage":21,"enemies":"Hexaghost","floor":16,"turns":9},{"damage":24,"enemies":"Shell Parasite","floor":18,"turns":5},{"damage":19,"enemies":"Chosen","floor":19,"turns":5},{"damage":26,"enemies":"Centurion and Healer","floor":20,"turns":5},{"damage":12,"enemies":"Cultist and Chosen","floor":21,"turns":7},{"damage":29,"enemies":"Snake Plant","floor":22,"turns":3}],"seed_played":"-7373348766213210654","potions_obtained":[{"floor":1,"key":"SteroidPotion"},{"floor":10,"key":"BloodPotion"},{"floor":12,"key":"PowerPotion"},{"floor":16,"key":"BloodPotion"},{"floor":18,"key":"Poison Potion"}],"is_trial":false,"path_per_floor":["M","?","M","$","M","R","M","R","T","M","?","M","$","M","R","B",null,"M","M","M","M","M"],"character_chosen":"IRONCLAD","items_purchased":["Rampage"],"campfire_rested":0,"item_purchase_floors":[13],"current_hp_per_floor":[72,72,72,72,72,72,65,65,65,52,52,58,58,59,59,44,65,54,41,28,22,0],"gold":148,"neow_bonus":"ONE_RARE_RELIC","is_prod":false,"is_daily":false,"chose_seed":false,"campfire_upgraded":3,"win_rate":0,"timestamp":1557696831,"path_taken":["M","?","M","$","?","R","?","R","T","M","?","M","$","M","R","BOSS","M","M","M","M","M"],"build_version":"2019-01-23","purchased_purges":1,"victory":false,"max_hp_per_floor":[72,72,72,72,72,72,72,72,72,72,72,72,72,72,72,72,72,72,72,72,72,72],"card_choices":[{"not_picked":["Corruption","Sword Boomerang"],"picked":"Iron Wave","floor":1},{"not_picked":["Headbutt","Havoc"],"picked":"Seeing Red","floor":3},{"not_picked":["Reckless Charge","Infernal Blade","Spot Weakness"],"picked":"SKIP","floor":5},{"not_picked":["Bloodletting","Combust"],"picked":"Inflame","floor":7},{"not_picked":["Reckless Charge","Armaments"],"picked":"Metallicize","floor":10},{"not_picked":["Hemokinesis","Heavy Blade"],"picked":"Feel No Pain","floor":12},{"not_picked":["Thunderclap","Blood for Blood","Sword Boomerang"],"picked":"SKIP","floor":14},{"not_picked":["Immolate","Brutality"],"picked":"Demon Form","floor":16},{"not_picked":["Corruption","Feel No Pain"],"picked":"Anger","floor":18},{"not_picked":["Pommel Strike","Body Slam+1"],"picked":"Iron Wave+1","floor":19},{"not_picked":["Anger","Pommel Strike"],"picked":"Metallicize","floor":20},{"not_picked":["Body Slam","Heavy Blade","Intimidate"],"picked":"SKIP","floor":21}],"player_experience":529819,"relics_obtained":[{"floor":9,"key":"Omamori"}],"event_choices":[{"damage_healed":0,"gold_gain":0,"player_choice":"3 cards matched","damage_taken":0,"max_hp_gain":0,"max_hp_loss":0,"event_name":"Match and Keep!","floor":2,"gold_loss":0,"cards_obtained":["Blind","Dropkick","Sword Boomerang"]},{"cards_removed":["Strike_R"],"damage_healed":0,"gold_gain":0,"player_choice":"Card Removal","damage_taken":0,"max_hp_gain":0,"max_hp_loss":0,"event_name":"The Cleric","floor":11,"gold_loss":50}],"is_beta":false,"boss_relics":[{"not_picked":["Orrery","Lizard Tail"],"picked":"Ectoplasm"}],"items_purged_floors":[4],"is_endless":false,"potions_floor_spawned":[1,10,12,14,16,18,19],"killed_by":"Snake Plant","ascension_level":12}