{"gold_per_floor":[110,128,138,150,168,196,196,221,296,311,33,33,33,33,33,136,136,156,156,173,173,30,30,41,56,56,56,72,72,72],"floor_reached":30,"playtime":10445,"items_purged":[],"score":242,"play_id":"c1eb76de-e3cd-4e6f-9f55-90ca87c82b4d","local_time":"20180703203309","is_ascension_mode":false,"campfire_choices":[{"floor":13.0,"key":"REST"},{"floor":15.0,"key":"REST"},{"floor":23,"key":"REST"},{"floor":27,"key":"REST"}],"neow_cost":"","seed_source_timestamp":0,"circlet_count":0,"master_deck":["Defend_G","Defend_G","Defend_G","Strike_G","Strike_G","Strike_G","Strike_G","Strike_G","Survivor","Neutralize","Blur","Tactician","Terror","Endless Agony","Infinite Blades","Die Die Die","Dagger Spray","Acrobatics","Slice","Underhanded Strike","Secret Weapon","Infinite Blades","Doppelganger","Slice+1","Outmaneuver","Backstab","Footwork","Footwork","Wraith Form v2","Noxious Fumes","Decay"],"special_seed":0,"relics":["Ring of the Snake","Boot","Pear","Letter Opener","Sozu","Calipers"],"potions_floor_usage":[25,25],"damage_taken":[{"damage":0.0,"enemies":"2 Louse","floor":1.0,"turns":4.0},{"damage":0.0,"enemies":"Jaw Worm","floor":2.0,"turns":4.0},{"damage":3.0,"enemies":"Small Slimes","floor":3.0,"turns":3.0},{"damage":7.0,"enemies":"Blue Slaver","floor":4.0,"turns":3.0},{"damage":8.0,"enemies":"2 Fungi Beasts","floor":5.0,"turns":3.0},{"damage":9.0,"enemies":"3 Sentries","floor":6.0,"turns":6.0},{"damage":26.0,"enemies":"Gremlin Nob","floor":8.0,"turns":4.0},{"damage":5.0,"enemies":"Looter","floor":10.0,"turns":2.0},{"damage":34,"enemies":"Hexaghost","floor":16,"turns":9},{"damage":19,"enemies":"Spheric Guardian","floor":18,"turns":4},{"damage":25,"enemies":"2 Thieves","floor":20,"turns":3},{"damage":15,"enemies":"Snake Plant","floor":24,"turns":4},{"damage":18,"enemies":"Sentry and Sphere","floor":25,"turns":5},{"damage":28,"enemies":"Slaver and Parasite","floor":28,"turns":6},{"damage":2,"enemies":"Centurion and Healer","floor":30,"turns":2}],"seed_played":"-1574465783690563471","potions_obtained":[{"floor":3.0,"key":"SteroidPotion"},{"floor":4.0,"key":"Dexterity Potion"},{"floor":6.0,"key":"FearPotion"}],"is_trial":false,"path_per_floor":["M","M","M","M","M","E","?","E","T","M","$","?","R","?","R","B",null,"M","?","M","?","$","R","M","M","T","R","M","?"],"character_chosen":"THE_SILENT","items_purchased":["Secret Weapon","Infinite Blades","Backstab","Footwork"],"campfire_rested":4,"item_purchase_floors":[],"current_hp_per_floor":[35,35,32,25,17,8,31,15,15,10,10,30,54,47,70,36,77,58,42,17,17,17,40,25,7,7,30,2,2,0],"gold":72,"neow_bonus":"","is_prod":false,"is_daily":false,"chose_seed":false,"campfire_upgraded":0,"win_rate":0.0,"timestamp":1530664389,"path_taken":["M","M","M","M","M","E","?","E","T","M","$","?","R","?","R","BOSS","M","?","M","?","$","R","?","M","T","R","M","?","M"],"build_version":"2018-06-28","purchased_purges":0,"victory":false,"max_hp_per_floor":[70,70,70,70,70,70,70,80,80,80,80,80,80,77,77,77,77,77,77,77,77,77,77,77,77,77,77,77,77,77],"card_choices":[{"not_picked":["Deflect","Heel Hook"],"picked":"Terror","floor":1.0},{"not_picked":["Underhanded Strike","Calculated Gamble"],"picked":"Endless Agony","floor":2.0},{"not_picked":["Quick Slash","Blade Dance"],"picked":"Infinite Blades","floor":3.0},{"not_picked":["Slice","Infinite Blades"],"picked":"Die Die Die","floor":4.0},{"not_picked":["PiercingWail","Calculated Gamble"],"picked":"Dagger Spray","floor":5.0},{"not_picked":["Bane","Calculated Gamble"],"picked":"Acrobatics","floor":6.0},{"not_picked":["Sucker Punch","Heel Hook"],"picked":"Slice","floor":8.0},{"not_picked":["Heel Hook","Dagger Throw"],"picked":"Underhanded Strike","floor":10.0},{"not_picked":["Unload","Glass Knife"],"picked":"Doppelganger","floor":16},{"not_picked":["Dagger Throw","Distraction"],"picked":"Slice+1","floor":18},{"not_picked":["Flechettes","Acrobatics"],"picked":"Outmaneuver","floor":20},{"not_picked":["Acrobatics","Underhanded Strike"],"picked":"Footwork","floor":24},{"not_picked":["Escape Plan+1","Backstab"],"picked":"Wraith Form v2","floor":25},{"not_picked":["Finisher","Deadly Poison"],"picked":"Noxious Fumes","floor":28}],"player_experience":124252,"relics_obtained":[{"floor":6.0,"key":"Boot"},{"floor":8.0,"key":"Pear"},{"floor":9.0,"key":"Letter Opener"},{"floor":26,"key":"Calipers"}],"event_choices":[{"event_name":"Big Fish","player_choice":"Banana","floor":7.0,"damage_taken":0.0},{"event_name":"Mushrooms","player_choice":"Healed and dodged fight","floor":12.0,"damage_taken":0.0},{"event_name":"Golden Wing","player_choice":"Card Removal","floor":14.0,"damage_taken":0.0},{"event_name":"Cursed Tome","player_choice":"Obtained Book","floor":19,"damage_taken":0},{"event_name":"Ghosts","player_choice":"Ignored","floor":21,"damage_taken":0},{"event_name":"Forgotten Altar","player_choice":"Smashed Altar","floor":29,"damage_taken":0}],"boss_relics":[{"not_picked":["Coffee Dripper","Philosopher\u0027s Stone"],"picked":"Sozu"}],"items_purged_floors":[],"is_endless":false,"potions_floor_spawned":[3,4,6,28],"killed_by":"Centurion and Healer","ascension_level":0}