{"gold_per_floor":[111,123,24,40,55,55,86,96,96,271,271,297,297,310,310,310],"floor_reached":16,"playtime":1991,"items_purged":[],"score":168,"play_id":"a2d4e375-5771-49f1-b98f-ccb8d0aa7238","local_time":"20190406230208","is_ascension_mode":true,"campfire_choices":[{"floor":6,"key":"REST"},{"data":"White Noise","floor":11,"key":"SMITH"},{"data":"Lockon","floor":13,"key":"SMITH"},{"data":"Dualcast","floor":15,"key":"SMITH"}],"neow_cost":"CURSE","seed_source_timestamp":340655212604300,"circlet_count":0,"master_deck":["AscendersBane","Strike_B","Strike_B","Strike_B","Strike_B","Defend_B","Defend_B","Defend_B","Defend_B","Zap","Dualcast+1","Shame","Genetic Algorithm","White Noise+1","Lockon+1","Ball Lightning","Coolheaded","Conserve Battery","Hologram","Beam Cell","Doubt","Chill"],"relics":["Cracked Core","Dream Catcher","Meat on the Bone","Odd Mushroom"],"potions_floor_usage":[12,14],"damage_taken":[{"damage":10,"enemies":"Jaw Worm","floor":1,"turns":4},{"damage":15,"enemies":"2 Louse","floor":2,"turns":3},{"damage":7,"enemies":"Small Slimes","floor":4,"turns":3},{"damage":14,"enemies":"Red Slaver","floor":5,"turns":4},{"damage":18,"enemies":"Lagavulin","floor":7,"turns":4},{"damage":0,"enemies":"Exordium Wildlife","floor":8,"turns":4},{"damage":19,"enemies":"The Mushroom Lair","floor":12,"turns":3},{"damage":19,"enemies":"Gremlin Gang","floor":14,"turns":8},{"damage":32,"enemies":"Hexaghost","floor":16,"turns":10}],"seed_played":"5256410653402489289","potions_obtained":[{"floor":1,"key":"LiquidBronze"},{"floor":2,"key":"Strength Potion"},{"floor":7,"key":"AttackPotion"},{"floor":12,"key":"SkillPotion"}],"is_trial":false,"path_per_floor":["M","M","$","M","M","R","E","M","T","?","R","?","R","M","R","B"],"character_chosen":"DEFECT","items_purchased":["Lockon","Ball Lightning"],"campfire_rested":1,"item_purchase_floors":[3,3],"current_hp_per_floor":[72,57,57,50,36,62,44,44,44,44,44,37,37,30,30,0],"gold":310,"neow_bonus":"TWENTY_PERCENT_HP_BONUS","is_prod":false,"is_daily":false,"chose_seed":false,"campfire_upgraded":3,"win_rate":0,"timestamp":1554606128,"path_taken":["M","M","$","M","M","R","E","M","T","?","R","?","R","M","R","BOSS"],"build_version":"2019-01-23","purchased_purges":0,"victory":false,"max_hp_per_floor":[89,89,89,89,89,89,89,89,89,89,89,89,89,89,89,89],"card_choices":[{"not_picked":["Beam Cell","Tempest"],"picked":"Genetic Algorithm","floor":1},{"not_picked":["Coolheaded","Darkness"],"picked":"White Noise","floor":2},{"not_picked":["Turbo","Leap"],"picked":"Coolheaded","floor":4},{"not_picked":["All For One","Streamline"],"picked":"Conserve Battery","floor":5},{"not_picked":["Stack","Rebound"],"picked":"Hologram","floor":7},{"not_picked":["Hologram","Streamline"],"picked":"Beam Cell","floor":8},{"not_picked":["Rebound","Skim"],"picked":"Chill","floor":12},{"not_picked":["Stack","Hologram","Darkness"],"picked":"SKIP","floor":14}],"player_experience":2598662,"relics_obtained":[{"floor":7,"key":"Dream Catcher"},{"floor":9,"key":"Meat on the Bone"},{"floor":12,"key":"Odd Mushroom"}],"event_choices":[{"damage_healed":0,"gold_gain":175,"player_choice":"AGREE","damage_taken":0,"max_hp_gain":0,"max_hp_loss":0,"event_name":"Liars Game","floor":10,"gold_loss":0,"cards_obtained":["Doubt"]},{"damage_healed":0,"gold_gain":0,"player_choice":"Fought Mushrooms","damage_taken":0,"max_hp_gain":0,"max_hp_loss":0,"event_name":"Mushrooms","floor":12,"gold_loss":0}],"is_beta":false,"boss_relics":[],"items_purged_floors":[],"is_endless":false,"potions_floor_spawned":[1,2,7,12],"killed_by":"Hexaghost","ascension_level":13}