{"gold_per_floor":[116,41,41,41,59,59,93,36,36,48,22,22,71,87,87,87],"floor_reached":16,"playtime":580,"items_purged":["Strike_G"],"score":221,"play_id":"a74f8a5b-b453-4007-92f1-fe9f5c762371","local_time":"20190521120220","is_ascension_mode":true,"campfire_choices":[{"data":"Footwork","floor":6,"key":"SMITH"},{"data":"Cloak And Dagger","floor":12,"key":"SMITH"},{"data":"Backflip","floor":15,"key":"SMITH"}],"neow_cost":"NONE","seed_source_timestamp":4487526704886384,"circlet_count":0,"master_deck":["AscendersBane","Defend_G","Defend_G","Defend_G","Defend_G","Strike_G","Strike_G","Strike_G","Strike_G","Survivor","Neutralize","Sucker Punch+1","Footwork+1","Expertise","Backflip+1","Cloak And Dagger+1","Flying Knee"],"relics":["Ring of the Snake","NeowsBlessing","Lantern","Ninja Scroll","Strawberry"],"potions_floor_usage":[16],"damage_taken":[{"damage":0,"enemies":"Jaw Worm","floor":1,"turns":1},{"damage":0,"enemies":"Small Slimes","floor":5,"turns":1},{"damage":0,"enemies":"3 Sentries","floor":7,"turns":1},{"damage":0,"enemies":"Cultist","floor":10,"turns":3},{"damage":5,"enemies":"Exordium Thugs","floor":14,"turns":7},{"damage":41,"enemies":"Slime Boss","floor":16,"turns":17}],"seed_played":"-1699100796598281299","potions_obtained":[{"floor":10,"key":"Explosive Potion"},{"floor":14,"key":"SkillPotion"}],"is_trial":false,"path_per_floor":["M","$","?","?","M","R","E","$","T","M","$","R","T","M","R","B"],"character_chosen":"THE_SILENT","items_purchased":["Backflip","Cloak And Dagger"],"campfire_rested":0,"item_purchase_floors":[8,11],"current_hp_per_floor":[59,59,39,39,39,39,39,39,39,39,39,39,46,41,41,0],"gold":87,"neow_bonus":"THREE_ENEMY_KILL","is_prod":false,"is_daily":false,"chose_seed":false,"campfire_upgraded":3,"win_rate":0,"timestamp":1558432940,"path_taken":["M","$","?","?","?","R","E","$","T","M","$","R","?","M","R","BOSS"],"build_version":"2019-01-23","purchased_purges":1,"victory":false,"max_hp_per_floor":[66,66,66,66,66,66,66,66,66,66,66,66,73,73,73,73],"card_choices":[{"not_picked":["Prepared","Deadly Poison"],"picked":"Sucker Punch","floor":1},{"not_picked":["All Out Attack","Dagger Spray"],"picked":"Expertise","floor":5},{"not_picked":["Riddle With Holes","Poisoned Stab","Dodge and Roll"],"picked":"SKIP","floor":7},{"not_picked":["PiercingWail","Prepared","Blade Dance"],"picked":"SKIP","floor":10},{"not_picked":["Expertise","Crippling Poison"],"picked":"Flying Knee","floor":14}],"player_experience":584498,"relics_obtained":[{"floor":7,"key":"Lantern"},{"floor":9,"key":"Ninja Scroll"},{"floor":13,"key":"Strawberry"}],"event_choices":[{"damage_healed":0,"gold_gain":0,"player_choice":"Entered Light","damage_taken":20,"max_hp_gain":0,"max_hp_loss":0,"event_name":"Shining Light","floor":3,"gold_loss":0,"cards_upgraded":["Sucker Punch","Defend_G"]},{"damage_healed":0,"gold_gain":0,"cards_transformed":["Defend_G"],"player_choice":"Transformed","damage_taken":0,"max_hp_gain":0,"max_hp_loss":0,"event_name":"Transmorgrifier","floor":4,"gold_loss":0,"cards_obtained":["Footwork"]}],"is_beta":false,"boss_relics":[],"items_purged_floors":[2],"is_endless":false,"potions_floor_spawned":[10,14],"killed_by":"Slime Boss","ascension_level":16}