{"gold_per_floor":[117,42,55,55,68,68,80,107,154,154,254,269,269,94,94,94],"floor_reached":16,"playtime":589,"items_purged":["Strike_R","Defend_R"],"score":150,"play_id":"00ca33cd-728f-4887-95cd-d331159e71e0","local_time":"20180803131452","is_ascension_mode":true,"campfire_choices":[{"data":"Rage","floor":6,"key":"SMITH"},{"floor":13,"key":"REST"},{"data":"Body Slam","floor":15,"key":"SMITH"}],"neow_cost":"NONE","seed_source_timestamp":4117607156026747,"circlet_count":0,"master_deck":["Strike_R+1","Strike_R","Strike_R+1","Strike_R","Defend_R","Defend_R","Bash","AscendersBane","Cleave","Rage+1","Body Slam+1","Inflame+1"],"relics":["Burning Blood","Frozen Egg 2","Oddly Smooth Stone"],"potions_floor_usage":[8,8,16],"damage_taken":[{"damage":10,"enemies":"Small Slimes","floor":1,"turns":5},{"damage":9,"enemies":"2 Louse","floor":3,"turns":4},{"damage":6,"enemies":"Cultist","floor":5,"turns":3},{"damage":1,"enemies":"2 Fungi Beasts","floor":7,"turns":4},{"damage":37,"enemies":"Lagavulin","floor":8,"turns":8},{"damage":6,"enemies":"Exordium Wildlife","floor":12,"turns":4},{"damage":34,"enemies":"Hexaghost","floor":16,"turns":9}],"seed_played":"-4116331919787194249","potions_obtained":[{"floor":1,"key":"EssenceOfSteel"},{"floor":3,"key":"Dexterity Potion"},{"floor":12,"key":"Weak Potion"}],"is_trial":false,"path_per_floor":["M","$","M","?","M","R","M","E","T","?","?","M","R","$","R"],"character_chosen":"IRONCLAD","items_purchased":["Inflame+1"],"campfire_rested":1,"item_purchase_floors":[14],"current_hp_per_floor":[68,68,65,70,70,70,75,44,44,27,27,27,52,52,52,18],"gold":94,"neow_bonus":"REMOVE_CARD","is_prod":false,"is_daily":false,"chose_seed":false,"campfire_upgraded":2,"win_rate":0,"timestamp":1533294892,"path_taken":["M","$","M","?","M","R","M","E","T","?","?","M","R","$","R","BOSS"],"build_version":"2018-08-02","purchased_purges":2,"victory":false,"max_hp_per_floor":[80,80,80,85,85,85,85,85,85,85,85,85,85,85,85,85],"card_choices":[{"not_picked":["Disarm","Anger","Ghostly Armor"],"picked":"SKIP","floor":1},{"not_picked":["Battle Trance","Pommel Strike"],"picked":"Cleave","floor":3},{"not_picked":["Armaments","Cleave"],"picked":"Rage","floor":5},{"not_picked":["Flame Barrier","Headbutt"],"picked":"Body Slam","floor":7},{"not_picked":["Fire Breathing","Searing Blow","Shockwave"],"picked":"SKIP","floor":8},{"not_picked":["Wild Strike","Anger","Havoc"],"picked":"SKIP","floor":12}],"player_experience":436090,"relics_obtained":[{"floor":8,"key":"Frozen Egg 2"},{"floor":9,"key":"Oddly Smooth Stone"}],"event_choices":[{"event_name":"Big Fish","player_choice":"Donut","floor":4,"damage_taken":0},{"event_name":"Shining Light","player_choice":"Entered Light","floor":10,"damage_taken":0},{"event_name":"Golden Shrine","player_choice":"Pray","floor":11,"damage_taken":0}],"is_beta":false,"boss_relics":[],"items_purged_floors":[2,14],"is_endless":false,"potions_floor_spawned":[1,3,12],"killed_by":"Hexaghost","ascension_level":10}