{"path_per_floor":["M","M","?","?","$","E","M","R","T","M","R","M","$","M","R","B",null],"character_chosen":"THE_SILENT","items_purchased":["All Out Attack"],"gold_per_floor":[112,124,124,124,10,35,53,53,107,123,123,141,41,58,58,162,162,102],"floor_reached":18,"campfire_rested":0,"playtime":1069,"item_purchase_floors":[],"current_hp_per_floor":[62,62,62,55,55,49,49,49,49,42,42,42,42,39,39,13,63,48],"items_purged":["Regret","Strike_G"],"gold":102,"score":162,"play_id":"6f3d6ec9-974a-4a67-9bb2-965173023de8","local_time":"20180531114104","is_prod":false,"is_daily":false,"chose_seed":false,"is_ascension_mode":false,"campfire_upgraded":3,"win_rate":0,"timestamp":1527759664,"campfire_choices":[{"data":"All Out Attack","floor":8.0,"key":"SMITH"},{"data":"Underhanded Strike","floor":11.0,"key":"SMITH"},{"data":"Neutralize","floor":15.0,"key":"SMITH"}],"path_taken":["M","M","?","?","$","E","M","R","T","M","R","?","$","M","R","BOSS","M"],"build_version":"2018-05-24","seed_source_timestamp":0,"purchased_purges":2,"victory":false,"master_deck":["Defend_G","Defend_G","Defend_G","Defend_G","Defend_G","Strike_G","Strike_G","Strike_G","Survivor","Neutralize+1","Slice","All Out Attack+1","Underhanded Strike+1","Slice","Acrobatics","Reflex","Masterful Stab","Tools of the Trade","Calculated Gamble","Slice","Deflect","Infinite Blades"],"max_hp_per_floor":[63,63,63,63,63,63,63,63,63,63,63,63,63,63,63,63,63,63],"relics":["Ring of the Snake","Ginger","Pen Nib","Du-Vu Doll","Tiny Chest","Orrery"],"card_choices":[{"not_picked":["Malaise","Sucker Punch","Skewer"],"picked":"SKIP","floor":1.0},{"not_picked":["Bane","Well Laid Plans"],"picked":"Slice","floor":2.0},{"not_picked":["Quick Slash","Flying Knee"],"picked":"Underhanded Strike","floor":6.0},{"not_picked":["Deflect","Blur"],"picked":"Slice","floor":7.0},{"not_picked":["Outmaneuver","Dagger Throw"],"picked":"Acrobatics","floor":10.0},{"not_picked":["Distraction","Flying Knee"],"picked":"Reflex","floor":12.0},{"not_picked":["Footwork","Quick Slash"],"picked":"Masterful Stab","floor":14.0},{"not_picked":["Tactician","Bullet Time"],"picked":"Tools of the Trade","floor":16.0},{"not_picked":["Deflect","Acrobatics"],"picked":"Calculated Gamble","floor":17},{"not_picked":["Skewer","Backflip"],"picked":"Slice","floor":17},{"not_picked":["Die Die Die","Accuracy"],"picked":"Deflect","floor":17},{"not_picked":["Dodge and Roll","Escape Plan"],"picked":"Infinite Blades","floor":17}],"player_experience":121600,"potions_floor_usage":[],"damage_taken":[{"damage":1.0,"enemies":"2 Louse","floor":1.0,"turns":4.0},{"damage":0.0,"enemies":"Small Slimes","floor":2.0,"turns":4.0},{"damage":6.0,"enemies":"3 Sentries","floor":6.0,"turns":6.0},{"damage":0.0,"enemies":"Jaw Worm","floor":7.0,"turns":3.0},{"damage":7.0,"enemies":"Large Slime","floor":10.0,"turns":4.0},{"damage":0.0,"enemies":"Red Slaver","floor":12.0,"turns":1.0},{"damage":3.0,"enemies":"Exordium Thugs","floor":14.0,"turns":4.0},{"damage":26.0,"enemies":"The Guardian","floor":16.0,"turns":11.0},{"damage":15,"enemies":"2 Thieves","floor":18,"turns":3}],"relics_obtained":[{"floor":6.0,"key":"Du-Vu Doll"},{"floor":9.0,"key":"Tiny Chest"}],"event_choices":[{"event_name":"Big Fish","player_choice":"Box","floor":3.0,"damage_taken":0.0},{"event_name":"Golden Wing","player_choice":"Card Removal","floor":4.0,"damage_taken":0.0}],"boss_relics":[{"not_picked":["Philosopher\u0027s Stone","Runic Pyramid"],"picked":"Orrery"}],"items_purged_floors":[],"potions_floor_spawned":[1,6,10],"seed_played":"3708551191237564925","killed_by":"2 Thieves","ascension_level":0,"potions_obtained":[{"floor":1.0,"key":"Explosive Potion"},{"floor":6.0,"key":"SkillPotion"},{"floor":10.0,"key":"Dexterity Potion"}],"is_trial":false}