{"path_per_floor":["M","?","M","?","$","R","M","?","T","?","$","M","T","M","R","B",null,"M","$","?","M","T","?","M","M","T","?","M","R","M","$","R"],"character_chosen":"IRONCLAD","items_purchased":["Shrug It Off","Metallicize"],"gold_per_floor":[110,110,129,129,54,54,69,69,94,94,42,57,83,98,98,202,202,217,41,41,56,56,56,70,83,83,83,99,99,115,115,115,115],"floor_reached":33,"campfire_rested":2,"playtime":1543,"item_purchase_floors":[11,19],"current_hp_per_floor":[75,58,64,57,57,57,63,63,63,63,63,69,69,73,73,51,78,84,84,67,60,60,60,47,27,27,27,9,36,32,32,59,0],"items_purged":["Defend_R","Strike_R"],"gold":115,"score":308,"play_id":"28c50de7-e0db-452f-80f2-10d9f42f2b63","local_time":"20180609134115","is_prod":false,"is_daily":false,"chose_seed":false,"is_ascension_mode":true,"campfire_upgraded":2,"win_rate":0,"timestamp":1528544475,"campfire_choices":[{"data":"Rage","floor":6,"key":"SMITH"},{"data":"Rampage","floor":15,"key":"SMITH"},{"floor":29,"key":"REST"},{"floor":32,"key":"REST"}],"path_taken":["M","?","M","?","$","R","M","?","T","?","$","?","?","M","R","BOSS","M","$","?","M","?","?","M","M","T","?","M","R","M","$","R","BOSS"],"build_version":"2018-06-07v3","seed_source_timestamp":2043237273549767,"purchased_purges":2,"victory":false,"master_deck":["Strike_R","Strike_R","Strike_R","Defend_R+1","Bash","Thunderclap+1","Rage+1","Rampage+1","Shrug It Off","Warcry","Rage","Barricade","Metallicize","Clash","Disarm","Dropkick+1","Rampage"],"max_hp_per_floor":[87,87,87,87,87,87,87,87,87,87,87,87,87,87,87,87,87,87,87,92,92,92,92,92,92,92,92,92,92,92,92,92,92],"relics":["Burning Blood","Strawberry","Dream Catcher","Bronze Scales","Sozu","Ancient Tea Set","Charon\u0027s Ashes"],"card_choices":[{"not_picked":["Combust","Dual Wield"],"picked":"Thunderclap","floor":1},{"not_picked":["Clash","Entrench"],"picked":"Rage","floor":3},{"not_picked":["Iron Wave","Corruption"],"picked":"Rampage","floor":7},{"not_picked":["Flex","Armaments"],"picked":"Warcry","floor":12},{"not_picked":["Disarm","Flex"],"picked":"Rage","floor":14},{"not_picked":["Berserk","Bludgeon"],"picked":"Barricade","floor":16},{"not_picked":["Havoc","Flex","Iron Wave"],"picked":"SKIP","floor":18},{"not_picked":["True Grit","Body Slam"],"picked":"Clash","floor":21},{"not_picked":["Feel No Pain+1","Shrug It Off"],"picked":"Dropkick+1","floor":24},{"not_picked":["Corruption","True Grit","Carnage"],"picked":"SKIP","floor":25},{"not_picked":["Spot Weakness","Thunderclap+1","Burning Pact"],"picked":"SKIP","floor":28},{"not_picked":["Bloodletting","Armaments"],"picked":"Rampage","floor":30}],"player_experience":277155,"potions_floor_usage":[16,16],"damage_taken":[{"damage":10,"enemies":"Small Slimes","floor":1,"turns":6},{"damage":0,"enemies":"Jaw Worm","floor":3,"turns":6},{"damage":0,"enemies":"2 Louse","floor":7,"turns":2},{"damage":0,"enemies":"Gremlin Gang","floor":12,"turns":3},{"damage":2,"enemies":"3 Louse","floor":14,"turns":2},{"damage":28,"enemies":"Slime Boss","floor":16,"turns":6},{"damage":0,"enemies":"Spheric Guardian","floor":18,"turns":4},{"damage":13,"enemies":"2 Thieves","floor":21,"turns":4},{"damage":19,"enemies":"Sentry and Sphere","floor":24,"turns":6},{"damage":26,"enemies":"Slaver and Parasite","floor":25,"turns":7},{"damage":24,"enemies":"Snecko","floor":28,"turns":5},{"damage":10,"enemies":"Snake Plant","floor":30,"turns":3},{"damage":71,"enemies":"Automaton","floor":33,"turns":8}],"relics_obtained":[{"floor":9,"key":"Dream Catcher"},{"floor":13,"key":"Bronze Scales"},{"floor":22,"key":"Ancient Tea Set"},{"floor":26,"key":"Charon\u0027s Ashes"}],"event_choices":[{"event_name":"Shining Light","player_choice":"Entered Light","floor":2,"damage_taken":0},{"event_name":"Golden Wing","player_choice":"Card Removal","floor":4,"damage_taken":0},{"event_name":"Dead Adventurer","player_choice":"Searched \u00270\u0027 times","floor":8,"damage_taken":0},{"event_name":"Living Wall","player_choice":"Forget","floor":10,"damage_taken":0},{"event_name":"Forgotten Altar","player_choice":"Shed Blood","floor":20,"damage_taken":0},{"event_name":"Transmorgrifier","player_choice":"Transform","floor":23,"damage_taken":0},{"event_name":"Ghosts","player_choice":"Ignored","floor":27,"damage_taken":0}],"boss_relics":[{"not_picked":["Orrery","Pandora\u0027s Box"],"picked":"Sozu"}],"items_purged_floors":[5,19],"potions_floor_spawned":[1,3,21,24,25],"seed_played":"5377466795586424849","killed_by":"Automaton","ascension_level":6,"potions_obtained":[{"floor":1,"key":"Weak Potion"},{"floor":3,"key":"FearPotion"}],"is_trial":false}