{"path_per_floor":["M","$","M","?","M","R","E","R","T","M","R","$","E","M","R","B",null,"M","M","$","?","?","R","E","M","T","M","M","$","E","M","R","B",null,"M","M","$","M","$","E","R","E","T","M","?","R","?","M","R"],"character_chosen":"THE_SILENT","items_purchased":["Noxious Fumes"],"gold_per_floor":[109,34,50,50,65,65,90,90,115,129,129,29,56,68,68,166,166,185,200,75,75,0,0,34,49,75,86,100,100,131,148,148,253,253,265,276,126,138,60,86,86,116,141,157,157,157,157,177,177,177],"floor_reached":50,"campfire_rested":4,"playtime":4354,"item_purchase_floors":[39],"current_hp_per_floor":[63,63,63,63,62,62,46,46,46,41,41,41,17,17,35,10,63,63,63,63,63,63,63,62,52,52,50,50,50,50,49,49,49,63,63,61,61,61,61,1,19,19,19,12,4,22,22,18,36,0],"items_purged":["Strike_G","Strike_G","Defend_G","Defend_G"],"gold":177,"score":782,"play_id":"2728ab62-0247-4d6f-8a53-5d94320b681c","local_time":"20180607214908","is_prod":false,"is_daily":false,"chose_seed":false,"is_ascension_mode":true,"campfire_upgraded":5,"win_rate":0,"timestamp":1528400948,"campfire_choices":[{"data":"Blur","floor":6,"key":"SMITH"},{"data":"Neutralize","floor":8,"key":"SMITH"},{"data":"Deadly Poison","floor":11,"key":"SMITH"},{"floor":15,"key":"REST"},{"data":"Burst","floor":23,"key":"SMITH"},{"data":"Backflip","floor":32,"key":"SMITH"},{"floor":41,"key":"REST"},{"floor":46,"key":"REST"},{"floor":49,"key":"REST"}],"path_taken":["M","$","M","?","?","R","E","R","T","M","R","$","E","M","R","BOSS","M","M","$","?","?","R","E","?","T","M","M","$","E","M","R","BOSS","M","M","$","M","$","E","R","E","T","M","?","R","?","M","R","BOSS"],"build_version":"2018-05-31","seed_source_timestamp":1896905181318873,"purchased_purges":4,"victory":false,"master_deck":["Defend_G","Strike_G+1","Strike_G+1","Survivor","Neutralize+1","Noxious Fumes+1","Deflect","Blur+1","Well Laid Plans","Deadly Poison+1","Backflip","Burst+1","Decay","Malaise","Adrenaline","Backflip+1","A Thousand Cuts","Tools of the Trade","Noxious Fumes","Acrobatics+1","Pain","Madness","Madness"],"max_hp_per_floor":[63,63,63,63,63,63,63,63,63,63,63,63,63,63,63,63,63,63,63,63,63,63,63,63,63,63,63,63,63,63,63,63,63,63,63,63,63,63,63,63,63,63,63,63,63,63,63,63,63,63],"relics":["Ring of the Snake","Whetstone","Boot","Bag of Marbles","Cursed Key","Vajra","Bag of Preparation","Ornamental Fan","Sozu","Calipers","Bronze Scales","Juzu Bracelet"],"card_choices":[{"not_picked":["Dagger Throw","Dodge and Roll"],"picked":"Noxious Fumes","floor":1},{"not_picked":["Outmaneuver","Cloak And Dagger"],"picked":"Deflect","floor":3},{"not_picked":["Deadly Poison","Malaise"],"picked":"Blur","floor":5},{"not_picked":["Unload","Bane"],"picked":"Well Laid Plans","floor":7},{"not_picked":["Slice","Dagger Spray"],"picked":"Deadly Poison","floor":10},{"not_picked":["Finisher","Poisoned Stab","Slice"],"picked":"SKIP","floor":13},{"not_picked":["Dagger Spray","Flechettes"],"picked":"Backflip","floor":14},{"not_picked":["Bullet Time","Tools of the Trade"],"picked":"Burst","floor":16},{"not_picked":["Poisoned Stab","Underhanded Strike","Expertise"],"picked":"SKIP","floor":18},{"not_picked":["Bane","Predator","Dagger Throw"],"picked":"SKIP","floor":19},{"not_picked":["Backstab","Bane","Malaise"],"picked":"SKIP","floor":24},{"not_picked":["Cloak And Dagger+1","Heel Hook","Leg Sweep"],"picked":"SKIP","floor":25},{"not_picked":["Quick Slash","Bane+1","Slice"],"picked":"SKIP","floor":27},{"not_picked":["Dash","Poisoned Stab"],"picked":"Malaise","floor":28},{"not_picked":["Poisoned Stab","Deadly Poison"],"picked":"Adrenaline","floor":30},{"not_picked":["Dagger Spray","Poisoned Stab+1"],"picked":"Backflip","floor":31},{"not_picked":["Phantasmal Killer","Glass Knife"],"picked":"A Thousand Cuts","floor":33},{"not_picked":["Poisoned Stab+1","Outmaneuver+1","Sucker Punch"],"picked":"SKIP","floor":35},{"not_picked":["Underhanded Strike","Backflip+1","Accuracy+1"],"picked":"SKIP","floor":36},{"not_picked":["Prepared","Poisoned Stab+1"],"picked":"Tools of the Trade","floor":38},{"not_picked":["Flying Knee+1","Deflect+1","Bullet Time"],"picked":"SKIP","floor":40},{"not_picked":["Cloak And Dagger","Dodge and Roll+1"],"picked":"Acrobatics+1","floor":42},{"not_picked":["Eviscerate","Distraction","Deflect+1"],"picked":"SKIP","floor":44},{"not_picked":["PiercingWail","Terror","Dagger Spray"],"picked":"SKIP","floor":48}],"player_experience":237632,"potions_floor_usage":[13,13,16,16,31,33,40,40],"damage_taken":[{"damage":0,"enemies":"Small Slimes","floor":1,"turns":3},{"damage":0,"enemies":"Cultist","floor":3,"turns":5},{"damage":1,"enemies":"2 Louse","floor":5,"turns":3},{"damage":16,"enemies":"3 Sentries","floor":7,"turns":7},{"damage":5,"enemies":"Gremlin Gang","floor":10,"turns":4},{"damage":24,"enemies":"Gremlin Nob","floor":13,"turns":4},{"damage":0,"enemies":"Exordium Thugs","floor":14,"turns":4},{"damage":25,"enemies":"Slime Boss","floor":16,"turns":10},{"damage":0,"enemies":"Chosen","floor":18,"turns":5},{"damage":0,"enemies":"2 Thieves","floor":19,"turns":5},{"damage":1,"enemies":"Book of Stabbing","floor":24,"turns":6},{"damage":10,"enemies":"Snecko","floor":25,"turns":5},{"damage":2,"enemies":"Snake Plant","floor":27,"turns":5},{"damage":0,"enemies":"Chosen and Byrds","floor":28,"turns":6},{"damage":0,"enemies":"Gremlin Leader","floor":30,"turns":9},{"damage":1,"enemies":"Snecko","floor":31,"turns":5},{"damage":0,"enemies":"Automaton","floor":33,"turns":9},{"damage":0,"enemies":"3 Darklings","floor":35,"turns":5},{"damage":2,"enemies":"3 Shapes","floor":36,"turns":4},{"damage":0,"enemies":"Maw","floor":38,"turns":9},{"damage":60,"enemies":"2 Orb Walkers","floor":40,"turns":6},{"damage":0,"enemies":"Nemesis","floor":42,"turns":8},{"damage":7,"enemies":"4 Shapes","floor":44,"turns":4},{"damage":4,"enemies":"Sphere and 2 Shapes","floor":48,"turns":5},{"damage":46,"enemies":"Donu and Deca","floor":50,"turns":6}],"relics_obtained":[{"floor":7,"key":"Whetstone"},{"floor":9,"key":"Boot"},{"floor":13,"key":"Bag of Marbles"},{"floor":24,"key":"Vajra"},{"floor":26,"key":"Bag of Preparation"},{"floor":30,"key":"Ornamental Fan"},{"floor":40,"key":"Calipers"},{"floor":42,"key":"Bronze Scales"},{"floor":43,"key":"Juzu Bracelet"}],"event_choices":[{"event_name":"Accursed Blacksmith","player_choice":"Forge","floor":4,"damage_taken":0},{"event_name":"The Woman in Blue","player_choice":"Bought 0 Potions","floor":21,"damage_taken":0},{"event_name":"Beggar","player_choice":"Gave Gold","floor":22,"damage_taken":0},{"event_name":"Winding Halls","player_choice":"Embrace Madness","floor":45,"damage_taken":0},{"event_name":"SecretPortal","player_choice":"Rejected Portal.","floor":47,"damage_taken":0}],"boss_relics":[{"not_picked":["Lizard Tail","Runic Dome"],"picked":"Cursed Key"},{"not_picked":["Pandora\u0027s Box","Tiny House"],"picked":"Sozu"}],"items_purged_floors":[2,12,20,37],"potions_floor_spawned":[5,10,13,14,19,25,27,30,31,35,38,40,44,48],"seed_played":"4377453973398519359","killed_by":"Donu and Deca","ascension_level":4,"potions_obtained":[{"floor":5,"key":"PowerPotion"},{"floor":10,"key":"SkillPotion"},{"floor":13,"key":"Strength Potion"},{"floor":14,"key":"LiquidBronze"},{"floor":19,"key":"Poison Potion"},{"floor":25,"key":"SneckoOil"},{"floor":27,"key":"Dexterity Potion"},{"floor":30,"key":"SpeedPotion"},{"floor":31,"key":"Fire Potion"}],"is_trial":false}