{"gold_per_floor":[17,34,53,12,27,27,27,46,46,46,77,77,91,23,23,122,172,189,42,58,58,58,58,85,85,134,151,167,19,35,35,35,135,135,153,153,63,63,63,91,91],"floor_reached":41,"playtime":14777,"items_purged":["Pain"],"score":574,"play_id":"c626bb25-51bd-4ae1-972a-4bd0041bd0c7","local_time":"20190214233200","is_ascension_mode":true,"campfire_choices":[{"floor":6.0,"key":"RECALL"},{"floor":12.0,"key":"REST"},{"floor":15.0,"key":"REST"},{"floor":23,"key":"REST"},{"floor":25,"key":"REST"},{"floor":32,"key":"REST"}],"neow_cost":"NO_GOLD","seed_source_timestamp":0,"circlet_count":0,"master_deck":["Defend_G+1","Defend_G+1","Defend_G+1","Defend_G+1","Defend_G+1","Strike_G+1","Strike_G+1","Strike_G+1","Survivor","Neutralize","Burst","Backflip+1","Blur","PiercingWail","Dagger Spray","Bouncing Flask","Poisoned Stab","Well Laid Plans","Bouncing Flask","Distraction","Noxious Fumes","Venomology","Noxious Fumes","Bane","Outmaneuver+1","PiercingWail+1","Prepared","Footwork+1","Deflect+1","Phantasmal Killer","Setup+1","Bouncing Flask","Quick Slash+1"],"special_seed":0,"relics":["Ring of the Snake","Pear","Smiling Mask","PreservedInsect","Tiny House","Regal Pillow","WarpedTongs","Bronze Scales","Bag of Preparation","Happy Flower","Black Star","Bottled Flame","Gambling Chip"],"potions_floor_usage":[18,27,33,40,40,41,41],"damage_taken":[{"damage":0.0,"enemies":"2 Louse","floor":1.0,"turns":3.0},{"damage":0.0,"enemies":"Jaw Worm","floor":2.0,"turns":8.0},{"damage":0.0,"enemies":"Small Slimes","floor":3.0,"turns":5.0},{"damage":6.0,"enemies":"Looter","floor":5.0,"turns":4.0},{"damage":25.0,"enemies":"Gremlin Gang","floor":8.0,"turns":4.0},{"damage":31.0,"enemies":"Gremlin Nob","floor":11.0,"turns":5.0},{"damage":11.0,"enemies":"Exordium Wildlife","floor":13.0,"turns":5.0},{"damage":28.0,"enemies":"The Guardian","floor":16.0,"turns":9.0},{"damage":33,"enemies":"3 Byrds","floor":18,"turns":5},{"damage":18,"enemies":"Spheric Guardian","floor":20,"turns":5},{"damage":36,"enemies":"Gremlin Leader","floor":24,"turns":6},{"damage":15,"enemies":"Centurion and Healer","floor":27,"turns":5},{"damage":3,"enemies":"Snake Plant","floor":28,"turns":4},{"damage":4,"enemies":"Snecko","floor":30,"turns":4},{"damage":11,"enemies":"Colosseum Slavers","floor":31,"turns":4},{"damage":58,"enemies":"Champ","floor":33,"turns":13},{"damage":27,"enemies":"Orb Walker","floor":35,"turns":5},{"damage":21,"enemies":"Nemesis","floor":40,"turns":9},{"damage":26,"enemies":"3 Shapes","floor":41,"turns":3}],"seed_played":"133413240780222769","potions_obtained":[{"floor":1.0,"key":"Block Potion"},{"floor":11.0,"key":"PowerPotion"},{"floor":13.0,"key":"Fruit Juice"},{"floor":17,"key":"Poison Potion"}],"is_trial":false,"path_per_floor":["M","M","M","$","M","R","?","M","T","?","E","R","M","$","R","B",null,"M","$","M","?","?","R","E","R","T","M","M","$","M","?","R","B",null,"M","?","$","?","$","E","M"],"character_chosen":"THE_SILENT","items_purchased":["Bouncing Flask","Noxious Fumes","Regal Pillow","Happy Flower","Bouncing Flask"],"campfire_rested":5,"item_purchase_floors":[4,14,19,29,37],"current_hp_per_floor":[70,70,70,70,64,64,62,37,37,37,6,30,24,24,49,21,74,41,41,23,23,23,65,29,71,71,56,53,53,49,38,80,22,73,46,46,46,46,46,25,0],"gold":91,"neow_bonus":"TRANSFORM_TWO_CARDS","is_prod":false,"is_daily":false,"chose_seed":false,"campfire_upgraded":0,"win_rate":0,"timestamp":1550205120,"path_taken":["M","M","M","$","M","R","?","M","T","?","E","R","M","?","R","BOSS","M","$","M","?","?","R","E","R","T","M","M","$","?","?","R","BOSS","M","?","$","?","$","E","M"],"build_version":"2019-01-23","purchased_purges":1,"victory":false,"max_hp_per_floor":[70,70,70,70,70,70,80,80,80,80,80,80,85,85,85,85,90,90,90,90,90,90,90,90,90,90,90,90,90,90,90,90,90,90,90,90,90,90,90,90,90],"card_choices":[{"not_picked":["Outmaneuver","Flying Knee"],"picked":"Blur","floor":1.0},{"not_picked":["Choke","Tactician"],"picked":"PiercingWail","floor":2.0},{"not_picked":["Bane","Blade Dance"],"picked":"Dagger Spray","floor":3.0},{"not_picked":["Cloak And Dagger","Riddle With Holes"],"picked":"Poisoned Stab","floor":5.0},{"not_picked":["Sucker Punch","Blade Dance"],"picked":"Well Laid Plans","floor":8.0},{"not_picked":["Quick Slash","Doppelganger"],"picked":"Bouncing Flask","floor":11.0},{"not_picked":["Flying Knee","Calculated Gamble"],"picked":"Distraction","floor":13.0},{"not_picked":["Die Die Die","Grand Finale"],"picked":"Venomology","floor":16.0},{"not_picked":["Distraction","Escape Plan"],"picked":"Noxious Fumes","floor":17},{"not_picked":["Prepared","Deadly Poison"],"picked":"Bane","floor":18},{"not_picked":["Flying Knee","Cloak And Dagger"],"picked":"Outmaneuver+1","floor":20},{"not_picked":["Slice","Flying Knee"],"picked":"PiercingWail+1","floor":24},{"not_picked":["Outmaneuver+1","Dagger Spray"],"picked":"Prepared","floor":27},{"not_picked":["Infinite Blades","Flying Knee"],"picked":"Footwork+1","floor":28},{"not_picked":["Riddle With Holes+1","Heel Hook+1"],"picked":"Deflect+1","floor":30},{"not_picked":["Bullet Time","Malaise"],"picked":"Phantasmal Killer","floor":33},{"not_picked":["Sucker Punch","Cloak And Dagger"],"picked":"Setup+1","floor":35},{"not_picked":["Flechettes","Blade Dance"],"picked":"Quick Slash+1","floor":40}],"player_experience":2138120,"relics_obtained":[{"floor":11.0,"key":"PreservedInsect"},{"floor":24,"key":"Bronze Scales"},{"floor":26,"key":"Bag of Preparation"},{"floor":40,"key":"Bottled Flame"},{"floor":40,"key":"Gambling Chip"}],"event_choices":[{"damage_healed":0.0,"max_hp_gain":0.0,"max_hp_loss":0.0,"gold_gain":0.0,"event_name":"Scrap Ooze","player_choice":"Success","floor":7.0,"gold_loss":0.0,"damage_taken":12.0,"relics_obtained":["Pear"]},{"damage_healed":0.0,"max_hp_gain":0.0,"max_hp_loss":0.0,"gold_gain":0.0,"event_name":"Dead Adventurer","player_choice":"Searched \u00272\u0027 times","floor":10.0,"gold_loss":0.0,"damage_taken":0.0,"relics_obtained":["Smiling Mask"]},{"damage_healed":0,"gold_gain":0,"player_choice":"Simplicity","damage_taken":0,"max_hp_gain":0,"max_hp_loss":0,"event_name":"Back to Basics","floor":21,"gold_loss":0,"cards_upgraded":["Defend_G","Defend_G","Defend_G","Defend_G","Defend_G","Strike_G","Strike_G","Strike_G"]},{"damage_healed":0,"gold_gain":0,"player_choice":"Rummage","damage_taken":0,"relics_obtained":["WarpedTongs"],"max_hp_gain":0,"max_hp_loss":0,"event_name":"Accursed Blacksmith","floor":22,"gold_loss":0,"cards_obtained":["Pain"]},{"damage_healed":0,"gold_gain":0,"player_choice":"Fight","damage_taken":0,"max_hp_gain":0,"max_hp_loss":0,"event_name":"Colosseum","floor":31,"gold_loss":0},{"damage_healed":0,"gold_gain":0,"player_choice":"Fled From Nobs","damage_taken":0,"max_hp_gain":0,"max_hp_loss":0,"event_name":"Colosseum","floor":31,"gold_loss":0},{"damage_healed":0,"gold_gain":0,"player_choice":"Ignored","damage_taken":0,"max_hp_gain":0,"max_hp_loss":0,"event_name":"Tomb of Lord Red Mask","floor":36,"gold_loss":0},{"damage_healed":0,"gold_gain":0,"player_choice":"Ignored","damage_taken":0,"max_hp_gain":0,"max_hp_loss":0,"event_name":"Mysterious Sphere","floor":38,"gold_loss":0}],"is_beta":false,"boss_relics":[{"not_picked":["WristBlade","Orrery"],"picked":"Tiny House"},{"not_picked":["Cursed Key","White Beast Statue"],"picked":"Black Star"}],"items_purged_floors":[37],"is_endless":false,"potions_floor_spawned":[1,11,13,20,33],"killed_by":"3 Shapes","ascension_level":5}