{"gold_per_floor":[114,189,189,204,223,223,238,256,281,281,281],"floor_reached":11,"playtime":841,"items_purged":[],"score":68,"play_id":"bda463ed-a9e9-4697-8c59-20e19799aa1a","local_time":"20181219002101","is_ascension_mode":true,"campfire_choices":[{"floor":6,"key":"RECALL"},{"data":"Zap","floor":10,"key":"SMITH"}],"neow_cost":"PERCENT_DAMAGE","seed_source_timestamp":344463388013412,"circlet_count":0,"master_deck":["Strike_B","Strike_B","Defend_B","Defend_B","Defend_B","Defend_B","Zap+1","Dualcast","Self Repair","Scrape","Loop","Melter","White Noise"],"relics":["Cracked Core","Vajra"],"potions_floor_usage":[7],"damage_taken":[{"damage":2,"enemies":"Small Slimes","floor":1,"turns":3},{"damage":1,"enemies":"Jaw Worm","floor":4,"turns":4},{"damage":6,"enemies":"Cultist","floor":5,"turns":3},{"damage":4,"enemies":"Gremlin Gang","floor":7,"turns":4},{"damage":16,"enemies":"2 Fungi Beasts","floor":8,"turns":3},{"damage":35,"enemies":"3 Sentries","floor":11,"turns":5}],"seed_played":"6610143428762899108","potions_obtained":[{"floor":4,"key":"Ancient Potion"},{"floor":5,"key":"Fire Potion"}],"is_trial":false,"path_per_floor":["M","?","?","M","M","R","M","M","T","R","E"],"character_chosen":"DEFECT","items_purchased":[],"campfire_rested":0,"item_purchase_floors":[],"current_hp_per_floor":[52,41,41,47,48,48,51,35,35,35,0],"gold":281,"neow_bonus":"REMOVE_TWO","is_prod":false,"is_daily":false,"chose_seed":false,"campfire_upgraded":1,"win_rate":0,"timestamp":1545196861,"path_taken":["M","?","?","?","M","R","M","?","T","R","E"],"build_version":"2018-12-13","purchased_purges":0,"victory":false,"max_hp_per_floor":[75,75,75,75,75,75,75,75,75,75,75],"card_choices":[{"not_picked":["Cold Snap","Steam"],"picked":"Self Repair","floor":1},{"not_picked":["Cold Snap","Streamline"],"picked":"Scrape","floor":4},{"not_picked":["Conserve Battery","Go for the Eyes"],"picked":"Loop","floor":5},{"not_picked":["Coolheaded","Double Energy"],"picked":"Melter","floor":7},{"not_picked":["Rebound","Streamline"],"picked":"White Noise","floor":8}],"player_experience":142945,"relics_obtained":[{"floor":3,"key":"Vajra"}],"event_choices":[{"damage_healed":0,"gold_gain":75,"player_choice":"Gather Gold","damage_taken":11,"max_hp_gain":0,"max_hp_loss":0,"event_name":"World of Goop","floor":2,"gold_loss":0},{"damage_healed":0,"gold_gain":0,"player_choice":"Relic","damage_taken":0,"max_hp_gain":0,"max_hp_loss":0,"event_name":"Wheel of Change","floor":3,"gold_loss":0}],"is_beta":false,"boss_relics":[],"items_purged_floors":[],"is_endless":false,"potions_floor_spawned":[4,5],"killed_by":"3 Sentries","ascension_level":1}