{"path_per_floor":["M","?","$","M","?","R","E","R","T","?","M","M","R","?","R","B",null,"M","M","?","M","?","R","$","R","T","M","M","$","R","M","R","B",null,"M","$","M","?"],"character_chosen":"IRONCLAD","items_purchased":["Demon Form","Whirlwind"],"gold_per_floor":[117,117,38,48,48,48,83,83,83,83,95,110,110,110,110,210,210,227,240,240,253,253,253,110,110,160,179,196,96,96,112,112,215,215,232,107,123,123,123],"floor_reached":39,"campfire_rested":1,"playtime":2268,"item_purchase_floors":[],"current_hp_per_floor":[74,74,74,64,52,52,39,39,39,32,40,33,33,58,58,26,77,61,36,36,25,25,25,25,25,25,15,13,13,24,31,31,33,38,38,38,38,33,0],"items_purged":["Strike_R","Strike_R","Strike_R"],"gold":123,"score":461,"play_id":"0972210f-a058-4c2b-86c4-fce850750a78","local_time":"20180601215957","is_prod":false,"is_daily":false,"chose_seed":false,"is_ascension_mode":true,"campfire_upgraded":7,"win_rate":0,"timestamp":1527883197,"campfire_choices":[{"data":"Demon Form","floor":6.0,"key":"SMITH"},{"data":"Warcry","floor":8.0,"key":"SMITH"},{"data":"Seeing Red","floor":13.0,"key":"SMITH"},{"data":"Twin Strike","floor":15.0,"key":"SMITH"},{"data":"Warcry","floor":23,"key":"SMITH"},{"data":"Whirlwind","floor":25,"key":"SMITH"},{"floor":30,"key":"REST"},{"data":"Battle Trance","floor":32,"key":"SMITH"}],"path_taken":["M","?","$","M","?","R","E","R","T","?","M","?","R","?","R","BOSS","M","M","?","?","?","R","$","R","T","M","M","?","R","M","R","BOSS","M","$","M","?","?"],"build_version":"2018-05-31","seed_source_timestamp":0,"purchased_purges":3,"victory":false,"master_deck":["Strike_R","Strike_R","Defend_R","Defend_R","Defend_R","Defend_R","Bash","Metallicize","Demon Form+1","Warcry+1","Reaper+1","Seeing Red+1","Warcry+1","Twin Strike+1","Battle Trance+1","Ghostly","Ghostly","Ghostly","Ghostly","Ghostly","Clash+1","Whirlwind+1","Seeing Red+1","Evolve","Armaments+1","Armaments+1","Clash+1","Madness","Madness"],"max_hp_per_floor":[80,80,80,80,80,80,80,80,80,77,77,77,77,77,77,77,77,77,77,38,38,38,38,38,38,38,38,38,38,38,38,38,38,38,38,38,38,38,38],"relics":["Burning Blood","Bird Faced Urn","Prayer Wheel","Potion Belt","Letter Opener","Lizard Tail","Vajra","Philosopher\u0027s Stone"],"card_choices":[{"not_picked":["Searing Blow","Headbutt"],"picked":"Metallicize","floor":1.0},{"not_picked":["Armaments","Wild Strike"],"picked":"Warcry","floor":4.0},{"not_picked":["Spot Weakness","Pommel Strike"],"picked":"Reaper","floor":7.0},{"not_picked":["Iron Wave","Clash"],"picked":"Seeing Red","floor":11.0},{"not_picked":["Pummel","Sword Boomerang","True Grit"],"picked":"SKIP","floor":11.0},{"not_picked":["Sword Boomerang","Corruption"],"picked":"Warcry","floor":12.0},{"not_picked":["Combust","Heavy Blade"],"picked":"Twin Strike","floor":12.0},{"not_picked":["Sentinel","Hemokinesis","Headbutt"],"picked":"SKIP","floor":18},{"not_picked":["Warcry","Wild Strike","Perfected Strike+1"],"picked":"SKIP","floor":18},{"not_picked":["Flex","Wild Strike"],"picked":"Battle Trance","floor":19},{"not_picked":["Anger","Wild Strike","Flex"],"picked":"SKIP","floor":19},{"not_picked":["Iron Wave","Fire Breathing+1"],"picked":"Clash+1","floor":21},{"not_picked":["Flex","Shrug It Off","Heavy Blade"],"picked":"SKIP","floor":21},{"not_picked":["Body Slam+1","Anger+1"],"picked":"Seeing Red+1","floor":27},{"not_picked":["Clothesline","Headbutt","Shrug It Off"],"picked":"SKIP","floor":27},{"not_picked":["Battle Trance","Disarm+1"],"picked":"Evolve","floor":28},{"not_picked":["Inflame","Evolve","Searing Blow"],"picked":"SKIP","floor":28},{"not_picked":["Wild Strike","Pummel"],"picked":"Armaments+1","floor":31},{"not_picked":["Fiend Fire","Anger"],"picked":"Armaments+1","floor":31},{"not_picked":["Thunderclap","Shockwave+1","Sword Boomerang"],"picked":"SKIP","floor":35},{"not_picked":["Corruption","Pummel+1","Feel No Pain"],"picked":"SKIP","floor":35},{"not_picked":["Iron Wave+1","Thunderclap"],"picked":"Clash+1","floor":37},{"not_picked":["Searing Blow","Rampage+1","Sword Boomerang"],"picked":"SKIP","floor":37}],"player_experience":164844,"potions_floor_usage":[28],"damage_taken":[{"damage":12.0,"enemies":"Jaw Worm","floor":1.0,"turns":6.0},{"damage":18.0,"enemies":"Cultist","floor":4.0,"turns":6.0},{"damage":23.0,"enemies":"3 Sentries","floor":7.0,"turns":8.0},{"damage":8.0,"enemies":"Small Slimes","floor":11.0,"turns":6.0},{"damage":19.0,"enemies":"3 Louse","floor":12.0,"turns":4.0},{"damage":48.0,"enemies":"Slime Boss","floor":16.0,"turns":8.0},{"damage":24,"enemies":"Spheric Guardian","floor":18,"turns":5},{"damage":40,"enemies":"Shell Parasite","floor":19,"turns":6},{"damage":58,"enemies":"3 Cultists","floor":21,"turns":7},{"damage":28,"enemies":"Chosen and Byrds","floor":27,"turns":8},{"damage":16,"enemies":"Snake Plant","floor":28,"turns":5},{"damage":1,"enemies":"Snecko","floor":31,"turns":4},{"damage":10,"enemies":"Champ","floor":33,"turns":10},{"damage":7,"enemies":"3 Shapes","floor":35,"turns":3},{"damage":0,"enemies":"Orb Walker","floor":37,"turns":4},{"damage":44,"enemies":"Mysterious Sphere","floor":39,"turns":3}],"relics_obtained":[{"floor":7.0,"key":"Potion Belt"},{"floor":9.0,"key":"Letter Opener"},{"floor":26,"key":"Vajra"}],"event_choices":[{"event_name":"The Woman in Blue","player_choice":"Bought 0 Potions","floor":2.0,"damage_taken":0.0},{"event_name":"Scrap Ooze","player_choice":"success","floor":5.0,"damage_taken":12.0},{"event_name":"Golden Wing","player_choice":"Card Removal","floor":10.0,"damage_taken":0.0},{"event_name":"Big Fish","player_choice":"Banana","floor":14.0,"damage_taken":0.0},{"event_name":"Ghosts","player_choice":"Became a Ghost","floor":20,"damage_taken":0},{"event_name":"Upgrade Shrine","player_choice":"Upgraded","floor":22,"damage_taken":0},{"event_name":"Winding Halls","player_choice":"Embrace Madness","floor":38,"damage_taken":0},{"event_name":"Mysterious Sphere","player_choice":"Fight","floor":39,"damage_taken":0}],"boss_relics":[{"not_picked":["Calling Bell","Black Blood"],"picked":"Lizard Tail"},{"not_picked":["Mark of Pain","Velvet Choker"],"picked":"Philosopher\u0027s Stone"}],"items_purged_floors":[24,29,36],"potions_floor_spawned":[7,11,18,21],"seed_played":"4604594665467093479","killed_by":"Mysterious Sphere","ascension_level":3,"potions_obtained":[{"floor":7.0,"key":"Strength Potion"},{"floor":11.0,"key":"SpeedPotion"},{"floor":18,"key":"GamblersBrew"},{"floor":21,"key":"Strength Potion"}],"is_trial":false}