{"gold_per_floor":[113,39,64,80,255,255,286,286,312,337,350,384,50,67,67,163,163,177,191,210,0,15,15,27,44,67,67,78,78,3,22,22,22],"floor_reached":33,"playtime":1705,"items_purged":["Doubt"],"score":404,"play_id":"ea1d4395-dfed-45b9-8507-aba539de57ca","local_time":"20190329015608","is_ascension_mode":true,"campfire_choices":[{"data":"Static Discharge","floor":6.0,"key":"SMITH"},{"data":"Doom and Gloom","floor":8.0,"key":"SMITH"},{"floor":15.0,"key":"REST"},{"floor":23.0,"key":"REST"},{"floor":29.0,"key":"REST"},{"floor":32.0,"key":"REST"}],"neow_cost":"NONE","seed_source_timestamp":0,"circlet_count":0,"master_deck":["AscendersBane","Strike_B","Strike_B","Strike_B","Strike_B","Defend_B","Defend_B","Defend_B","Defend_B","Zap","Dualcast","Static Discharge+1","Chill","Lockon","Doom and Gloom+1","Coolheaded","Conserve Battery","Heatsinks","Apotheosis","Creative AI","Coolheaded","Reboot","Loop","Defragment","Chill","Tempest","Darkness","Compile Driver+1","Chaos","Reinforced Body","Redo+1","Electrodynamics","Self Repair+1","Machine Learning"],"special_seed":0,"relics":["Cracked Core","Bronze Scales","Strawberry","PreservedInsect","Art of War","Regal Pillow","Orrery","Blood Vial"],"potions_floor_usage":[],"damage_taken":[{"damage":11.0,"enemies":"Cultist","floor":1.0,"turns":4.0},{"damage":0.0,"enemies":"Small Slimes","floor":4.0,"turns":3.0},{"damage":16.0,"enemies":"3 Sentries","floor":7.0,"turns":5.0},{"damage":7.0,"enemies":"Gremlin Nob","floor":10.0,"turns":3.0},{"damage":5.0,"enemies":"Jaw Worm","floor":11.0,"turns":2.0},{"damage":13.0,"enemies":"3 Sentries","floor":12.0,"turns":3.0},{"damage":8.0,"enemies":"3 Louse","floor":14.0,"turns":4.0},{"damage":43.0,"enemies":"The Guardian","floor":16.0,"turns":9.0},{"damage":7.0,"enemies":"Chosen","floor":18.0,"turns":4.0},{"damage":18.0,"enemies":"3 Byrds","floor":19.0,"turns":4.0},{"damage":29.0,"enemies":"Snecko","floor":20.0,"turns":7.0},{"damage":15.0,"enemies":"Chosen and Byrds","floor":22.0,"turns":4.0},{"damage":13.0,"enemies":"Snake Plant","floor":24.0,"turns":4.0},{"damage":14.0,"enemies":"Shelled Parasite and Fungi","floor":25.0,"turns":4.0},{"damage":14.0,"enemies":"Centurion and Healer","floor":28.0,"turns":4.0},{"damage":29.0,"enemies":"Snake Plant","floor":31.0,"turns":4.0},{"damage":95,"enemies":"Champ","floor":33,"turns":10}],"seed_played":"-8162436321303171935","potions_obtained":[{"floor":10.0,"key":"Explosive Potion"},{"floor":14.0,"key":"FearPotion"},{"floor":16.0,"key":"Strength Potion"},{"floor":18.0,"key":"Energy Potion"},{"floor":20.0,"key":"GamblersBrew"},{"floor":24.0,"key":"Explosive Potion"}],"is_trial":false,"path_per_floor":["M","$","T","M","?","R","E","R","T","E","M","E","$","M","R","B",null,"M","M","M","?","M","R","M","M","T","?","M","R","$","M","R","B"],"character_chosen":"DEFECT","items_purchased":["Chill","Apotheosis","Creative AI"],"campfire_rested":4,"item_purchase_floors":[2,13,13],"current_hp_per_floor":[64,64,64,64,64,64,55,55,55,48,43,30,30,22,63,20,72,65,47,18,18,3,44,31,17,17,46,34,75,75,48,89,0],"gold":22,"neow_bonus":"TEN_PERCENT_HP_BONUS","is_prod":false,"is_daily":false,"chose_seed":false,"campfire_upgraded":2,"win_rate":0,"timestamp":1553838968,"path_taken":["M","$","?","?","?","R","E","R","T","E","M","E","$","M","R","BOSS","M","M","M","?","M","R","M","M","T","?","M","R","$","?","R","BOSS"],"build_version":"2019-01-23","purchased_purges":1,"victory":false,"max_hp_per_floor":[82,82,82,82,82,82,89,89,89,89,89,89,89,89,89,89,89,89,89,89,89,89,89,89,89,89,89,89,89,89,89,89,89],"card_choices":[{"not_picked":["Streamline","Barrage"],"picked":"Static Discharge","floor":1.0},{"not_picked":["Go for the Eyes","Steam Power"],"picked":"Lockon","floor":4.0},{"not_picked":["Buffer","Hyperbeam"],"picked":"Doom and Gloom","floor":7.0},{"not_picked":["Static Discharge","Rip and Tear"],"picked":"Coolheaded","floor":10.0},{"not_picked":["Stack","Sweeping Beam"],"picked":"Conserve Battery","floor":11.0},{"not_picked":["Cold Snap","Leap"],"picked":"Heatsinks","floor":12.0},{"not_picked":["Barrage","Conserve Battery"],"picked":"Coolheaded","floor":14.0},{"not_picked":["Seek","Hyperbeam"],"picked":"Reboot","floor":16.0},{"not_picked":["Ball Lightning","Steam"],"picked":"Loop","floor":17.0},{"not_picked":["Storm","Steam"],"picked":"Defragment","floor":17.0},{"not_picked":["Gash","Recycle"],"picked":"Chill","floor":17.0},{"not_picked":["Cold Snap","Barrage"],"picked":"Tempest","floor":17.0},{"not_picked":["Ball Lightning","Doom and Gloom"],"picked":"Darkness","floor":17.0},{"not_picked":["Sweeping Beam+1","Reprogram"],"picked":"Compile Driver+1","floor":18.0},{"not_picked":["Doom and Gloom","Aggregate","Barrage"],"picked":"SKIP","floor":19.0},{"not_picked":["Stack+1","Turbo+1"],"picked":"Chaos","floor":20.0},{"not_picked":["Darkness","Blizzard"],"picked":"Reinforced Body","floor":22.0},{"not_picked":["Hologram+1","Sweeping Beam+1"],"picked":"Redo+1","floor":24.0},{"not_picked":["Steam","Streamline"],"picked":"Electrodynamics","floor":25.0},{"not_picked":["Gash","Static Discharge+1"],"picked":"Self Repair+1","floor":28.0},{"not_picked":["Go for the Eyes+1","Streamline"],"picked":"Machine Learning","floor":31.0}],"player_experience":2535691,"relics_obtained":[{"floor":3.0,"key":"Bronze Scales"},{"floor":7.0,"key":"Strawberry"},{"floor":9.0,"key":"PreservedInsect"},{"floor":10.0,"key":"Art of War"},{"floor":12.0,"key":"Regal Pillow"},{"floor":26.0,"key":"Blood Vial"}],"event_choices":[{"damage_healed":0.0,"max_hp_gain":0.0,"max_hp_loss":0.0,"gold_gain":175.0,"event_name":"Liars Game","player_choice":"AGREE","floor":5.0,"gold_loss":0.0,"damage_taken":0.0,"cards_obtained":["Doubt"]},{"damage_healed":0.0,"max_hp_gain":0.0,"max_hp_loss":0.0,"gold_gain":0.0,"event_name":"Masked Bandits","player_choice":"Paid Fearfully","floor":21.0,"gold_loss":210.0,"damage_taken":0.0},{"damage_healed":29.0,"max_hp_gain":0.0,"max_hp_loss":0.0,"gold_gain":0.0,"event_name":"The Library","player_choice":"Heal","floor":27.0,"gold_loss":0.0,"damage_taken":0.0}],"is_beta":false,"boss_relics":[{"not_picked":["Sozu","Tiny House"],"picked":"Orrery"}],"items_purged_floors":[30],"is_endless":false,"potions_floor_spawned":[10,14,16,18,20,24,31],"killed_by":"Champ","ascension_level":10}