{"gold_per_floor":[11,11,11,28,38,38,63,78,78,78,90,108,108],"floor_reached":13,"playtime":518,"items_purged":[],"score":174,"play_id":"0fb2395e-0194-4fda-8fa1-61563b850ac8","local_time":"20190517135103","is_ascension_mode":true,"campfire_choices":[{"floor":6,"key":"REST"},{"floor":10,"key":"REST"}],"neow_cost":"NO_GOLD","seed_source_timestamp":217589316266236,"circlet_count":0,"master_deck":["AscendersBane","Strike_R","Strike_R","Strike_R","Strike_R","Strike_R","Defend_R","Defend_R","Defend_R","Defend_R","Bash","Dropkick","Decay","Sentinel","Rupture","Iron Wave","Clothesline","Pommel Strike"],"relics":["Burning Blood","WingedGreaves","Bag of Preparation","Sundial"],"potions_floor_usage":[8,8,13],"damage_taken":[{"damage":12,"enemies":"Jaw Worm","floor":1,"turns":2},{"damage":16,"enemies":"2 Louse","floor":4,"turns":3},{"damage":7,"enemies":"Cultist","floor":5,"turns":4},{"damage":60,"enemies":"Gremlin Nob","floor":7,"turns":5},{"damage":13,"enemies":"Blue Slaver","floor":8,"turns":7},{"damage":22,"enemies":"3 Louse","floor":11,"turns":4},{"damage":5,"enemies":"2 Fungi Beasts","floor":12,"turns":4},{"damage":25,"enemies":"Exordium Thugs","floor":13,"turns":5}],"seed_played":"-3548152728396440820","potions_obtained":[{"floor":1,"key":"GamblersBrew"},{"floor":4,"key":"Dexterity Potion"},{"floor":11,"key":"Dexterity Potion"}],"is_trial":false,"path_per_floor":["M","?","?","M","M","R","E","M","T","R","M","M","M"],"character_chosen":"IRONCLAD","items_purchased":[],"campfire_rested":2,"item_purchase_floors":[],"current_hp_per_floor":[62,62,62,52,51,73,19,12,12,34,18,19,0],"gold":108,"neow_bonus":"ONE_RARE_RELIC","is_prod":false,"is_daily":false,"chose_seed":false,"campfire_upgraded":0,"win_rate":0,"timestamp":1558110063,"path_taken":["M","?","?","?","M","R","E","M","T","R","M","M","M"],"build_version":"2019-01-23","purchased_purges":0,"victory":false,"max_hp_per_floor":[75,75,75,75,75,75,75,75,75,75,75,75,75],"card_choices":[{"not_picked":["Sever Soul","Sword Boomerang"],"picked":"Dropkick","floor":1},{"not_picked":["Heavy Blade","True Grit"],"picked":"Rupture","floor":4},{"not_picked":["Flex","Sword Boomerang","Pommel Strike"],"picked":"SKIP","floor":5},{"not_picked":["Headbutt","Reckless Charge"],"picked":"Iron Wave","floor":7},{"not_picked":["Intimidate","Flex","Wild Strike"],"picked":"SKIP","floor":8},{"not_picked":["Headbutt","Power Through"],"picked":"Clothesline","floor":11},{"not_picked":["Wild Strike","Anger"],"picked":"Pommel Strike","floor":12}],"player_experience":1213568,"relics_obtained":[{"floor":7,"key":"Bag of Preparation"},{"floor":9,"key":"Sundial"}],"event_choices":[{"damage_healed":0,"gold_gain":0,"player_choice":"Ignored","damage_taken":0,"max_hp_gain":0,"max_hp_loss":0,"event_name":"Liars Game","floor":2,"gold_loss":0},{"damage_healed":0,"gold_gain":0,"player_choice":"2 cards matched","damage_taken":0,"max_hp_gain":0,"max_hp_loss":0,"event_name":"Match and Keep!","floor":3,"gold_loss":0,"cards_obtained":["Decay","Sentinel"]}],"is_beta":false,"boss_relics":[],"items_purged_floors":[],"is_endless":false,"potions_floor_spawned":[1,4,11],"killed_by":"Exordium Thugs","ascension_level":20}