{"gold_per_floor":[114,289,16,31,46,46,46,61,86,86,86,116,191,206,206,306,306,321,336,351,366,39,39,39,39,89,89,104,134,160,160,160,260,260,275,275,275,275,8,8,38,53,53,83,83,83,11,26,26,26],"floor_reached":51,"playtime":3731,"items_purged":["Doubt"],"score":871,"play_id":"ff4a3309-b2ad-46ba-8339-b9343b80eb60","local_time":"20190507162324","daily_mods":["Draft","Green Cards","Binary"],"is_ascension_mode":false,"campfire_choices":[{"data":"White Noise","floor":6.0,"key":"SMITH"},{"data":"Machine Learning","floor":11.0,"key":"SMITH"},{"data":"Backflip","floor":15.0,"key":"SMITH"},{"data":"Adrenaline","floor":23,"key":"SMITH"},{"data":"Ghostly","floor":27,"key":"SMITH"},{"floor":32,"key":"REST"},{"data":"Catalyst","floor":40,"key":"SMITH"},{"data":"Ghostly","floor":45,"key":"SMITH"},{"data":"Beam Cell","floor":49,"key":"SMITH"}],"neow_cost":"","seed_source_timestamp":0,"circlet_count":0,"master_deck":["Leap+1","White Noise+1","Deadly Poison+1","Conserve Battery+1","Deflect+1","Dagger Spray+1","Poisoned Stab+1","Coolheaded+1","Conserve Battery+1","Poisoned Stab+1","Conserve Battery+1","Dash+1","Machine Learning+1","Caltrops+1","Sweeping Beam+1","Backflip+1","Adrenaline+1","Footwork+1","Doom and Gloom+1","Melter+1","Catalyst+1","Ghostly+1","Ghostly+1","Ghostly+1","Ghostly+1","Ghostly+1","Backflip+1","Force Field+1","Catalyst+1","After Image+1","Ghostly+1","Sunder+1","Rebound+1","Leap","Beam Cell+1"],"special_seed":18023,"relics":["Cracked Core","Blood Vial","Question Card","Empty Cage","Bottled Lightning","Oddly Smooth Stone","Bag of Marbles","Red Mask","Enchiridion","Busted Crown","ClockworkSouvenir","Art of War","Bronze Scales","Regal Pillow","Mark of the Bloom"],"potions_floor_usage":[21,29,30,50,50,50],"damage_taken":[{"damage":0.0,"enemies":"Small Slimes","floor":1.0,"turns":3.0},{"damage":0.0,"enemies":"2 Louse","floor":4.0,"turns":2.0},{"damage":0.0,"enemies":"Cultist","floor":5.0,"turns":2.0},{"damage":0.0,"enemies":"Lots of Slimes","floor":8.0,"turns":2.0},{"damage":14.0,"enemies":"3 Sentries","floor":12.0,"turns":5.0},{"damage":10.0,"enemies":"3 Louse","floor":14.0,"turns":3.0},{"damage":20.0,"enemies":"Hexaghost","floor":16.0,"turns":7.0},{"damage":0,"enemies":"Spheric Guardian","floor":18,"turns":5},{"damage":7,"enemies":"2 Thieves","floor":19,"turns":4},{"damage":5,"enemies":"Snecko","floor":20,"turns":4},{"damage":6,"enemies":"3 Cultists","floor":21,"turns":5},{"damage":0,"enemies":"Sentry and Sphere","floor":28,"turns":6},{"damage":0,"enemies":"Gremlin Leader","floor":29,"turns":8},{"damage":4,"enemies":"Masked Bandits","floor":30,"turns":5},{"damage":0,"enemies":"Champ","floor":33,"turns":11},{"damage":0,"enemies":"3 Darklings","floor":35,"turns":6},{"damage":0,"enemies":"Nemesis","floor":41,"turns":11},{"damage":1,"enemies":"3 Shapes","floor":42,"turns":5},{"damage":1,"enemies":"Giant Head","floor":44,"turns":9},{"damage":0,"enemies":"3 Darklings","floor":48,"turns":4},{"damage":4,"enemies":"Awakened One","floor":50,"turns":16}],"seed_played":"-4448055644271088173","potions_obtained":[{"floor":1.0,"key":"Dexterity Potion"},{"floor":8.0,"key":"Fire Potion"},{"floor":14.0,"key":"AttackPotion"},{"floor":18,"key":"EssenceOfSteel"},{"floor":28,"key":"Ancient Potion"},{"floor":29,"key":"LiquidBronze"},{"floor":35,"key":"SteroidPotion"},{"floor":48,"key":"AttackPotion"}],"is_trial":false,"path_per_floor":["M","?","$","M","M","R","?","M","T","$","R","E","?","M","R","B",null,"M","M","M","M","$","R","?","$","T","R","M","E","?","?","R","B",null,"M","?","?","?","$","R","E","M","T","E","R","?","$","M","R","B",null],"character_chosen":"DEFECT","items_purchased":["Dash","Machine Learning","Catalyst","Bottled Lightning","ClockworkSouvenir","Sunder","Leap","Beam Cell"],"campfire_rested":1,"item_purchase_floors":[3,3,22,22,39,39,47,47],"current_hp_per_floor":[75,75,75,75,75,75,75,75,75,75,75,61,54,46,46,28,75,75,68,65,61,61,61,37,37,37,37,37,37,33,17,28,30,37,37,35,35,35,35,35,35,34,34,34,34,34,34,34,34,30],"gold":26,"neow_bonus":"","is_prod":false,"is_daily":true,"chose_seed":false,"campfire_upgraded":8,"win_rate":0,"timestamp":1557255204,"path_taken":["M","?","$","M","M","R","?","?","T","?","R","E","?","?","R","BOSS","M","M","?","M","$","R","?","$","T","R","M","E","?","?","R","BOSS","M","?","?","?","$","R","E","?","T","E","R","?","$","M","R","BOSS"],"build_version":"2019-01-23","purchased_purges":1,"victory":true,"max_hp_per_floor":[75,75,75,75,75,75,75,75,75,75,75,75,75,75,75,75,75,75,75,75,75,75,75,37,37,37,37,37,37,37,37,37,37,37,37,35,35,35,35,35,35,35,35,35,35,35,35,35,35,35],"card_choices":[{"not_picked":["Endless Agony","Predator"],"picked":"Bane","floor":0.0},{"not_picked":["Rip and Tear","Eviscerate"],"picked":"Leap","floor":0.0},{"not_picked":["Self Repair","Infinite Blades"],"picked":"White Noise","floor":0.0},{"not_picked":["Backflip","Underhanded Strike"],"picked":"Deadly Poison","floor":0.0},{"not_picked":["Tempest","Sweeping Beam"],"picked":"Conserve Battery","floor":0.0},{"not_picked":["Beam Cell","Sucker Punch"],"picked":"Deflect","floor":0.0},{"not_picked":["Flying Knee","Hello World"],"picked":"Dagger Spray","floor":0.0},{"not_picked":["Underhanded Strike","Acrobatics"],"picked":"Rebound","floor":0.0},{"not_picked":["Skim","Beam Cell"],"picked":"Poisoned Stab","floor":0.0},{"not_picked":["Go for the Eyes","Caltrops"],"picked":"Cold Snap","floor":0.0},{"not_picked":["Stack","Backflip"],"picked":"Bane","floor":0.0},{"not_picked":["Genetic Algorithm","Turbo"],"picked":"Coolheaded","floor":0.0},{"not_picked":["Self Repair","Cold Snap"],"picked":"Conserve Battery","floor":0.0},{"not_picked":["Loop","Sweeping Beam"],"picked":"Poisoned Stab","floor":0.0},{"not_picked":["Rebound","Redo"],"picked":"Conserve Battery","floor":0.0},{"not_picked":["Turbo","Masterful Stab"],"picked":"SKIP","floor":1.0},{"not_picked":["Coolheaded","Infinite Blades"],"picked":"SKIP","floor":4.0},{"not_picked":["Cold Snap"],"picked":"Caltrops","floor":5.0},{"not_picked":["Dagger Throw","Fusion"],"picked":"SKIP","floor":8.0},{"not_picked":["PiercingWail"],"picked":"Sweeping Beam","floor":12.0},{"not_picked":["Reprogram","Turbo"],"picked":"Backflip","floor":14.0},{"not_picked":["Doppelganger","Wraith Form v2"],"picked":"Adrenaline","floor":16.0},{"not_picked":["Blizzard","BootSequence"],"picked":"Footwork+1","floor":18},{"not_picked":["Steam","Calculated Gamble"],"picked":"Doom and Gloom","floor":19},{"not_picked":["Genetic Algorithm","Prepared"],"picked":"Melter","floor":20},{"not_picked":["Bane+1","Expertise","Lockon"],"picked":"SKIP","floor":21},{"not_picked":["Dagger Spray","Sweeping Beam+1"],"picked":"Backflip+1","floor":28},{"not_picked":["Calculated Gamble","Conserve Battery+1"],"picked":"Force Field+1","floor":29},{"not_picked":["Machine Learning","Backflip"],"picked":"Catalyst","floor":30},{"not_picked":["Biased Cognition","Meteor Strike"],"picked":"After Image","floor":33},{"not_picked":["Rebound"],"picked":"SKIP","floor":35},{"not_picked":["Scrape+1"],"picked":"SKIP","floor":41},{"not_picked":["Reprogram"],"picked":"SKIP","floor":42},{"not_picked":[],"picked":"Rebound","floor":44},{"not_picked":["Sucker Punch"],"picked":"SKIP","floor":48}],"player_experience":1178129,"relics_obtained":[{"floor":9.0,"key":"Blood Vial"},{"floor":12.0,"key":"Question Card"},{"floor":26,"key":"Oddly Smooth Stone"},{"floor":29,"key":"Bag of Marbles"},{"floor":30,"key":"Red Mask"},{"floor":31,"key":"Enchiridion"},{"floor":41,"key":"Art of War"},{"floor":43,"key":"Bronze Scales"},{"floor":44,"key":"Regal Pillow"}],"event_choices":[{"damage_healed":0.0,"max_hp_gain":0.0,"max_hp_loss":0.0,"gold_gain":175.0,"event_name":"Liars Game","player_choice":"AGREE","floor":2.0,"gold_loss":0.0,"damage_taken":0.0,"cards_obtained":["Doubt"]},{"cards_removed":["Cold Snap"],"damage_healed":5.0,"max_hp_gain":0.0,"max_hp_loss":0.0,"gold_gain":0.0,"event_name":"Bonfire Elementals","player_choice":"Offered Common","floor":7.0,"gold_loss":0.0,"damage_taken":0.0},{"cards_removed":["Cold Snap"],"damage_healed":5.0,"max_hp_gain":0.0,"max_hp_loss":0.0,"gold_gain":0.0,"event_name":"Bonfire Elementals","player_choice":"Offered Special","floor":7.0,"gold_loss":0.0,"damage_taken":0.0},{"damage_healed":0.0,"max_hp_gain":0.0,"max_hp_loss":0.0,"gold_gain":75.0,"event_name":"FaceTrader","player_choice":"Touch","floor":13.0,"gold_loss":0.0,"damage_taken":7.0},{"damage_healed":0,"gold_gain":0,"player_choice":"Became a Ghost","damage_taken":0,"max_hp_gain":0,"max_hp_loss":38,"event_name":"Ghosts","floor":24,"gold_loss":0,"cards_obtained":["Ghostly","Ghostly","Ghostly","Ghostly","Ghostly"]},{"damage_healed":0,"gold_gain":0,"player_choice":"Fought Bandits","damage_taken":0,"max_hp_gain":0,"max_hp_loss":0,"event_name":"Masked Bandits","floor":30,"gold_loss":0},{"damage_healed":0,"gold_gain":0,"player_choice":"Obtained Book","damage_taken":16,"max_hp_gain":0,"max_hp_loss":0,"event_name":"Cursed Tome","floor":31,"gold_loss":0},{"damage_healed":0,"gold_gain":0,"player_choice":"Max HP","damage_taken":0,"max_hp_gain":0,"max_hp_loss":2,"event_name":"Winding Halls","floor":36,"gold_loss":0},{"cards_removed":["Rebound"],"damage_healed":0,"gold_gain":0,"player_choice":"Removed Attack","damage_taken":0,"max_hp_gain":0,"max_hp_loss":0,"event_name":"Falling","floor":37,"gold_loss":0},{"damage_healed":0,"gold_gain":0,"player_choice":"Copied","damage_taken":0,"max_hp_gain":0,"max_hp_loss":0,"event_name":"Duplicator","floor":38,"gold_loss":0,"cards_obtained":["Ghostly"]},{"damage_healed":0,"gold_gain":0,"player_choice":"Upgrade","damage_taken":0,"relics_obtained":["Mark of the Bloom"],"max_hp_gain":0,"max_hp_loss":0,"event_name":"MindBloom","floor":46,"gold_loss":0,"cards_upgraded":["Leap","Deadly Poison","Conserve Battery","Deflect","Dagger Spray","Poisoned Stab","Coolheaded","Conserve Battery","Poisoned Stab","Conserve Battery","Dash","Caltrops","Sweeping Beam","Doom and Gloom","Melter","Ghostly","Ghostly","Ghostly","Catalyst","After Image","Sunder","Rebound"]}],"is_beta":false,"boss_relics":[{"not_picked":["Runic Dome","Ectoplasm"],"picked":"Empty Cage"},{"not_picked":["Nuclear Battery","Lizard Tail"],"picked":"Busted Crown"}],"items_purged_floors":[3],"is_endless":false,"potions_floor_spawned":[1,8,14,18,20,28,29,35,48],"ascension_level":0}