{"path_per_floor":["M","?","?","?","M","R","E","R","T","E","M","$","R","M","R","B",null,"M","M","$","?","M","E","M","E","T","?","M","M"],"character_chosen":"THE_SILENT","items_purchased":["Snake Skull","Noxious Fumes"],"gold_per_floor":[116,116,66,241,260,260,292,292,292,326,336,28,28,40,40,139,139,150,164,64,64,81,111,123,152,152,152,169,181,181],"floor_reached":30,"campfire_rested":1,"playtime":2970,"item_purchase_floors":[12,12],"current_hp_per_floor":[70,63,63,63,62,62,39,39,39,7,7,7,7,5,26,14,70,70,66,66,66,54,36,22,8,8,8,30,30,0],"items_purged":["Strike_G","Strike_G"],"gold":181,"score":336,"play_id":"7468991e-fc14-4b69-856d-38cec5a4b707","local_time":"20180602011258","is_prod":false,"is_daily":false,"chose_seed":false,"is_ascension_mode":true,"campfire_upgraded":3,"win_rate":0,"timestamp":1527894778,"campfire_choices":[{"data":"Neutralize","floor":6,"key":"SMITH"},{"data":"Deadly Poison","floor":8,"key":"SMITH"},{"data":"Noxious Fumes","floor":13,"key":"SMITH"},{"floor":15,"key":"REST"}],"path_taken":["M","?","?","?","M","R","E","R","T","E","M","$","R","?","R","BOSS","M","M","$","?","M","E","M","E","T","?","M","M","E"],"build_version":"2018-05-31","seed_source_timestamp":1392125608847356,"purchased_purges":2,"victory":false,"master_deck":["Defend_G","Defend_G","Defend_G","Defend_G","Defend_G","Strike_G","Strike_G","Survivor","Neutralize+1","Flying Knee","Doubt","Underhanded Strike","Deadly Poison+1","Adrenaline","Backflip","Noxious Fumes+1","Burst","Dagger Throw+1","Noxious Fumes","Catalyst+1","Dagger Throw","Crippling Poison","Decay","Deadly Poison"],"max_hp_per_floor":[70,70,70,70,70,70,70,70,70,70,70,70,70,70,70,70,70,70,70,70,70,70,70,70,70,70,70,70,70,70],"relics":["Ring of the Snake","Potion Belt","Art of War","Mummified Hand","Oddly Smooth Stone","Snake Skull","Lizard Tail","The Courier","Centennial Puzzle","Bottled Flame"],"card_choices":[{"not_picked":["Distraction","Dagger Spray"],"picked":"Flying Knee","floor":1},{"not_picked":["Dodge and Roll","Slice"],"picked":"Underhanded Strike","floor":5},{"not_picked":["Poisoned Stab","Riddle With Holes"],"picked":"Deadly Poison","floor":7},{"not_picked":["Deflect","Cloak And Dagger"],"picked":"Adrenaline","floor":10},{"not_picked":["Dodge and Roll","Backstab"],"picked":"Backflip","floor":11},{"not_picked":["Bane","Cloak And Dagger","Blade Dance"],"picked":"SKIP","floor":14},{"not_picked":["Grand Finale","Envenom"],"picked":"Burst","floor":16},{"not_picked":["Deflect","Dodge and Roll"],"picked":"Dagger Throw+1","floor":18},{"not_picked":["Acrobatics","Dagger Spray"],"picked":"Noxious Fumes","floor":19},{"not_picked":["Choke","PiercingWail","Underhanded Strike"],"picked":"SKIP","floor":22},{"not_picked":["Deflect+1","Bouncing Flask"],"picked":"Catalyst+1","floor":23},{"not_picked":["Outmaneuver+1","Deflect"],"picked":"Dagger Throw","floor":24},{"not_picked":["Quick Slash","PiercingWail"],"picked":"Crippling Poison","floor":25},{"not_picked":["Tactician","Bane+1"],"picked":"Deadly Poison","floor":28},{"not_picked":["Dodge and Roll","Accuracy","Masterful Stab"],"picked":"SKIP","floor":29}],"player_experience":173253,"potions_floor_usage":[10,14,16,22,25,29],"damage_taken":[{"damage":0,"enemies":"Cultist","floor":1,"turns":4},{"damage":1,"enemies":"Small Slimes","floor":5,"turns":5},{"damage":23,"enemies":"3 Sentries","floor":7,"turns":11},{"damage":32,"enemies":"Lagavulin","floor":10,"turns":7},{"damage":0,"enemies":"Jaw Worm","floor":11,"turns":3},{"damage":2,"enemies":"Exordium Wildlife","floor":14,"turns":4},{"damage":12,"enemies":"The Guardian","floor":16,"turns":8},{"damage":0,"enemies":"Chosen","floor":18,"turns":5},{"damage":4,"enemies":"Shell Parasite","floor":19,"turns":4},{"damage":12,"enemies":"Centurion and Healer","floor":22,"turns":6},{"damage":18,"enemies":"Slavers","floor":23,"turns":6},{"damage":14,"enemies":"Snake Plant","floor":24,"turns":4},{"damage":14,"enemies":"Gremlin Leader","floor":25,"turns":4},{"damage":13,"enemies":"Slaver and Parasite","floor":28,"turns":3},{"damage":0,"enemies":"Snecko","floor":29,"turns":3},{"damage":30,"enemies":"Slavers","floor":30,"turns":3}],"relics_obtained":[{"floor":7,"key":"Art of War"},{"floor":9,"key":"Mummified Hand"},{"floor":10,"key":"Oddly Smooth Stone"},{"floor":23,"key":"The Courier"},{"floor":25,"key":"Centennial Puzzle"},{"floor":26,"key":"Bottled Flame"}],"event_choices":[{"event_name":"Scrap Ooze","player_choice":"success","floor":2,"damage_taken":7},{"event_name":"The Cleric","player_choice":"Card Removal","floor":3,"damage_taken":0},{"event_name":"Liars Game","player_choice":"agreed","floor":4,"damage_taken":0},{"event_name":"Beggar","player_choice":"Ignored","floor":21,"damage_taken":0},{"event_name":"Forgotten Altar","player_choice":"Smashed Altar","floor":27,"damage_taken":0}],"boss_relics":[{"not_picked":["Cursed Key","White Beast Statue"],"picked":"Lizard Tail"}],"items_purged_floors":[12,20],"potions_floor_spawned":[1,10,14,16,19,24,28],"seed_played":"-4329780683267948849","killed_by":"Slavers","ascension_level":2,"potions_obtained":[{"floor":1,"key":"SpeedPotion"},{"floor":10,"key":"Explosive Potion"},{"floor":14,"key":"Weak Potion"},{"floor":16,"key":"Ancient Potion"},{"floor":19,"key":"PowerPotion"},{"floor":24,"key":"SkillPotion"},{"floor":28,"key":"Block Potion"}],"is_trial":false}