{"path_per_floor":["M","?","M","M","$","R","M","M","T","E","?","R","M","M","R","B",null,"M","M","M","?","M","R","M"],"character_chosen":"IRONCLAD","items_purchased":["Meat on the Bone","Juggernaut"],"gold_per_floor":[314,314,333,343,8,8,22,36,59,89,89,89,107,117,117,222,222,241,257,268,268,281,281,292,292],"floor_reached":25,"campfire_rested":3,"playtime":2729,"item_purchase_floors":[5,5],"current_hp_per_floor":[80,80,75,74,74,74,67,62,62,46,46,70,56,54,78,37,80,61,52,45,30,31,56,20,0],"items_purged":[],"gold":292,"score":209,"play_id":"93bd9e83-b76b-4707-bc39-76079faaceff","local_time":"20180622223314","is_prod":false,"is_daily":false,"chose_seed":false,"is_ascension_mode":false,"campfire_upgraded":1,"win_rate":0.0,"timestamp":1529721194,"campfire_choices":[{"data":"Shrug It Off","floor":6,"key":"SMITH"},{"floor":12,"key":"REST"},{"floor":15,"key":"REST"},{"floor":23,"key":"REST"}],"path_taken":["M","?","?","M","$","R","M","M","T","E","?","R","M","M","R","BOSS","M","M","?","?","M","R","?","M"],"build_version":"2018-06-21","seed_source_timestamp":64609810744027,"purchased_purges":0,"circlet_count":0,"victory":false,"master_deck":["Strike_R","Strike_R","Strike_R","Strike_R","Strike_R","Defend_R","Defend_R","Defend_R","Defend_R","Bash","Clothesline","Regret","Uppercut","Shrug It Off+1","Juggernaut","Armaments+1","Inflame","Dropkick","Battle Trance","Thunderclap","Double Tap","Ghostly Armor","Blood for Blood","Armaments+1","Iron Wave","Iron Wave+1"],"max_hp_per_floor":[80,80,80,80,80,80,80,80,80,80,80,80,80,80,80,80,80,80,80,80,85,85,85,85,85],"relics":["Burning Blood","Old Coin","Omamori","Meat on the Bone","Lantern","Ancient Tea Set","Fusion Hammer"],"card_choices":[{"not_picked":["Iron Wave","Sword Boomerang"],"picked":"Clothesline","floor":1},{"not_picked":["Shrug It Off","Feel No Pain"],"picked":"Uppercut","floor":3},{"not_picked":["Sword Boomerang","Headbutt"],"picked":"Shrug It Off","floor":4},{"not_picked":["Anger","Entrench"],"picked":"Armaments","floor":7},{"not_picked":["Clash","Sword Boomerang"],"picked":"Inflame","floor":8},{"not_picked":["Seeing Red","Whirlwind"],"picked":"Dropkick","floor":10},{"not_picked":["Hemokinesis","Fiend Fire"],"picked":"Battle Trance","floor":13},{"not_picked":["Cleave","Shrug It Off"],"picked":"Thunderclap","floor":14},{"not_picked":["Brutality","Offering"],"picked":"Double Tap","floor":16},{"not_picked":["Body Slam","Burning Pact"],"picked":"Ghostly Armor","floor":18},{"not_picked":["Flex","Clash"],"picked":"Blood for Blood","floor":19},{"not_picked":["Inflame+1","Cleave+1"],"picked":"Armaments+1","floor":20},{"not_picked":["Warcry","Rupture"],"picked":"Iron Wave","floor":22},{"not_picked":["Clash","Thunderclap"],"picked":"Iron Wave+1","floor":24}],"player_experience":26849,"potions_floor_usage":[22,22,22,24],"damage_taken":[{"damage":0,"enemies":"Small Slimes","floor":1,"turns":4},{"damage":11,"enemies":"Jaw Worm","floor":3,"turns":2},{"damage":7,"enemies":"Cultist","floor":4,"turns":3},{"damage":13,"enemies":"Blue Slaver","floor":7,"turns":5},{"damage":11,"enemies":"Red Slaver","floor":8,"turns":4},{"damage":34,"enemies":"3 Sentries","floor":10,"turns":10},{"damage":20,"enemies":"Gremlin Gang","floor":13,"turns":5},{"damage":8,"enemies":"Exordium Wildlife","floor":14,"turns":7},{"damage":59,"enemies":"The Guardian","floor":16,"turns":14},{"damage":25,"enemies":"Shell Parasite","floor":18,"turns":5},{"damage":15,"enemies":"Chosen","floor":19,"turns":5},{"damage":25,"enemies":"Snake Plant","floor":20,"turns":5},{"damage":17,"enemies":"Snecko","floor":22,"turns":6},{"damage":54,"enemies":"Chosen and Byrds","floor":24,"turns":9},{"damage":27,"enemies":"3 Cultists","floor":25,"turns":4}],"relics_obtained":[{"floor":9,"key":"Lantern"},{"floor":10,"key":"Ancient Tea Set"}],"event_choices":[{"event_name":"Big Fish","player_choice":"Box","floor":2,"damage_taken":0},{"event_name":"Upgrade Shrine","player_choice":"Upgraded","floor":11,"damage_taken":0},{"event_name":"Forgotten Altar","player_choice":"Shed Blood","floor":21,"damage_taken":0}],"boss_relics":[{"not_picked":["Ectoplasm","Eternal Feather"],"picked":"Fusion Hammer"}],"items_purged_floors":[],"is_endless":false,"potions_floor_spawned":[3,4,8,13,14,18,20,22],"seed_played":"-3838737666757665780","killed_by":"3 Cultists","ascension_level":0,"potions_obtained":[{"floor":3,"key":"Ancient Potion"},{"floor":4,"key":"Dexterity Potion"},{"floor":8,"key":"FearPotion"},{"floor":13,"key":"SpeedPotion"},{"floor":14,"key":"Weak Potion"},{"floor":18,"key":"AttackPotion"},{"floor":22,"key":"PowerPotion"}],"is_trial":false}