{"gold_per_floor":[11,11,21,36,51,51,78,78,105,117,129,160,183,195,207,298,360,388,416,428,440,464,476,523,314,314,334,334,254,254,271,271,271],"floor_reached":33,"playtime":1645,"items_purged":["Strike_B","Defend_B"],"score":481,"play_id":"62a17e58-40d6-4825-b06e-e33cbd4f35ff","local_time":"20190501203911","is_ascension_mode":true,"campfire_choices":[{"data":"Lockon","floor":6,"key":"SMITH"},{"floor":10,"key":"REST"},{"data":"White Noise","floor":15,"key":"SMITH"},{"floor":23,"key":"REST"},{"floor":28,"key":"REST"},{"floor":30,"key":"REST"},{"floor":32,"key":"REST"}],"neow_cost":"NO_GOLD","seed_source_timestamp":1290531292276800,"circlet_count":0,"master_deck":["AscendersBane","Strike_B+1","Defend_B","Defend_B","Defend_B","Zap","Dualcast","Go for the Eyes","Gash","Lockon+1","BootSequence","White Noise+1","Rebound","Core Surge","Ball Lightning","Reinforced Body","Sweeping Beam","Electrodynamics","Double Energy","Leap","Conserve Battery","Force Field"],"relics":["Cracked Core","Regal Pillow","Pen Nib","MawBank","Tiny House","Mercury Hourglass","Smiling Mask","PreservedInsect","Boot"],"potions_floor_usage":[7,24,27,33],"damage_taken":[{"damage":1,"enemies":"Cultist","floor":1,"turns":3},{"damage":2,"enemies":"Jaw Worm","floor":3,"turns":4},{"damage":7,"enemies":"2 Louse","floor":4,"turns":3},{"damage":1,"enemies":"Red Slaver","floor":5,"turns":3},{"damage":25,"enemies":"Gremlin Nob","floor":7,"turns":4},{"damage":9,"enemies":"Exordium Wildlife","floor":12,"turns":4},{"damage":5,"enemies":"2 Fungi Beasts","floor":13,"turns":3},{"damage":26,"enemies":"Hexaghost","floor":16,"turns":11},{"damage":11,"enemies":"Shell Parasite","floor":18,"turns":3},{"damage":28,"enemies":"Spheric Guardian","floor":19,"turns":6},{"damage":12,"enemies":"Snake Plant","floor":22,"turns":4},{"damage":47,"enemies":"Slavers","floor":24,"turns":4},{"damage":16,"enemies":"Shelled Parasite and Fungi","floor":27,"turns":5},{"damage":29,"enemies":"Centurion and Healer","floor":31,"turns":5},{"damage":79,"enemies":"Collector","floor":33,"turns":6}],"seed_played":"-2985043194769609968","potions_obtained":[{"floor":5,"key":"FearPotion"},{"floor":7,"key":"FearPotion"},{"floor":16,"key":"EssenceOfSteel"},{"floor":24,"key":"Dexterity Potion"},{"floor":31,"key":"Explosive Potion"}],"is_trial":false,"path_per_floor":["M","?","M","M","M","R","E","$","T","R","?","M","M","$","R","B",null,"M","M","?","?","M","R","E","$","T","M","R","$","R","M","R","B"],"character_chosen":"DEFECT","items_purchased":["PreservedInsect","Conserve Battery"],"campfire_rested":5,"item_purchase_floors":[25,29],"current_hp_per_floor":[63,63,61,54,53,53,28,28,28,64,64,55,50,50,50,24,64,53,25,40,40,28,65,18,18,18,2,39,39,76,47,76,0],"gold":271,"neow_bonus":"REMOVE_TWO","is_prod":false,"is_daily":false,"chose_seed":false,"campfire_upgraded":2,"win_rate":0,"timestamp":1556757551,"path_taken":["M","?","M","?","M","R","E","$","T","R","?","M","M","$","R","BOSS","M","M","?","?","?","R","E","$","T","M","R","$","R","M","R","BOSS"],"build_version":"2019-01-23","purchased_purges":2,"victory":false,"max_hp_per_floor":[71,71,71,71,71,71,71,71,71,71,71,71,71,71,71,71,76,76,76,76,76,76,76,76,76,76,76,76,76,76,76,76,76],"card_choices":[{"not_picked":["Stack","Compile Driver"],"picked":"Go for the Eyes","floor":1},{"not_picked":["Conserve Battery","Go for the Eyes"],"picked":"Gash","floor":3},{"not_picked":["Ball Lightning","Beam Cell"],"picked":"Lockon","floor":4},{"not_picked":["Barrage","Multi-Cast"],"picked":"BootSequence","floor":5},{"not_picked":["Conserve Battery","Streamline"],"picked":"White Noise","floor":7},{"not_picked":["Hello World","Turbo"],"picked":"Rebound","floor":12},{"not_picked":["Genetic Algorithm","Stack","Barrage"],"picked":"SKIP","floor":13},{"not_picked":["Hyperbeam","Seek"],"picked":"Core Surge","floor":16},{"not_picked":["Coolheaded","Doom and Gloom"],"picked":"Ball Lightning","floor":17},{"not_picked":["Coolheaded","Stack"],"picked":"Reinforced Body","floor":18},{"not_picked":["Rebound","Compile Driver"],"picked":"Sweeping Beam","floor":19},{"not_picked":["Genetic Algorithm","White Noise"],"picked":"Electrodynamics","floor":22},{"not_picked":["Skim","Rebound"],"picked":"Double Energy","floor":24},{"not_picked":["Consume","Blizzard"],"picked":"Leap","floor":27},{"not_picked":["Scrape","Go for the Eyes"],"picked":"Force Field","floor":31}],"player_experience":2870590,"relics_obtained":[{"floor":2,"key":"Regal Pillow"},{"floor":7,"key":"Pen Nib"},{"floor":9,"key":"MawBank"},{"floor":24,"key":"Smiling Mask"},{"floor":26,"key":"Boot"}],"event_choices":[{"damage_healed":0,"gold_gain":0,"player_choice":"Relic","damage_taken":0,"max_hp_gain":0,"max_hp_loss":0,"event_name":"Wheel of Change","floor":2,"gold_loss":0},{"damage_healed":0,"gold_gain":0,"player_choice":"Searched \u00271\u0027 times","damage_taken":0,"max_hp_gain":0,"max_hp_loss":0,"event_name":"Dead Adventurer","floor":11,"gold_loss":0},{"damage_healed":15,"gold_gain":0,"player_choice":"Heal","damage_taken":0,"max_hp_gain":0,"max_hp_loss":0,"event_name":"The Library","floor":20,"gold_loss":0},{"damage_healed":0,"gold_gain":0,"player_choice":"Gave Potion","damage_taken":0,"relics_obtained":["Mercury Hourglass"],"max_hp_gain":0,"max_hp_loss":0,"event_name":"WeMeetAgain","floor":21,"gold_loss":0}],"is_beta":false,"boss_relics":[{"not_picked":["Runic Dome","Fusion Hammer"],"picked":"Tiny House"}],"items_purged_floors":[25,29],"is_endless":false,"potions_floor_spawned":[5,7,16,18,19,24,31],"killed_by":"Collector","ascension_level":16}