{"path_per_floor":["M","?","M","$","?","R","E","R","T","M","M","$"],"character_chosen":"THE_SILENT","items_purchased":["Caltrops","Blade Dance"],"gold_per_floor":[111,111,126,18,18,18,58,58,58,76,96,27,27],"floor_reached":13,"campfire_rested":1,"playtime":755,"item_purchase_floors":[4,12],"current_hp_per_floor":[34,34,34,34,34,53,21,21,21,19,18,18,0],"items_purged":["Strike_G"],"gold":27,"score":95,"play_id":"92c3bcdd-02e4-4faa-8f75-293f778f9bbd","local_time":"20180605175807","is_prod":false,"is_daily":false,"chose_seed":false,"is_ascension_mode":true,"campfire_upgraded":1,"win_rate":0,"timestamp":1528214287,"campfire_choices":[{"floor":6,"key":"REST"},{"data":"Neutralize","floor":8,"key":"SMITH"}],"path_taken":["M","?","?","$","?","R","E","R","T","M","M","$","M"],"build_version":"2018-05-31","seed_source_timestamp":1713845379307524,"purchased_purges":1,"victory":false,"master_deck":["Defend_G","Defend_G","Defend_G","Defend_G","Strike_G","Strike_G","Survivor","Neutralize+1","Caltrops","Acrobatics","Caltrops","Dodge and Roll","Dodge and Roll","Blade Dance"],"max_hp_per_floor":[70,70,70,70,65,65,65,65,65,65,65,65,65],"relics":["Ring of the Snake","Golden Idol","Kunai","Centennial Puzzle"],"card_choices":[{"not_picked":["Cloak And Dagger","Dagger Spray"],"picked":"Caltrops","floor":1},{"not_picked":["Blade Dance","Predator"],"picked":"Acrobatics","floor":3},{"not_picked":["Riddle With Holes","Unload","Bane"],"picked":"SKIP","floor":7},{"not_picked":["Quick Slash","Acrobatics"],"picked":"Dodge and Roll","floor":10},{"not_picked":["Prepared","Quick Slash"],"picked":"Dodge and Roll","floor":11}],"player_experience":197943,"potions_floor_usage":[7,13],"damage_taken":[{"damage":1,"enemies":"Jaw Worm","floor":1,"turns":6},{"damage":0,"enemies":"Cultist","floor":3,"turns":4},{"damage":32,"enemies":"3 Sentries","floor":7,"turns":12},{"damage":2,"enemies":"Small Slimes","floor":10,"turns":4},{"damage":1,"enemies":"Blue Slaver","floor":11,"turns":5},{"damage":19,"enemies":"Gremlin Gang","floor":13,"turns":7}],"relics_obtained":[{"floor":7,"key":"Kunai"},{"floor":9,"key":"Centennial Puzzle"}],"event_choices":[{"event_name":"Wheel of Change","player_choice":"Card Removal","floor":2,"damage_taken":0},{"event_name":"Golden Idol","player_choice":"Lose Max HP","floor":5,"damage_taken":0}],"boss_relics":[],"items_purged_floors":[4],"potions_floor_spawned":[3,10],"seed_played":"2646459238428793141","killed_by":"Gremlin Gang","ascension_level":3,"potions_obtained":[{"floor":3,"key":"Swift Potion"},{"floor":10,"key":"GamblersBrew"}],"is_trial":false}