{"gold_per_floor":[13,13,31,31,52,52,83,8,8,26,26,326,339,362,362,482,482,471,490,490],"floor_reached":20,"playtime":1090,"items_purged":["Injury"],"score":202,"play_id":"05c66813-8148-4f08-bb01-08431e55e3e6","local_time":"20190103190846","is_ascension_mode":true,"campfire_choices":[{"floor":6,"key":"REST"},{"floor":15,"key":"REST"}],"neow_cost":"NO_GOLD","seed_source_timestamp":22128452571604,"circlet_count":0,"master_deck":["Strike_B+1","Strike_B+1","Strike_B","Defend_B","Defend_B","Defend_B","Zap","Dualcast","Coolheaded","Go for the Eyes","Buffer","Steam","Defragment","Cold Snap","Rainbow","Glacier","Redo"],"relics":["Cracked Core","Golden Idol","Bottled Flame","Omamori","Old Coin","Inserter"],"potions_floor_usage":[7,16,16],"damage_taken":[{"damage":9,"enemies":"Jaw Worm","floor":1,"turns":3},{"damage":6,"enemies":"2 Louse","floor":3,"turns":2},{"damage":8,"enemies":"Small Slimes","floor":5,"turns":4},{"damage":2,"enemies":"Gremlin Nob","floor":7,"turns":3},{"damage":9,"enemies":"Blue Slaver","floor":10,"turns":3},{"damage":17,"enemies":"Lots of Slimes","floor":13,"turns":4},{"damage":1,"enemies":"3 Louse","floor":14,"turns":4},{"damage":38,"enemies":"Hexaghost","floor":16,"turns":15},{"damage":17,"enemies":"2 Thieves","floor":18,"turns":5},{"damage":13,"enemies":"Chosen","floor":19,"turns":5},{"damage":46,"enemies":"Centurion and Healer","floor":20,"turns":12}],"seed_played":"9056072045652883840","potions_obtained":[{"floor":1,"key":"Weak Potion"},{"floor":3,"key":"AttackPotion"},{"floor":13,"key":"Dexterity Potion"}],"is_trial":false,"path_per_floor":["M","?","M","?","M","R","E","$","T","M","T","?","M","M","R","B",null,"M","M","M"],"character_chosen":"DEFECT","items_purchased":[],"campfire_rested":2,"item_purchase_floors":[],"current_hp_per_floor":[66,51,45,45,37,59,57,57,57,48,48,36,19,18,40,2,75,58,45,0],"gold":490,"neow_bonus":"REMOVE_TWO","is_prod":false,"is_daily":false,"chose_seed":false,"campfire_upgraded":0,"win_rate":0,"timestamp":1546560526,"path_taken":["M","?","M","?","M","R","E","$","T","M","?","?","M","?","R","BOSS","M","?","M"],"build_version":"2018-12-20","purchased_purges":1,"victory":false,"max_hp_per_floor":[75,75,75,75,75,75,75,75,75,75,75,75,75,75,75,75,75,75,75,75],"card_choices":[{"not_picked":["Conserve Battery","Streamline"],"picked":"Coolheaded","floor":1},{"not_picked":["Gash","Streamline"],"picked":"Go for the Eyes","floor":3},{"not_picked":["Coolheaded","Rebound"],"picked":"Buffer","floor":5},{"not_picked":["Turbo","Compile Driver"],"picked":"Steam","floor":7},{"not_picked":["Streamline","Skim","Steam Power"],"picked":"SKIP","floor":10},{"not_picked":["Blizzard","Rebound"],"picked":"Defragment","floor":13},{"not_picked":["BootSequence","Beam Cell"],"picked":"Cold Snap","floor":14},{"not_picked":["Electrodynamics","All For One"],"picked":"Rainbow","floor":16},{"not_picked":["Go for the Eyes","Rebound"],"picked":"Glacier","floor":18},{"not_picked":["Sunder","Leap"],"picked":"Redo","floor":19}],"player_experience":236682,"relics_obtained":[{"floor":7,"key":"Bottled Flame"},{"floor":11,"key":"Omamori"}],"event_choices":[{"damage_healed":0,"gold_gain":0,"player_choice":"Entered Light","damage_taken":15,"max_hp_gain":0,"max_hp_loss":0,"event_name":"Shining Light","floor":2,"gold_loss":0,"cards_upgraded":["Strike_B","Strike_B"]},{"damage_healed":0,"gold_gain":0,"player_choice":"Take Wound","damage_taken":0,"relics_obtained":["Golden Idol"],"max_hp_gain":0,"max_hp_loss":0,"event_name":"Golden Idol","floor":4,"gold_loss":0,"cards_obtained":["Injury"]},{"damage_healed":0,"gold_gain":0,"player_choice":"Success","damage_taken":12,"relics_obtained":["Old Coin"],"max_hp_gain":0,"max_hp_loss":0,"event_name":"Scrap Ooze","floor":12,"gold_loss":0}],"is_beta":false,"boss_relics":[{"not_picked":["Lizard Tail","FrozenCore"],"picked":"Inserter"}],"items_purged_floors":[8],"is_endless":false,"potions_floor_spawned":[1,3,13],"killed_by":"Centurion and Healer","ascension_level":3}