{"gold_per_floor":[112,132,232,247,257,257,287,303,303,283,283,296,316,330,330,435,435,424,439,439,51,65,65,65,65,145,145,160,160],"floor_reached":29,"playtime":2386,"items_purged":[],"score":355,"play_id":"e2516d40-70da-4be3-b22e-d26114c116fe","local_time":"20190102142445","is_ascension_mode":true,"campfire_choices":[{"data":"Zap","floor":6.0,"key":"SMITH"},{"floor":11.0,"key":"REST"},{"floor":15.0,"key":"REST"},{"data":"Fission","floor":23.0,"key":"SMITH"},{"data":"Defragment","floor":25.0,"key":"SMITH"},{"data":"Dualcast","floor":27.0,"key":"SMITH"}],"neow_cost":"NONE","seed_source_timestamp":0,"circlet_count":0,"master_deck":["AscendersBane","Strike_B+1","Defend_B+1","Defend_B+1","Defend_B+1","Defend_B+1","Zap+1","Dualcast+1","Ball Lightning","Leap","Barrage","Sweeping Beam","Cold Snap","Coolheaded","Ball Lightning","Coolheaded","Chill","Fission+1","Conserve Battery+1","White Noise+1","Double Energy+1","Defragment+1","Go for the Eyes","Barrage+1","Undo"],"special_seed":0,"relics":["Cracked Core","Potion Belt","Bag of Marbles","Astrolabe","Anchor","Shuriken","Tiny Chest"],"potions_floor_usage":[],"damage_taken":[{"damage":1.0,"enemies":"Cultist","floor":1.0,"turns":3.0},{"damage":2.0,"enemies":"2 Louse","floor":2.0,"turns":3.0},{"damage":9.0,"enemies":"Jaw Worm","floor":4.0,"turns":4.0},{"damage":9.0,"enemies":"3 Louse","floor":5.0,"turns":3.0},{"damage":26.0,"enemies":"3 Sentries","floor":7.0,"turns":7.0},{"damage":12.0,"enemies":"Large Slime","floor":8.0,"turns":4.0},{"damage":19.0,"enemies":"Exordium Thugs","floor":12.0,"turns":4.0},{"damage":8.0,"enemies":"Exordium Wildlife","floor":13.0,"turns":3.0},{"damage":0.0,"enemies":"Large Slime","floor":14.0,"turns":3.0},{"damage":21.0,"enemies":"Hexaghost","floor":16.0,"turns":9.0},{"damage":25.0,"enemies":"2 Thieves","floor":18.0,"turns":4.0},{"damage":24.0,"enemies":"Chosen","floor":19.0,"turns":5.0},{"damage":19.0,"enemies":"Sentry and Sphere","floor":22.0,"turns":7.0},{"damage":0.0,"enemies":"Snake Plant","floor":28.0,"turns":3.0},{"damage":27,"enemies":"Gremlin Leader","floor":29,"turns":2}],"seed_played":"5119545718870324676","potions_obtained":[{"floor":2.0,"key":"Energy Potion"},{"floor":4.0,"key":"Energy Potion"},{"floor":8.0,"key":"Poison Potion"},{"floor":12.0,"key":"SteroidPotion"},{"floor":14.0,"key":"LiquidBronze"},{"floor":19.0,"key":"SteroidPotion"}],"is_trial":false,"path_per_floor":["M","M","?","M","M","R","E","M","T","?","R","M","M","M","R","B",null,"M","M","?","$","M","R","?","R","T","R","M","E"],"character_chosen":"DEFECT","items_purchased":["Anchor","Shuriken"],"campfire_rested":2,"item_purchase_floors":[21,21],"current_hp_per_floor":[74,72,72,63,54,54,28,16,16,16,40,21,13,13,37,16,66,41,17,44,44,25,25,25,25,25,25,25,0],"gold":160,"neow_bonus":"TEN_PERCENT_HP_BONUS","is_prod":false,"is_daily":false,"chose_seed":false,"campfire_upgraded":4,"win_rate":0,"timestamp":1546467885,"path_taken":["M","M","?","?","M","R","E","M","T","?","R","M","M","M","R","BOSS","M","M","?","$","M","R","?","R","T","R","M","E"],"build_version":"2018-12-20","purchased_purges":0,"victory":false,"max_hp_per_floor":[82,82,82,82,82,82,82,82,82,82,82,82,82,82,82,82,82,82,82,82,82,82,82,82,82,82,82,82,82],"card_choices":[{"not_picked":["FTL","Darkness"],"picked":"Ball Lightning","floor":1.0},{"not_picked":["Rebound","Self Repair"],"picked":"Leap","floor":2.0},{"not_picked":["Hello World","Rip and Tear"],"picked":"Barrage","floor":4.0},{"not_picked":["Stack","Heatsinks"],"picked":"Sweeping Beam","floor":5.0},{"not_picked":["Hologram","Multi-Cast"],"picked":"Cold Snap","floor":7.0},{"not_picked":["White Noise","Go for the Eyes"],"picked":"Coolheaded","floor":8.0},{"not_picked":["Double Energy","Turbo"],"picked":"Ball Lightning","floor":12.0},{"not_picked":["Heatsinks","Hologram"],"picked":"Coolheaded","floor":13.0},{"not_picked":["Compile Driver","BootSequence"],"picked":"Chill","floor":14.0},{"not_picked":["Machine Learning","Biased Cognition"],"picked":"Fission","floor":16.0},{"not_picked":["Beam Cell","Stack"],"picked":"Defragment","floor":18.0},{"not_picked":["Loop","Coolheaded+1"],"picked":"Go for the Eyes","floor":19.0},{"not_picked":["Gash","Recycle"],"picked":"Barrage+1","floor":22.0},{"not_picked":["White Noise","Ball Lightning"],"picked":"Undo","floor":28.0}],"player_experience":589391,"relics_obtained":[{"floor":7.0,"key":"Potion Belt"},{"floor":9.0,"key":"Bag of Marbles"},{"floor":26.0,"key":"Tiny Chest"}],"event_choices":[{"damage_healed":0.0,"max_hp_gain":0.0,"max_hp_loss":0.0,"gold_gain":100.0,"event_name":"Golden Shrine","player_choice":"Pray","floor":3.0,"gold_loss":0.0,"damage_taken":0.0},{"damage_healed":0.0,"max_hp_gain":0.0,"max_hp_loss":0.0,"gold_gain":0.0,"event_name":"World of Goop","player_choice":"Left Gold","floor":10.0,"gold_loss":20.0,"damage_taken":0.0},{"damage_healed":27.0,"max_hp_gain":0.0,"max_hp_loss":0.0,"gold_gain":0.0,"event_name":"The Library","player_choice":"Heal","floor":20.0,"gold_loss":0.0,"damage_taken":0.0},{"damage_healed":0.0,"max_hp_gain":0.0,"max_hp_loss":0.0,"gold_gain":0.0,"event_name":"Back to Basics","player_choice":"Simplicity","floor":24.0,"gold_loss":0.0,"damage_taken":0.0,"cards_upgraded":["Strike_B","Defend_B","Defend_B","Defend_B","Defend_B"]}],"is_beta":false,"boss_relics":[{"not_picked":["Cursed Key","Black Star"],"picked":"Astrolabe"}],"items_purged_floors":[],"is_endless":false,"potions_floor_spawned":[2,4,8,12,14,19],"killed_by":"Gremlin Leader","ascension_level":11}