{"gold_per_floor":[12,26,44,61,136,136,163,163,163,183,196,196,121,141,141,242,242,261,186,198,211,211],"floor_reached":22,"playtime":4352,"items_purged":["Strike_G"],"score":219,"play_id":"3151d440-b09d-4767-9f34-8a936371eae6","local_time":"20180920181727","is_ascension_mode":true,"campfire_choices":[{"data":"Underhanded Strike","floor":6,"key":"SMITH"},{"floor":15,"key":"REST"}],"neow_cost":"NO_GOLD","seed_source_timestamp":148978102161834,"circlet_count":0,"master_deck":["Defend_G","Defend_G","Defend_G","Defend_G","Defend_G","Strike_G","Survivor","Neutralize","Tools of the Trade","Noxious Fumes","Outmaneuver","Underhanded Strike+1","Footwork","Footwork","Bane","Night Terror","Backflip","Burst","Acrobatics","Tactician+1"],"relics":["Ring of the Snake","StoneCalendar","Gremlin Horn","Eternal Feather"],"potions_floor_usage":[7,11,18,20,21,22],"damage_taken":[{"damage":0,"enemies":"Jaw Worm","floor":1,"turns":5},{"damage":3,"enemies":"2 Louse","floor":2,"turns":3},{"damage":1,"enemies":"Small Slimes","floor":3,"turns":5},{"damage":6,"enemies":"3 Louse","floor":4,"turns":5},{"damage":13,"enemies":"3 Sentries","floor":7,"turns":10},{"damage":7,"enemies":"Looter","floor":10,"turns":4},{"damage":2,"enemies":"Blue Slaver","floor":11,"turns":5},{"damage":4,"enemies":"Exordium Thugs","floor":14,"turns":6},{"damage":25,"enemies":"The Guardian","floor":16,"turns":12},{"damage":9,"enemies":"Spheric Guardian","floor":18,"turns":6},{"damage":27,"enemies":"3 Byrds","floor":20,"turns":7},{"damage":15,"enemies":"Centurion and Healer","floor":21,"turns":9},{"damage":19,"enemies":"3 Cultists","floor":22,"turns":4}],"seed_played":"-5237791468921177948","potions_obtained":[{"floor":2,"key":"GhostInAJar"},{"floor":3,"key":"GamblersBrew"},{"floor":10,"key":"Regen Potion"},{"floor":11,"key":"Block Potion"},{"floor":14,"key":"Block Potion"},{"floor":18,"key":"Ancient Potion"},{"floor":20,"key":"Block Potion"},{"floor":21,"key":"PowerPotion"}],"is_trial":false,"path_per_floor":["M","M","M","M","?","R","E","?","T","M","M","?","$","M","R","B",null,"M","?","M","M"],"character_chosen":"THE_SILENT","items_purchased":[],"campfire_rested":1,"item_purchase_floors":[],"current_hp_per_floor":[70,67,66,60,49,49,36,29,29,22,29,29,29,25,46,21,70,61,61,34,19,0],"gold":211,"neow_bonus":"THREE_RARE_CARDS","is_prod":false,"is_daily":false,"chose_seed":false,"campfire_upgraded":1,"win_rate":0,"timestamp":1537481847,"path_taken":["M","M","M","M","?","R","E","?","T","M","?","?","$","M","R","BOSS","M","?","?","M","M"],"build_version":"2018-09-06","purchased_purges":1,"victory":false,"max_hp_per_floor":[70,70,70,70,70,70,70,70,70,70,70,70,70,70,70,70,70,70,70,70,70,70],"card_choices":[{"not_picked":["Venomology","After Image"],"picked":"Tools of the Trade","floor":0},{"not_picked":["Flying Knee","PiercingWail"],"picked":"Noxious Fumes","floor":1},{"not_picked":["Blade Dance","Sucker Punch"],"picked":"Outmaneuver","floor":2},{"not_picked":["Cloak And Dagger","Choke"],"picked":"Underhanded Strike","floor":3},{"not_picked":["Calculated Gamble","Bane"],"picked":"Footwork","floor":4},{"not_picked":["Expertise","Dagger Throw"],"picked":"Footwork","floor":7},{"not_picked":["Blade Dance","Grand Finale"],"picked":"Bane","floor":10},{"not_picked":["Deflect","Escape Plan","Poisoned Stab"],"picked":"SKIP","floor":11},{"not_picked":["Acrobatics","Poisoned Stab"],"picked":"Backflip","floor":14},{"not_picked":["Tools of the Trade","Night Terror"],"picked":"Burst","floor":16},{"not_picked":["Riddle With Holes","Poisoned Stab+1","PiercingWail"],"picked":"SKIP","floor":18},{"not_picked":["Concentrate","All Out Attack"],"picked":"Acrobatics","floor":20},{"not_picked":["Dagger Spray","Sucker Punch+1"],"picked":"Tactician+1","floor":21}],"player_experience":867001,"relics_obtained":[{"floor":7,"key":"StoneCalendar"},{"floor":9,"key":"Gremlin Horn"}],"event_choices":[{"event_name":"World of Goop","player_choice":"Gather Gold","floor":5,"damage_taken":0},{"event_name":"Golden Wing","player_choice":"Card Removal","floor":8,"damage_taken":0},{"event_name":"Transmorgrifier","player_choice":"Transform","floor":12,"damage_taken":0},{"event_name":"Beggar","player_choice":"Gave Gold","floor":19,"damage_taken":0}],"is_beta":false,"boss_relics":[{"not_picked":["Cursed Key","Sozu"],"picked":"Eternal Feather"}],"items_purged_floors":[13],"is_endless":false,"potions_floor_spawned":[2,3,10,11,14,18,20,21],"killed_by":"3 Cultists","ascension_level":3}