{"gold_per_floor":[112,112,125,12,29,29,81,81,105,132,143,15,42,57,57,153,153,167,67,79,4,4,4,4,4,51,64,163,174,205,56,56,158,158,172,172,172,185,204,234,251,251,319,319,77,88,88,88,88,88],"floor_reached":50,"playtime":3493,"items_purged":["Strike_G","Strike_G","Strike_G"],"score":722,"play_id":"b658cec4-49e8-4611-b686-f05ff873be63","local_time":"20190423185848","is_ascension_mode":true,"campfire_choices":[{"data":"Dagger Spray","floor":6.0,"key":"SMITH"},{"data":"Cloak And Dagger","floor":8.0,"key":"SMITH"},{"floor":15.0,"key":"REST"},{"data":"Malaise","floor":23.0,"key":"SMITH"},{"data":"Well Laid Plans","floor":25.0,"key":"SMITH"},{"floor":32.0,"key":"REST"},{"floor":42.0,"key":"REST"},{"floor":47.0,"key":"REST"},{"floor":49.0,"key":"REST"}],"neow_cost":"NONE","seed_source_timestamp":0,"circlet_count":0,"master_deck":["Defend_G","Defend_G","Defend_G","Defend_G+1","Defend_G+1","Survivor","Neutralize","Slice+1","Quick Slash+1","Dagger Spray+1","Footwork","Cloak And Dagger+1","Flash of Steel","Well Laid Plans+1","Slice","Malaise+1","Expertise","Choke+1","Deflect","Slice","Footwork+1","Dagger Throw+1","After Image","Concentrate+1","Underhanded Strike+1","Masterful Stab+1","Backstab+1","Master of Strategy","Backstab+1","Swift Strike+1"],"special_seed":0,"relics":["Ring of the Serpent","War Paint","Blood Vial","Darkstone Periapt","Potion Belt","Lantern","Anchor","Molten Egg 2","WristBlade","Art of War","Letter Opener"],"potions_floor_usage":[50],"damage_taken":[{"damage":5.0,"enemies":"Cultist","floor":1.0,"turns":5.0},{"damage":0.0,"enemies":"Jaw Worm","floor":3.0,"turns":4.0},{"damage":4.0,"enemies":"Small Slimes","floor":5.0,"turns":3.0},{"damage":4.0,"enemies":"3 Sentries","floor":10.0,"turns":6.0},{"damage":9.0,"enemies":"Exordium Thugs","floor":11.0,"turns":4.0},{"damage":2.0,"enemies":"Lagavulin","floor":13.0,"turns":6.0},{"damage":2.0,"enemies":"Large Slime","floor":14.0,"turns":6.0},{"damage":6.0,"enemies":"The Guardian","floor":16.0,"turns":13.0},{"damage":5.0,"enemies":"Shell Parasite","floor":18.0,"turns":5.0},{"damage":8.0,"enemies":"Chosen","floor":20.0,"turns":5.0},{"damage":4.0,"enemies":"Shelled Parasite and Fungi","floor":27.0,"turns":3.0},{"damage":0.0,"enemies":"Chosen and Byrds","floor":29.0,"turns":6.0},{"damage":15.0,"enemies":"Slavers","floor":30.0,"turns":4.0},{"damage":37.0,"enemies":"Collector","floor":33.0,"turns":12.0},{"damage":19.0,"enemies":"3 Shapes","floor":35.0,"turns":4.0},{"damage":2.0,"enemies":"Orb Walker","floor":38.0,"turns":3.0},{"damage":18.0,"enemies":"Transient","floor":39.0,"turns":5.0},{"damage":18.0,"enemies":"Nemesis","floor":40.0,"turns":7.0},{"damage":13.0,"enemies":"Maw","floor":41.0,"turns":7.0},{"damage":0.0,"enemies":"Jaw Worm Horde","floor":46.0,"turns":4.0},{"damage":74,"enemies":"Time Eater","floor":50,"turns":15}],"seed_played":"5742706540122805317","potions_obtained":[{"floor":10.0,"key":"SkillPotion"},{"floor":11.0,"key":"Block Potion"},{"floor":13.0,"key":"Ancient Potion"},{"floor":14.0,"key":"LiquidBronze"},{"floor":20.0,"key":"Regen Potion"},{"floor":27.0,"key":"Ancient Potion"},{"floor":30.0,"key":"Strength Potion"},{"floor":35.0,"key":"Fire Potion"},{"floor":39.0,"key":"SpeedPotion"},{"floor":41.0,"key":"Weak Potion"}],"is_trial":false,"path_per_floor":["M","?","M","$","M","R","T","R","T","E","M","$","E","M","R","B",null,"M","$","M","?","?","R","?","R","T","M","?","M","E","$","R","B",null,"M","?","?","M","M","E","M","R","T","?","$","M","R","?","R","B"],"character_chosen":"THE_SILENT","items_purchased":["Footwork","Flash of Steel","Well Laid Plans","Dagger Throw+1","Master of Strategy","Backstab+1"],"campfire_rested":5,"item_purchase_floors":[4,12,12,31,45,45],"current_hp_per_floor":[58,44,44,44,40,40,40,40,40,38,31,31,31,31,52,48,65,62,62,56,56,43,43,43,43,43,41,41,43,42,42,64,29,64,47,47,47,47,31,15,4,26,26,26,26,28,50,50,72,0],"gold":88,"neow_bonus":"THREE_CARDS","is_prod":false,"is_daily":false,"chose_seed":false,"campfire_upgraded":4,"win_rate":0,"timestamp":1556054928,"path_taken":["M","?","M","$","M","R","?","R","T","E","M","$","E","?","R","BOSS","M","$","M","?","?","R","?","R","T","?","?","M","E","$","R","BOSS","M","?","?","M","M","E","?","R","T","?","$","M","R","?","R","BOSS"],"build_version":"2019-01-23","purchased_purges":3,"victory":false,"max_hp_per_floor":[70,70,70,70,70,70,70,70,70,70,70,70,70,70,70,70,70,70,70,70,70,75,75,75,75,75,75,75,75,75,75,75,75,75,75,75,75,75,75,75,75,75,75,75,75,75,75,75,75,75],"card_choices":[{"not_picked":["Cloak And Dagger","Leg Sweep"],"picked":"Slice","floor":0.0},{"not_picked":["Bane","Eviscerate"],"picked":"Quick Slash","floor":1.0},{"not_picked":["Deadly Poison","Outmaneuver"],"picked":"Dagger Spray","floor":3.0},{"not_picked":["Outmaneuver","Deadly Poison"],"picked":"Cloak And Dagger","floor":5.0},{"not_picked":["Flying Knee","Tactician","Poisoned Stab"],"picked":"SKIP","floor":10.0},{"not_picked":["Dagger Spray","Underhanded Strike","Escape Plan"],"picked":"SKIP","floor":11.0},{"not_picked":["Glass Knife","Blur"],"picked":"Slice","floor":13.0},{"not_picked":["Blade Dance","Bane","Underhanded Strike"],"picked":"SKIP","floor":14.0},{"not_picked":["Unload","Tools of the Trade"],"picked":"Malaise","floor":16.0},{"not_picked":["Outmaneuver","Poisoned Stab"],"picked":"Expertise","floor":18.0},{"not_picked":["Concentrate+1","Deadly Poison+1"],"picked":"Choke+1","floor":20.0},{"not_picked":["Endless Agony","Bane"],"picked":"Deflect","floor":27.0},{"not_picked":["Blade Dance+1","Leg Sweep+1"],"picked":"Slice","floor":29.0},{"not_picked":["Deadly Poison","Doppelganger"],"picked":"Footwork+1","floor":30.0},{"not_picked":["Doppelganger","Venomology"],"picked":"After Image","floor":33.0},{"not_picked":["All Out Attack+1","Calculated Gamble"],"picked":"Concentrate+1","floor":35.0},{"not_picked":["PiercingWail","Concentrate+1"],"picked":"Underhanded Strike+1","floor":38.0},{"not_picked":["Footwork","Blur"],"picked":"Masterful Stab+1","floor":39.0},{"not_picked":["Dodge and Roll","Endless Agony+1"],"picked":"Backstab+1","floor":40.0},{"not_picked":["Dagger Throw+1","PiercingWail","Accuracy+1"],"picked":"SKIP","floor":41.0},{"not_picked":["Flying Knee+1","Underhanded Strike+1","Predator+1"],"picked":"SKIP","floor":46.0},{"not_picked":["PanicButton","Dark Shackles"],"picked":"Swift Strike+1","floor":48.0}],"player_experience":1148622,"relics_obtained":[{"floor":7.0,"key":"War Paint"},{"floor":9.0,"key":"Blood Vial"},{"floor":10.0,"key":"Darkstone Periapt"},{"floor":13.0,"key":"Potion Belt"},{"floor":26.0,"key":"Anchor"},{"floor":30.0,"key":"Molten Egg 2"},{"floor":40.0,"key":"Art of War"},{"floor":43.0,"key":"Letter Opener"}],"event_choices":[{"damage_healed":0.0,"max_hp_gain":0.0,"max_hp_loss":0.0,"gold_gain":0.0,"event_name":"Shining Light","player_choice":"Entered Light","floor":2.0,"gold_loss":0.0,"damage_taken":14.0,"cards_upgraded":["Slice","Quick Slash"]},{"cards_removed":["Strike_G"],"damage_healed":0.0,"max_hp_gain":0.0,"max_hp_loss":0.0,"gold_gain":0.0,"event_name":"Beggar","player_choice":"Gave Gold","floor":21.0,"gold_loss":75.0,"damage_taken":0.0},{"damage_healed":0.0,"max_hp_gain":5.0,"max_hp_loss":0.0,"gold_gain":0.0,"event_name":"Forgotten Altar","player_choice":"Shed Blood","floor":22.0,"gold_loss":0.0,"damage_taken":18.0},{"damage_healed":0.0,"max_hp_gain":0.0,"max_hp_loss":0.0,"gold_gain":0.0,"event_name":"The Mausoleum","player_choice":"Opened","floor":24.0,"gold_loss":0.0,"damage_taken":0.0,"relics_obtained":["Lantern"]},{"damage_healed":0.0,"max_hp_gain":0.0,"max_hp_loss":0.0,"gold_gain":99.0,"event_name":"Nest","player_choice":"Stole From Cult","floor":28.0,"gold_loss":0.0,"damage_taken":0.0},{"damage_healed":0.0,"max_hp_gain":0.0,"max_hp_loss":0.0,"gold_gain":0.0,"event_name":"Tomb of Lord Red Mask","player_choice":"Ignored","floor":36.0,"gold_loss":0.0,"damage_taken":0.0},{"cards_removed":["Strike_G"],"damage_healed":0.0,"max_hp_gain":0.0,"max_hp_loss":0.0,"gold_gain":0.0,"event_name":"Wheel of Change","player_choice":"Card Removal","floor":37.0,"gold_loss":0.0,"damage_taken":0.0},{"damage_healed":0.0,"max_hp_gain":0.0,"max_hp_loss":0.0,"gold_gain":0.0,"event_name":"Mysterious Sphere","player_choice":"Ignored","floor":44.0,"gold_loss":0.0,"damage_taken":0.0},{"damage_healed":0.0,"max_hp_gain":0.0,"max_hp_loss":0.0,"gold_gain":0.0,"event_name":"SensoryStone","player_choice":"Memory 1","floor":48.0,"gold_loss":0.0,"damage_taken":0.0}],"is_beta":false,"boss_relics":[{"not_picked":["Calling Bell","White Beast Statue"],"picked":"Ring of the Serpent"},{"not_picked":["Sozu","Runic Dome"],"picked":"WristBlade"}],"items_purged_floors":[4,19,31],"is_endless":false,"potions_floor_spawned":[10,11,13,14,20,27,30,35,39,41],"killed_by":"Time Eater","ascension_level":9}