{"gold_per_floor":[113,113,131,60,60,87,100,164,164,164,229,229,115,150,150,247,247,261,285,29,44,20,48,48,81,81,92,111,111,143,154,154,255,255,269,97,97,108,126,126,138,138,138,138,153,181,31,31,31,31],"floor_reached":51,"playtime":4649,"items_purged":["Strike_G","Strike_G","Deadly Poison","Defend_G"],"score":762,"play_id":"cb0180a7-9b2a-46d8-8e0a-a68853d7f51d","local_time":"20181209213510","is_ascension_mode":true,"campfire_choices":[{"data":"Noxious Fumes","floor":10,"key":"SMITH"},{"floor":15,"key":"REST"},{"floor":24,"key":"REST"},{"floor":29,"key":"REST"},{"floor":32,"key":"REST"},{"data":"Footwork","floor":40,"key":"SMITH"},{"floor":42,"key":"REST"},{"floor":44,"key":"REST"},{"data":"Noxious Fumes","floor":49,"key":"SMITH"}],"neow_cost":"NONE","seed_source_timestamp":0,"circlet_count":0,"master_deck":["Defend_G","Defend_G","Defend_G","Survivor","Neutralize","Poisoned Stab","Noxious Fumes+1","Poisoned Stab","Poisoned Stab","Noxious Fumes+1","Glass Knife+1","Footwork+1","Slice+1","PiercingWail","Adrenaline","Slice+1","Deflect","Cloak And Dagger","Backflip","Adrenaline","Backflip","Adrenaline","Well Laid Plans+1","Cloak And Dagger+1","Deflect"],"special_seed":0,"relics":["Ring of the Snake","NeowsBlessing","Kunai","Pantograph","Ornamental Fan","Ninja Scroll","Tiny Chest","Art of War","Vajra","Lantern","Whetstone","Question Card","Centennial Puzzle","Ice Cream","Empty Cage","Darkstone Periapt","Bag of Marbles"],"potions_floor_usage":[8,8,8,18,33,33,50,50],"damage_taken":[{"damage":0.0,"enemies":"Small Slimes","floor":1.0,"turns":1.0},{"damage":0,"enemies":"2 Louse","floor":3,"turns":1},{"damage":0,"enemies":"Gremlin Nob","floor":6,"turns":1},{"damage":0,"enemies":"Cultist","floor":7,"turns":4},{"damage":13,"enemies":"Lagavulin Event","floor":8,"turns":5},{"damage":8,"enemies":"3 Sentries","floor":11,"turns":7},{"damage":10,"enemies":"Lagavulin","floor":14,"turns":5},{"damage":28,"enemies":"Hexaghost","floor":16,"turns":7},{"damage":26,"enemies":"2 Thieves","floor":18,"turns":4},{"damage":3,"enemies":"Shell Parasite","floor":21,"turns":4},{"damage":19,"enemies":"Book of Stabbing","floor":23,"turns":6},{"damage":18,"enemies":"Gremlin Leader","floor":25,"turns":6},{"damage":4,"enemies":"Shelled Parasite and Fungi","floor":27,"turns":3},{"damage":0,"enemies":"Chosen and Byrds","floor":28,"turns":4},{"damage":10,"enemies":"Slavers","floor":30,"turns":5},{"damage":14,"enemies":"Sentry and Sphere","floor":31,"turns":4},{"damage":36,"enemies":"Collector","floor":33,"turns":7},{"damage":2,"enemies":"Orb Walker","floor":35,"turns":2},{"damage":0,"enemies":"3 Shapes","floor":38,"turns":5},{"damage":0,"enemies":"Transient","floor":39,"turns":5},{"damage":41,"enemies":"Writhing Mass","floor":41,"turns":6},{"damage":0,"enemies":"Sphere and 2 Shapes","floor":45,"turns":5},{"damage":18,"enemies":"Nemesis","floor":46,"turns":7},{"damage":62,"enemies":"Time Eater","floor":50,"turns":13}],"seed_played":"-5767860594603733988","potions_obtained":[{"floor":3,"key":"Fire Potion"},{"floor":6,"key":"Ancient Potion"},{"floor":7,"key":"Ancient Potion"},{"floor":14,"key":"Strength Potion"},{"floor":18,"key":"LiquidBronze"},{"floor":25,"key":"GamblersBrew"},{"floor":28,"key":"GhostInAJar"},{"floor":33,"key":"Explosive Potion"},{"floor":35,"key":"Energy Potion"},{"floor":39,"key":"GhostInAJar"},{"floor":46,"key":"PowerPotion"}],"is_trial":false,"path_per_floor":["M","M","?","M","$","?","E","M","?","T","R","E","?","$","E","R","B",null,"M","T","$","M","$","E","R","E","T","M","M","R","E","M","R","B",null,"M","$","?","M","M","R","M","R","T","R","M","E","$","?","R","B",null],"character_chosen":"THE_SILENT","items_purchased":["Noxious Fumes","Noxious Fumes","Lantern","PiercingWail","Backflip"],"campfire_rested":6,"item_purchase_floors":[4,13,20,22,36],"current_hp_per_floor":[70,67,67,67,67,67,67,54,54,54,46,46,46,36,57,42,70,44,44,44,41,41,22,43,25,25,21,21,42,32,18,39,28,70,68,68,68,68,68,68,27,48,48,69,69,51,51,51,51,8],"gold":31,"neow_bonus":"THREE_ENEMY_KILL","is_prod":false,"is_daily":false,"chose_seed":false,"campfire_upgraded":3,"win_rate":0,"timestamp":1544412910,"path_taken":["M","?","M","$","?","E","M","?","T","R","E","?","$","E","R","BOSS","M","?","$","M","?","E","R","E","T","?","M","R","E","M","R","BOSS","M","$","?","?","M","R","M","R","T","R","M","E","$","?","R","BOSS"],"build_version":"2018-12-06","purchased_purges":4,"victory":true,"max_hp_per_floor":[70,70,70,70,70,70,70,70,70,70,70,70,70,70,70,70,70,70,70,70,70,70,70,70,70,70,70,70,70,70,70,70,70,70,70,70,70,70,70,70,70,70,70,70,70,70,70,70,70,70],"card_choices":[{"not_picked":["Flying Knee","Finisher"],"picked":"Poisoned Stab","floor":1},{"not_picked":["Endless Agony","Setup"],"picked":"Deadly Poison","floor":3},{"not_picked":["Outmaneuver","Bouncing Flask","Infinite Blades"],"picked":"SKIP","floor":6},{"not_picked":["Heel Hook","Dodge and Roll"],"picked":"Poisoned Stab","floor":7},{"not_picked":["Catalyst","Expertise"],"picked":"Poisoned Stab","floor":11},{"not_picked":["Phantasmal Killer","Distraction","Quick Slash"],"picked":"SKIP","floor":14},{"not_picked":["Unload","Venomology"],"picked":"Glass Knife","floor":16},{"not_picked":["Bane","Deflect"],"picked":"Footwork","floor":18},{"not_picked":["Underhanded Strike","Distraction"],"picked":"Slice+1","floor":21},{"not_picked":["Dodge and Roll","Catalyst","Finisher+1"],"picked":"SKIP","floor":23},{"not_picked":["Dagger Spray+1","Blade Dance"],"picked":"Adrenaline","floor":25},{"not_picked":["Flechettes","Outmaneuver","Acrobatics"],"picked":"Slice+1","floor":27},{"not_picked":["Terror+1","Outmaneuver+1","PiercingWail"],"picked":"Deflect","floor":28},{"not_picked":["Crippling Poison","Setup","Endless Agony"],"picked":"Cloak And Dagger","floor":30},{"not_picked":["Blade Dance+1","Riddle With Holes","Well Laid Plans"],"picked":"Backflip","floor":31},{"not_picked":["A Thousand Cuts","Unload","Die Die Die"],"picked":"Adrenaline","floor":33},{"not_picked":["Sucker Punch+1","Skewer+1","Bane","Poisoned Stab"],"picked":"SKIP","floor":35},{"not_picked":["Flying Knee+1","Dash+1","Quick Slash"],"picked":"Well Laid Plans+1","floor":38},{"not_picked":["Deadly Poison+1","Dagger Throw","Escape Plan+1"],"picked":"Cloak And Dagger+1","floor":39},{"not_picked":["Well Laid Plans","Heel Hook+1","Burst","Outmaneuver+1"],"picked":"SKIP","floor":41},{"not_picked":["Underhanded Strike+1","Catalyst","Sucker Punch+1","Poisoned Stab"],"picked":"SKIP","floor":45},{"not_picked":["Cloak And Dagger","Dodge and Roll+1","After Image"],"picked":"Deflect","floor":46}],"player_experience":134420,"relics_obtained":[{"floor":6,"key":"Pantograph"},{"floor":9,"key":"Ninja Scroll"},{"floor":11,"key":"Tiny Chest"},{"floor":14,"key":"Art of War"},{"floor":19,"key":"Vajra"},{"floor":23,"key":"Whetstone"},{"floor":25,"key":"Question Card"},{"floor":26,"key":"Centennial Puzzle"},{"floor":30,"key":"Ice Cream"},{"floor":43,"key":"Darkstone Periapt"},{"floor":46,"key":"Bag of Marbles"}],"event_choices":[{"damage_healed":0,"gold_gain":0,"player_choice":"Success","damage_taken":3,"relics_obtained":["Kunai"],"max_hp_gain":0,"max_hp_loss":0,"event_name":"Scrap Ooze","floor":2,"gold_loss":0},{"damage_healed":0,"gold_gain":0,"player_choice":"Ignored","damage_taken":0,"max_hp_gain":0,"max_hp_loss":0,"event_name":"Liars Game","floor":5,"gold_loss":0},{"damage_healed":0,"gold_gain":0,"player_choice":"Searched \u00272\u0027 times","damage_taken":0,"relics_obtained":["Ornamental Fan"],"max_hp_gain":0,"max_hp_loss":0,"event_name":"Dead Adventurer","floor":8,"gold_loss":0},{"cards_removed":["Strike_G"],"damage_healed":0,"gold_gain":0,"player_choice":"Purged","damage_taken":0,"max_hp_gain":0,"max_hp_loss":0,"event_name":"Purifier","floor":12,"gold_loss":0},{"damage_healed":0,"gold_gain":0,"player_choice":"1 cards matched","damage_taken":0,"max_hp_gain":0,"max_hp_loss":0,"event_name":"Match and Keep!","floor":37,"gold_loss":0,"cards_obtained":["Adrenaline"]},{"cards_removed":["Defend_G"],"damage_healed":0,"gold_gain":0,"player_choice":"Offered Basic","damage_taken":0,"max_hp_gain":0,"max_hp_loss":0,"event_name":"Bonfire Elementals","floor":48,"gold_loss":0}],"is_beta":false,"boss_relics":[{"not_picked":["Snecko Eye","Calling Bell","Ectoplasm"]},{"not_picked":["Busted Crown","Cursed Key"],"picked":"Empty Cage"}],"items_purged_floors":[13,20,36,47],"is_endless":false,"potions_floor_spawned":[3,6,7,14,18,25,28,33,35,39,41,46],"ascension_level":1}