{"gold_per_floor":[115,190,153,163,88,122,122,142,167,92,102,102],"floor_reached":12,"playtime":365,"items_purged":["Strike_B"],"score":140,"play_id":"74a5158b-bef7-4128-8bbc-1c1f75d6b25e","local_time":"20190520200352","is_ascension_mode":true,"campfire_choices":[{"data":"White Noise","floor":7,"key":"SMITH"}],"neow_cost":"NONE","seed_source_timestamp":336188372907200,"circlet_count":0,"master_deck":["AscendersBane","Strike_B","Strike_B","Defend_B","Defend_B","Defend_B","Defend_B","Zap","Dualcast","White Noise+1","Capacitor","Lockon","Self Repair","Loop"],"relics":["Cracked Core","Pen Nib","Boot"],"potions_floor_usage":[6,11,12],"damage_taken":[{"damage":0,"enemies":"Small Slimes","floor":1,"turns":3},{"damage":7,"enemies":"2 Louse","floor":4,"turns":2},{"damage":25,"enemies":"3 Sentries","floor":6,"turns":5},{"damage":6,"enemies":"Cultist","floor":8,"turns":4},{"damage":18,"enemies":"3 Louse","floor":11,"turns":3},{"damage":16,"enemies":"The Mushroom Lair","floor":12,"turns":2}],"seed_played":"-5516968060934822981","potions_obtained":[{"floor":4,"key":"Explosive Potion"},{"floor":6,"key":"AttackPotion"},{"floor":11,"key":"Poison Potion"}],"is_trial":false,"path_per_floor":["M","?","$","M","?","E","R","M","T","$","M","?"],"character_chosen":"DEFECT","items_purchased":["Capacitor"],"campfire_rested":0,"item_purchase_floors":[3],"current_hp_per_floor":[71,60,60,53,53,28,28,29,29,29,11,0],"gold":102,"neow_bonus":"TEN_PERCENT_HP_BONUS","is_prod":false,"is_daily":false,"chose_seed":false,"campfire_upgraded":1,"win_rate":0,"timestamp":1558397032,"path_taken":["M","?","$","M","?","E","R","M","T","$","M","?"],"build_version":"2019-01-23","purchased_purges":1,"victory":false,"max_hp_per_floor":[78,78,78,78,78,78,78,78,78,78,78,78],"card_choices":[{"not_picked":["Hologram","Leap"],"picked":"White Noise","floor":1},{"not_picked":["Cold Snap","Coolheaded"],"picked":"Lockon","floor":4},{"not_picked":["Barrage","Streamline"],"picked":"Self Repair","floor":6},{"not_picked":["Cold Snap","Reinforced Body"],"picked":"Loop","floor":8},{"not_picked":["Beam Cell","Rebound","Undo"],"picked":"SKIP","floor":11}],"player_experience":2925254,"relics_obtained":[{"floor":6,"key":"Pen Nib"},{"floor":9,"key":"Boot"}],"event_choices":[{"damage_healed":0,"gold_gain":75,"player_choice":"Gather Gold","damage_taken":11,"max_hp_gain":0,"max_hp_loss":0,"event_name":"World of Goop","floor":2,"gold_loss":0},{"cards_removed":["Strike_B"],"damage_healed":0,"gold_gain":0,"player_choice":"Card Removal","damage_taken":0,"max_hp_gain":0,"max_hp_loss":0,"event_name":"The Cleric","floor":5,"gold_loss":75},{"damage_healed":0,"gold_gain":0,"player_choice":"Fought Mushrooms","damage_taken":0,"max_hp_gain":0,"max_hp_loss":0,"event_name":"Mushrooms","floor":12,"gold_loss":0}],"is_beta":false,"boss_relics":[],"items_purged_floors":[10],"is_endless":false,"potions_floor_spawned":[4,6,11],"killed_by":"The Mushroom Lair","ascension_level":16}