{"gold_per_floor":[14,14,89,108,108,108,25,25,75,92,117,131,56,111,111,207,207,217,91,110,33,33,33,44,44,44,60,60,60],"floor_reached":29,"playtime":1306,"items_purged":["Strike_B","Defend_B"],"score":254,"play_id":"4b31efcc-8b93-4c03-808a-137e4c9b28e9","local_time":"20190104230442","is_ascension_mode":true,"campfire_choices":[{"floor":6,"key":"RECALL"},{"data":"Zap","floor":8,"key":"SMITH"},{"floor":15,"key":"REST"},{"data":"Redo","floor":23,"key":"SMITH"}],"neow_cost":"NO_GOLD","seed_source_timestamp":122470739016381,"circlet_count":0,"master_deck":["Strike_B","Strike_B","Defend_B","Defend_B","Defend_B","Zap+1","Dualcast","Hologram","Cold Snap","Flash of Steel","Beam Cell","Darkness","Scrape","Multi-Cast","Self Repair","Redo+1","Undo","Conserve Battery","Blizzard+1"],"relics":["Cracked Core","Emotion Chip","CultistMask","Lantern","Juzu Bracelet","Regal Pillow","White Beast Statue","Gremlin Horn","FossilizedHelix"],"potions_floor_usage":[14,14,18,24,24,29,29],"damage_taken":[{"damage":6,"enemies":"Cultist","floor":1,"turns":3},{"damage":7,"enemies":"Small Slimes","floor":4,"turns":2},{"damage":0,"enemies":"Jaw Worm","floor":10,"turns":3},{"damage":13,"enemies":"Lagavulin","floor":11,"turns":5},{"damage":7,"enemies":"Red Slaver","floor":12,"turns":3},{"damage":19,"enemies":"Lagavulin Event","floor":14,"turns":5},{"damage":27,"enemies":"The Guardian","floor":16,"turns":9},{"damage":23,"enemies":"Shell Parasite","floor":18,"turns":3},{"damage":9,"enemies":"Spheric Guardian","floor":20,"turns":3},{"damage":7,"enemies":"Centurion and Healer","floor":24,"turns":7},{"damage":20,"enemies":"Snake Plant","floor":27,"turns":4},{"damage":24,"enemies":"Shelled Parasite and Fungi","floor":29,"turns":2}],"seed_played":"4172824606766608910","potions_obtained":[{"floor":1,"key":"Energy Potion"},{"floor":12,"key":"SpeedPotion"},{"floor":14,"key":"FocusPotion"},{"floor":18,"key":"FocusPotion"},{"floor":20,"key":"Block Potion"},{"floor":24,"key":"FearPotion"},{"floor":27,"key":"Explosive Potion"}],"is_trial":false,"path_per_floor":["M","T","?","M","?","R","$","R","T","M","E","M","$","?","R","B",null,"M","$","M","?","?","R","M","?","T","M","?","M"],"character_chosen":"DEFECT","items_purchased":["Flash of Steel","Redo"],"campfire_rested":1,"item_purchase_floors":[7,19],"current_hp_per_floor":[69,69,58,51,51,51,51,51,51,51,38,31,31,12,49,22,75,52,52,50,50,50,50,50,36,36,23,23,0],"gold":60,"neow_bonus":"ONE_RARE_RELIC","is_prod":false,"is_daily":false,"chose_seed":false,"campfire_upgraded":2,"win_rate":0,"timestamp":1546661082,"path_taken":["M","?","?","M","?","R","$","R","T","?","E","M","?","?","R","BOSS","M","$","M","?","?","R","M","?","T","M","?","M"],"build_version":"2019-01-03v4","purchased_purges":2,"victory":false,"max_hp_per_floor":[75,75,75,75,75,75,75,75,75,75,75,75,75,75,75,75,75,75,75,75,75,75,75,75,80,80,80,80,80],"card_choices":[{"not_picked":["Force Field","Turbo"],"picked":"Hologram","floor":1},{"not_picked":["Barrage","Skim"],"picked":"Cold Snap","floor":4},{"not_picked":["Steam","Rebound"],"picked":"Beam Cell","floor":10},{"not_picked":["Conserve Battery","Beam Cell"],"picked":"Darkness","floor":11},{"not_picked":["Coolheaded","Compile Driver"],"picked":"Scrape","floor":12},{"not_picked":["Amplify","Meteor Strike"],"picked":"Multi-Cast","floor":16},{"not_picked":["Skim","Steam"],"picked":"Self Repair","floor":18},{"not_picked":["Ball Lightning","Storm"],"picked":"Undo","floor":20},{"not_picked":["Sweeping Beam","Genetic Algorithm"],"picked":"Conserve Battery","floor":24},{"not_picked":["Conserve Battery","Static Discharge"],"picked":"Blizzard+1","floor":27}],"player_experience":245750,"relics_obtained":[{"floor":9,"key":"Lantern"},{"floor":11,"key":"Juzu Bracelet"},{"floor":14,"key":"Regal Pillow"},{"floor":26,"key":"FossilizedHelix"}],"event_choices":[{"damage_healed":0,"gold_gain":75,"player_choice":"Gather Gold","damage_taken":11,"max_hp_gain":0,"max_hp_loss":0,"event_name":"World of Goop","floor":3,"gold_loss":0},{"damage_healed":0,"gold_gain":0,"player_choice":"Trade","damage_taken":0,"relics_obtained":["CultistMask"],"max_hp_gain":0,"max_hp_loss":0,"event_name":"FaceTrader","floor":5,"gold_loss":0},{"damage_healed":0,"gold_gain":30,"player_choice":"Searched \u00273\u0027 times","damage_taken":0,"max_hp_gain":0,"max_hp_loss":0,"event_name":"Dead Adventurer","floor":14,"gold_loss":0},{"damage_healed":0,"gold_gain":0,"player_choice":"Paid Gold","damage_taken":0,"relics_obtained":["Gremlin Horn"],"max_hp_gain":0,"max_hp_loss":0,"event_name":"WeMeetAgain","floor":21,"gold_loss":77},{"cards_removed":["Strike_B"],"damage_healed":0,"gold_gain":0,"player_choice":"Elegance","damage_taken":0,"max_hp_gain":0,"max_hp_loss":0,"event_name":"Back to Basics","floor":22,"gold_loss":0},{"damage_healed":0,"gold_gain":0,"player_choice":"Shed Blood","damage_taken":19,"max_hp_gain":5,"max_hp_loss":0,"event_name":"Forgotten Altar","floor":25,"gold_loss":0},{"damage_healed":0,"gold_gain":0,"player_choice":"0 cards matched","damage_taken":0,"max_hp_gain":0,"max_hp_loss":0,"event_name":"Match and Keep!","floor":28,"gold_loss":0,"cards_obtained":[]}],"is_beta":false,"boss_relics":[{"not_picked":["Eternal Feather","Velvet Choker"],"picked":"White Beast Statue"}],"items_purged_floors":[13,19],"is_endless":false,"potions_floor_spawned":[1,12,14,18,20,24,27],"killed_by":"Shelled Parasite and Fungi","ascension_level":3}