{"gold_per_floor":[119,129,59,59,77,77,90,116,141,159,84,105,105,117,117,216,216,236,23,23,0,16,16,32,32,32,45,45,45,62,75,75,172,172,191,23,36,36,36,36,64,64,64,64,89,104,104,116,116,116],"floor_reached":51,"playtime":3018,"items_purged":["Defend_B"],"score":1116,"play_id":"d52b548b-8f15-4dc8-bf32-878f46932100","local_time":"20190330221020","is_ascension_mode":true,"campfire_choices":[{"data":"Sunder","floor":6,"key":"SMITH"},{"data":"Double Energy","floor":13,"key":"SMITH"},{"data":"Sunder","floor":15,"key":"SMITH"},{"data":"Echo Form","floor":23,"key":"SMITH"},{"data":"Sunder","floor":28,"key":"SMITH"},{"data":"Self Repair","floor":32,"key":"SMITH"},{"data":"Apotheosis","floor":40,"key":"SMITH"},{"data":"Mind Blast","floor":42,"key":"SMITH"},{"data":"Defragment","floor":44,"key":"SMITH"},{"data":"Storm","floor":49,"key":"SMITH"}],"neow_cost":"TEN_PERCENT_HP_LOSS","seed_source_timestamp":75825498897200,"circlet_count":0,"master_deck":["AscendersBane","Strike_B+1","Strike_B","Defend_B","Defend_B","Defend_B","Zap","Dualcast","Doom and Gloom","BootSequence","Sunder+1","Beam Cell","Glacier","Double Energy+1","Coolheaded","Sunder+1","Echo Form+1","Defragment+1","Self Repair+1","Sunder+1","Stack+1","Beam Cell","Biased Cognition","Beam Cell","Apotheosis+1","Conserve Battery","Mind Blast+1","Cold Snap+1","Capacitor","Storm+1","Madness","Madness","Biased Cognition"],"relics":["Cracked Core","Omamori","Ancient Tea Set","Bag of Preparation","Odd Mushroom","Runic Pyramid","PreservedInsect","MutagenicStrength","Matryoshka","Whetstone","Vajra","Darkstone Periapt","Cables"],"potions_floor_usage":[8,8,16,50],"damage_taken":[{"damage":1,"enemies":"Cultist","floor":1,"turns":3},{"damage":11,"enemies":"2 Louse","floor":2,"turns":2},{"damage":0,"enemies":"Small Slimes","floor":5,"turns":3},{"damage":5,"enemies":"2 Fungi Beasts","floor":7,"turns":3},{"damage":0,"enemies":"Gremlin Nob","floor":8,"turns":2},{"damage":1,"enemies":"Looter","floor":10,"turns":2},{"damage":0,"enemies":"The Mushroom Lair","floor":12,"turns":4},{"damage":6,"enemies":"Lots of Slimes","floor":14,"turns":3},{"damage":11,"enemies":"The Guardian","floor":16,"turns":12},{"damage":4,"enemies":"Shell Parasite","floor":18,"turns":4},{"damage":2,"enemies":"Chosen","floor":22,"turns":4},{"damage":10,"enemies":"3 Cultists","floor":24,"turns":6},{"damage":2,"enemies":"Cultist and Chosen","floor":27,"turns":4},{"damage":9,"enemies":"Snake Plant","floor":30,"turns":2},{"damage":0,"enemies":"3 Cultists","floor":31,"turns":4},{"damage":47,"enemies":"Automaton","floor":33,"turns":12},{"damage":1,"enemies":"3 Darklings","floor":35,"turns":7},{"damage":0,"enemies":"Orb Walker","floor":37,"turns":3},{"damage":3,"enemies":"Giant Head","floor":41,"turns":7},{"damage":21,"enemies":"Reptomancer","floor":45,"turns":7},{"damage":4,"enemies":"Jaw Worm Horde","floor":46,"turns":5},{"damage":0,"enemies":"3 Darklings","floor":48,"turns":6},{"damage":27,"enemies":"Donu and Deca","floor":50,"turns":10}],"seed_played":"-6584521101068106325","potions_obtained":[{"floor":1,"key":"Poison Potion"},{"floor":2,"key":"AttackPotion"},{"floor":10,"key":"Poison Potion"},{"floor":12,"key":"FearPotion"},{"floor":22,"key":"AttackPotion"},{"floor":30,"key":"Fire Potion"},{"floor":31,"key":"Energy Potion"}],"is_trial":false,"path_per_floor":["M","M","$","?","M","R","M","E","T","M","$","?","R","M","R","B",null,"M","$","?","?","M","R","M","?","T","M","R","$","M","M","R","B",null,"M","$","M","$","?","R","E","R","T","R","E","M","?","M","R","B",null],"character_chosen":"DEFECT","items_purchased":["Sunder","PreservedInsect","Defragment","Apotheosis"],"campfire_rested":0,"item_purchase_floors":[3,19,19,36],"current_hp_per_floor":[67,56,56,44,44,44,39,39,39,38,38,38,38,32,32,21,56,52,52,52,52,57,57,54,54,54,59,59,59,50,50,50,13,54,63,63,63,63,63,63,68,68,68,68,57,63,54,64,64,47],"gold":116,"neow_bonus":"REMOVE_TWO","is_prod":false,"is_daily":false,"chose_seed":false,"campfire_upgraded":10,"win_rate":0,"timestamp":1553998220,"path_taken":["M","M","$","?","M","R","M","E","T","M","$","?","R","M","R","BOSS","M","$","?","?","M","R","M","?","T","M","R","$","M","M","R","BOSS","M","$","M","$","?","R","E","R","T","R","E","?","?","M","R","BOSS"],"build_version":"2019-01-23","purchased_purges":1,"victory":true,"max_hp_per_floor":[68,68,68,68,68,68,68,68,68,68,68,68,68,68,68,68,68,68,68,68,68,68,68,68,68,68,68,68,68,68,68,68,68,68,68,68,68,68,68,68,68,68,68,68,68,68,68,68,68,68],"card_choices":[{"not_picked":["Stack","Beam Cell"],"picked":"Doom and Gloom","floor":1},{"not_picked":["Leap","Cold Snap"],"picked":"BootSequence","floor":2},{"not_picked":["Sweeping Beam","Loop"],"picked":"Beam Cell","floor":5},{"not_picked":["Chaos","Streamline","Turbo"],"picked":"SKIP","floor":7},{"not_picked":["Aggregate","Fusion"],"picked":"Glacier","floor":8},{"not_picked":["Hyperbeam","Gash"],"picked":"Double Energy","floor":10},{"not_picked":["Steam","Streamline"],"picked":"Coolheaded","floor":12},{"not_picked":["Hello World","Redo"],"picked":"Sunder","floor":14},{"not_picked":["Multi-Cast","Creative AI"],"picked":"Echo Form","floor":16},{"not_picked":["Redo","Chaos","Lockon"],"picked":"SKIP","floor":18},{"not_picked":["Coolheaded","Ball Lightning","Compile Driver"],"picked":"SKIP","floor":22},{"not_picked":["Beam Cell","Redo"],"picked":"Sunder","floor":24},{"not_picked":["Rebound","Cold Snap"],"picked":"Stack+1","floor":27},{"not_picked":["Loop","Multi-Cast","Barrage"],"picked":"SKIP","floor":30},{"not_picked":["Steam","Leap"],"picked":"Beam Cell","floor":31},{"not_picked":["Fission","Reboot"],"picked":"Biased Cognition","floor":33},{"not_picked":["Compile Driver","Go for the Eyes"],"picked":"Beam Cell","floor":35},{"not_picked":["Glacier","FTL"],"picked":"Conserve Battery","floor":37},{"not_picked":["Gash","Barrage"],"picked":"Capacitor","floor":41},{"not_picked":["Gash+1","Redo+1"],"picked":"Storm","floor":45},{"not_picked":["Sweeping Beam","Ball Lightning","Skim"],"picked":"SKIP","floor":46},{"not_picked":["Stack","Redo"],"picked":"Biased Cognition","floor":48}],"player_experience":2550872,"relics_obtained":[{"floor":8,"key":"Ancient Tea Set"},{"floor":9,"key":"Bag of Preparation"},{"floor":12,"key":"Odd Mushroom"},{"floor":26,"key":"Matryoshka"},{"floor":41,"key":"Whetstone"},{"floor":43,"key":"Vajra"},{"floor":43,"key":"Darkstone Periapt"},{"floor":45,"key":"Cables"}],"event_choices":[{"damage_healed":0,"gold_gain":0,"player_choice":"Success","damage_taken":12,"relics_obtained":["Omamori"],"max_hp_gain":0,"max_hp_loss":0,"event_name":"Scrap Ooze","floor":4,"gold_loss":0},{"damage_healed":0,"gold_gain":0,"player_choice":"Fought Mushrooms","damage_taken":0,"max_hp_gain":0,"max_hp_loss":0,"event_name":"Mushrooms","floor":12,"gold_loss":0},{"damage_healed":0,"gold_gain":0,"player_choice":"Read","damage_taken":0,"max_hp_gain":0,"max_hp_loss":0,"event_name":"The Library","floor":20,"gold_loss":0,"cards_obtained":["Self Repair"]},{"damage_healed":0,"gold_gain":0,"player_choice":"Paid Fearfully","damage_taken":0,"max_hp_gain":0,"max_hp_loss":0,"event_name":"Masked Bandits","floor":21,"gold_loss":23},{"damage_healed":0,"gold_gain":0,"player_choice":"Inject Mutagens","damage_taken":0,"relics_obtained":["MutagenicStrength"],"max_hp_gain":0,"max_hp_loss":0,"event_name":"Drug Dealer","floor":25,"gold_loss":0},{"damage_healed":0,"gold_gain":0,"player_choice":"2 cards matched","damage_taken":0,"max_hp_gain":0,"max_hp_loss":0,"event_name":"Match and Keep!","floor":39,"gold_loss":0,"cards_obtained":["Mind Blast","Cold Snap"]},{"damage_healed":0,"gold_gain":0,"player_choice":"Embrace Madness","damage_taken":9,"max_hp_gain":0,"max_hp_loss":0,"event_name":"Winding Halls","floor":47,"gold_loss":0,"cards_obtained":["Madness","Madness"]}],"is_beta":false,"boss_relics":[{"not_picked":["Black Star","Pandora\u0027s Box"],"picked":"Runic Pyramid"},{"not_picked":["Calling Bell","Philosopher\u0027s Stone","Astrolabe"]}],"items_purged_floors":[11],"is_endless":false,"potions_floor_spawned":[1,2,10,12,14,22,27,30,31,45,48],"ascension_level":12}