{"path_per_floor":["M","?","?","?","$","E","?","R","T","E","M","$","E","M","R","B",null,"M","M","?","M","$"],"character_chosen":"THE_SILENT","items_purchased":["Noxious Fumes","Noxious Fumes","Catalyst"],"gold_per_floor":[218,218,218,218,143,176,176,176,176,207,222,21,64,84,84,209,209,230,250,250,264,102,102],"floor_reached":23,"campfire_rested":0,"playtime":1996,"item_purchase_floors":[12,12,22],"current_hp_per_floor":[68,54,51,51,51,40,40,40,40,32,46,46,33,45,45,38,69,57,50,50,39,39,0],"items_purged":["Strike_G","Strike_G","Defend_G"],"gold":102,"score":238,"play_id":"04920d50-2cbc-4764-909b-421f705eec63","local_time":"20180605155956","is_prod":false,"is_daily":false,"chose_seed":false,"is_ascension_mode":true,"campfire_upgraded":2,"win_rate":0,"timestamp":1528207196,"campfire_choices":[{"data":"Neutralize","floor":8,"key":"SMITH"},{"data":"Catalyst","floor":15,"key":"SMITH"}],"path_taken":["M","?","?","?","$","E","?","R","T","E","M","$","E","M","R","BOSS","M","?","?","M","$","E"],"build_version":"2018-05-31","seed_source_timestamp":1705510738722125,"purchased_purges":3,"victory":false,"master_deck":["Defend_G","Defend_G","Defend_G+1","Survivor","Neutralize+1","Deadly Poison+1","Neutralize","Footwork","Catalyst+1","Noxious Fumes","Noxious Fumes","Deadly Poison","Doppelganger","Blur+1","Poisoned Stab+1","Dagger Throw+1","Catalyst"],"max_hp_per_floor":[70,70,70,70,70,70,65,65,65,65,67,67,69,69,69,69,69,71,73,73,75,75,75],"relics":["Ring of the Snake","Meat on the Bone","Singing Bowl","Golden Idol","The Courier","Vajra","Toolbox","Astrolabe"],"card_choices":[{"not_picked":["Bane","Underhanded Strike"],"picked":"Deadly Poison","floor":1},{"not_picked":["Poisoned Stab","Dodge and Roll"],"picked":"Footwork","floor":6},{"not_picked":["Slice","Distraction"],"picked":"Catalyst","floor":10},{"not_picked":["Dagger Spray","Masterful Stab","Crippling Poison"],"picked":"Singing Bowl","floor":11},{"not_picked":["Dagger Throw","Flying Knee","Expertise"],"picked":"Singing Bowl","floor":13},{"not_picked":["Dodge and Roll","Concentrate"],"picked":"Deadly Poison","floor":14},{"not_picked":["Envenom","Tools of the Trade"],"picked":"Doppelganger","floor":16},{"not_picked":["Acrobatics+1","Setup","Outmaneuver"],"picked":"Singing Bowl","floor":18},{"not_picked":["Riddle With Holes","Infinite Blades","Sucker Punch"],"picked":"Singing Bowl","floor":19},{"not_picked":["Concentrate","Outmaneuver+1","Dagger Spray"],"picked":"Singing Bowl","floor":21}],"player_experience":195947,"potions_floor_usage":[13,16,21,23],"damage_taken":[{"damage":2,"enemies":"Jaw Worm","floor":1,"turns":6},{"damage":11,"enemies":"3 Sentries","floor":6,"turns":12},{"damage":20,"enemies":"Lagavulin","floor":10,"turns":7},{"damage":0,"enemies":"2 Louse","floor":11,"turns":3},{"damage":27,"enemies":"Gremlin Nob","floor":13,"turns":6},{"damage":0,"enemies":"Small Slimes","floor":14,"turns":3},{"damage":19,"enemies":"Slime Boss","floor":16,"turns":9},{"damage":14,"enemies":"2 Thieves","floor":18,"turns":4},{"damage":9,"enemies":"Chosen","floor":19,"turns":3},{"damage":13,"enemies":"Centurion and Healer","floor":21,"turns":5},{"damage":46,"enemies":"Slavers","floor":23,"turns":3}],"relics_obtained":[{"floor":6,"key":"Singing Bowl"},{"floor":9,"key":"The Courier"},{"floor":10,"key":"Vajra"},{"floor":13,"key":"Toolbox"}],"event_choices":[{"event_name":"Shining Light","player_choice":"Entered Light","floor":2,"damage_taken":0},{"event_name":"Scrap Ooze","player_choice":"success","floor":3,"damage_taken":3},{"event_name":"Match and Keep!","player_choice":"1 cards matched","floor":4,"damage_taken":0},{"event_name":"Golden Idol","player_choice":"Lose Max HP","floor":7,"damage_taken":0},{"event_name":"Back to Basics","player_choice":"Elegance","floor":20,"damage_taken":0}],"boss_relics":[{"not_picked":["Orrery","Snecko Eye"],"picked":"Astrolabe"}],"items_purged_floors":[5,12,22],"potions_floor_spawned":[6,13,14,16,18,19],"seed_played":"-5187885743611192447","killed_by":"Slavers","ascension_level":3,"potions_obtained":[{"floor":6,"key":"EssenceOfSteel"},{"floor":13,"key":"Ancient Potion"},{"floor":14,"key":"Regen Potion"},{"floor":16,"key":"AttackPotion"},{"floor":18,"key":"Explosive Potion"}],"is_trial":false}