{"path_per_floor":["M","?","$","M","?","R","$","R","T","M","M","M","E","?","R","B",null,"M","M","$","?","?","E","R","E","T","M","M"],"character_chosen":"IRONCLAD","items_purchased":["Inflame","Self Forming Clay"],"gold_per_floor":[111,111,1,15,15,15,15,15,15,31,50,68,99,159,159,256,256,276,287,38,38,38,71,71,101,151,168,187,187],"floor_reached":29,"campfire_rested":0,"playtime":1950,"item_purchase_floors":[3,20],"current_hp_per_floor":[75,75,75,78,78,78,78,78,92,94,79,79,56,40,40,11,94,81,60,60,60,44,45,45,22,22,21,15,0],"items_purged":["Regret"],"gold":187,"score":327,"play_id":"95b158a7-665a-4d10-b232-5d2fc18a0904","local_time":"20180606210119","is_prod":false,"is_daily":false,"chose_seed":false,"is_ascension_mode":true,"campfire_upgraded":4,"win_rate":0,"timestamp":1528311679,"campfire_choices":[{"data":"Iron Wave","floor":6,"key":"SMITH"},{"data":"Inflame","floor":8,"key":"SMITH"},{"data":"Defend_R","floor":15,"key":"SMITH"},{"data":"Cleave","floor":24,"key":"SMITH"}],"path_taken":["M","?","$","M","?","R","$","R","T","M","M","M","E","?","R","BOSS","M","M","$","?","?","E","R","E","T","M","M","?"],"build_version":"2018-05-31","seed_source_timestamp":1810038963318128,"purchased_purges":1,"victory":false,"master_deck":["Strike_R+1","Strike_R+1","Strike_R","Strike_R","Strike_R","Defend_R+1","Defend_R","Defend_R","Defend_R","Bash","Iron Wave+1","Inflame+1","Thunderclap","Cleave","Demon Form","Iron Wave+1","Cleave+1","Clash+1","Iron Wave+1","Rage+1"],"max_hp_per_floor":[80,80,80,80,80,80,80,80,94,94,94,94,94,94,94,94,94,94,94,94,94,94,101,101,101,101,101,101,101],"relics":["Burning Blood","Bronze Scales","Mango","Happy Flower","Omamori","Sozu","Self Forming Clay","Strawberry","Whetstone","Oddly Smooth Stone"],"card_choices":[{"not_picked":["Anger","Twin Strike"],"picked":"Iron Wave","floor":1},{"not_picked":["Headbutt","Warcry","Armaments"],"picked":"SKIP","floor":4},{"not_picked":["Ghostly Armor","Sword Boomerang","Pommel Strike"],"picked":"SKIP","floor":10},{"not_picked":["Pommel Strike","Heavy Blade"],"picked":"Thunderclap","floor":11},{"not_picked":["Sword Boomerang","Bloodletting","Power Through"],"picked":"SKIP","floor":12},{"not_picked":["Battle Trance","Body Slam","Headbutt"],"picked":"SKIP","floor":13},{"not_picked":["Heavy Blade","Second Wind"],"picked":"Cleave","floor":14},{"not_picked":["Berserk","Dark Embrace"],"picked":"Demon Form","floor":16},{"not_picked":["Anger","Twin Strike+1","Blood for Blood"],"picked":"SKIP","floor":18},{"not_picked":["Clash+1","Body Slam+1"],"picked":"Iron Wave+1","floor":19},{"not_picked":["Second Wind","Corruption"],"picked":"Cleave","floor":23},{"not_picked":["Sever Soul+1","Cleave+1"],"picked":"Clash+1","floor":25},{"not_picked":["Shockwave","Metallicize"],"picked":"Iron Wave+1","floor":27},{"not_picked":["Disarm+1","Dropkick"],"picked":"Rage+1","floor":28}],"player_experience":213638,"potions_floor_usage":[14,16,23,27],"damage_taken":[{"damage":11,"enemies":"Cultist","floor":1,"turns":4},{"damage":3,"enemies":"Jaw Worm","floor":4,"turns":4},{"damage":1,"enemies":"2 Louse","floor":10,"turns":2},{"damage":21,"enemies":"Exordium Thugs","floor":11,"turns":4},{"damage":6,"enemies":"Blue Slaver","floor":12,"turns":4},{"damage":29,"enemies":"3 Sentries","floor":13,"turns":6},{"damage":22,"enemies":"Lagavulin Event","floor":14,"turns":5},{"damage":35,"enemies":"Slime Boss","floor":16,"turns":8},{"damage":19,"enemies":"Chosen","floor":18,"turns":5},{"damage":27,"enemies":"Shell Parasite","floor":19,"turns":4},{"damage":12,"enemies":"Gremlin Leader","floor":23,"turns":6},{"damage":29,"enemies":"Slavers","floor":25,"turns":3},{"damage":7,"enemies":"Snecko","floor":27,"turns":5},{"damage":12,"enemies":"3 Cultists","floor":28,"turns":4},{"damage":18,"enemies":"Cultist and Chosen","floor":29,"turns":4}],"relics_obtained":[{"floor":9,"key":"Mango"},{"floor":13,"key":"Happy Flower"},{"floor":14,"key":"Omamori"},{"floor":23,"key":"Strawberry"},{"floor":25,"key":"Whetstone"},{"floor":26,"key":"Oddly Smooth Stone"}],"event_choices":[{"event_name":"Big Fish","player_choice":"Box","floor":2,"damage_taken":0},{"event_name":"The Cleric","player_choice":"Leave","floor":5,"damage_taken":0},{"event_name":"Dead Adventurer","player_choice":"Searched \u00272\u0027 times","floor":14,"damage_taken":0},{"event_name":"Ghosts","player_choice":"Ignored","floor":21,"damage_taken":0},{"event_name":"Cursed Tome","player_choice":"Obtained Book","floor":22,"damage_taken":0}],"boss_relics":[{"not_picked":["Runic Dome","Snecko Eye"],"picked":"Sozu"}],"items_purged_floors":[3],"potions_floor_spawned":[4,13,14,14,16,18,23,25],"seed_played":"-4533839520213093812","killed_by":"Cultist and Chosen","ascension_level":3,"potions_obtained":[{"floor":4,"key":"FearPotion"},{"floor":13,"key":"GamblersBrew"},{"floor":14,"key":"SpeedPotion"},{"floor":14,"key":"Ancient Potion"},{"floor":16,"key":"Block Potion"}],"is_trial":false}