{"gold_per_floor":[19,19,19,29,49,49,59,59,136,35,35,45,78,88,88,88],"floor_reached":16,"playtime":1034,"items_purged":["Defend_R"],"score":173,"play_id":"ec455236-8668-4c36-bcb8-07aec4c5d186","local_time":"20190513205809","is_ascension_mode":true,"campfire_choices":[{"data":"Second Wind","floor":6,"key":"SMITH"},{"data":"Shrug It Off","floor":8,"key":"SMITH"},{"data":"Iron Wave","floor":11,"key":"SMITH"},{"data":"Juggernaut","floor":15,"key":"SMITH"}],"neow_cost":"NO_GOLD","seed_source_timestamp":3827999590703923,"circlet_count":0,"master_deck":["AscendersBane","Strike_R","Strike_R","Strike_R","Strike_R","Defend_R+1","Defend_R+1","Bash","Brutality","Power Through","Shrug It Off+1","Dual Wield","Second Wind+1","Thunderclap","Iron Wave+1","Power Through","Juggernaut+1"],"relics":["Burning Blood","War Paint","Tiny Chest","Dream Catcher"],"potions_floor_usage":[13,13],"damage_taken":[{"damage":12,"enemies":"Small Slimes","floor":1,"turns":4},{"damage":2,"enemies":"2 Louse","floor":4,"turns":5},{"damage":1,"enemies":"Cultist","floor":5,"turns":3},{"damage":29,"enemies":"3 Louse","floor":7,"turns":4},{"damage":5,"enemies":"Large Slime","floor":12,"turns":7},{"damage":24,"enemies":"3 Sentries","floor":13,"turns":10},{"damage":7,"enemies":"Exordium Wildlife","floor":14,"turns":6},{"damage":36,"enemies":"Hexaghost","floor":16,"turns":12}],"seed_played":"1266486459930583474","potions_obtained":[{"floor":1,"key":"SteroidPotion"},{"floor":5,"key":"SkillPotion"},{"floor":14,"key":"FairyPotion"}],"is_trial":false,"path_per_floor":["M","?","?","M","M","R","M","R","T","$","R","M","E","M","R","B"],"character_chosen":"IRONCLAD","items_purchased":["Iron Wave"],"campfire_rested":0,"item_purchase_floors":[10],"current_hp_per_floor":[62,55,55,59,64,64,41,41,41,41,41,42,24,23,23,0],"gold":88,"neow_bonus":"TRANSFORM_TWO_CARDS","is_prod":false,"is_daily":false,"chose_seed":false,"campfire_upgraded":4,"win_rate":0,"timestamp":1557773889,"path_taken":["M","?","?","M","?","R","M","R","T","$","R","M","E","M","R","BOSS"],"build_version":"2019-01-23","purchased_purges":1,"victory":false,"max_hp_per_floor":[75,75,75,75,75,75,75,75,75,75,75,75,75,75,75,75],"card_choices":[{"not_picked":["Evolve","Warcry"],"picked":"Shrug It Off","floor":1},{"not_picked":["Headbutt","Cleave","Clash"],"picked":"SKIP","floor":4},{"not_picked":["Evolve","Flex"],"picked":"Second Wind","floor":5},{"not_picked":["Sword Boomerang","Corruption"],"picked":"Thunderclap","floor":7},{"not_picked":["Clothesline","Wild Strike"],"picked":"Power Through","floor":12},{"not_picked":["Anger","Twin Strike"],"picked":"Juggernaut","floor":13},{"not_picked":["Cleave","True Grit","Fire Breathing"],"picked":"SKIP","floor":14}],"player_experience":548166,"relics_obtained":[{"floor":9,"key":"Tiny Chest"},{"floor":13,"key":"Dream Catcher"}],"event_choices":[{"damage_healed":0,"gold_gain":0,"player_choice":"Success","damage_taken":7,"relics_obtained":["War Paint"],"max_hp_gain":0,"max_hp_loss":0,"event_name":"Scrap Ooze","floor":2,"gold_loss":0},{"damage_healed":0,"gold_gain":0,"player_choice":"1 cards matched","damage_taken":0,"max_hp_gain":0,"max_hp_loss":0,"event_name":"Match and Keep!","floor":3,"gold_loss":0,"cards_obtained":["Dual Wield"]}],"is_beta":false,"boss_relics":[],"items_purged_floors":[10],"is_endless":false,"potions_floor_spawned":[1,5,14],"killed_by":"Hexaghost","ascension_level":14}