{"gold_per_floor":[112,112,126,51,68,68,98,98,98,98,132,149,69,89,89,89],"floor_reached":16,"playtime":675,"items_purged":["Strike_R","Strike_R"],"score":182,"play_id":"b6ab5324-bcc0-452d-a1cb-24ac6e2ec3c4","local_time":"20190513030954","is_ascension_mode":true,"campfire_choices":[{"floor":6,"key":"REST"},{"floor":8,"key":"REST"},{"floor":10,"key":"REST"},{"floor":15,"key":"REST"}],"neow_cost":"NONE","seed_source_timestamp":3764291060369274,"circlet_count":0,"master_deck":["AscendersBane","Strike_R","Strike_R","Strike_R","Defend_R","Defend_R","Defend_R","Defend_R","Bash","Reaper","Fire Breathing+1","Barricade+1","Body Slam"],"relics":["Fusion Hammer","Frozen Egg 2","Anchor","The Courier","Darkstone Periapt"],"potions_floor_usage":[],"damage_taken":[{"damage":1,"enemies":"2 Louse","floor":1,"turns":3},{"damage":0,"enemies":"Cultist","floor":3,"turns":4},{"damage":3,"enemies":"Jaw Worm","floor":5,"turns":4},{"damage":47,"enemies":"Gremlin Nob","floor":7,"turns":5},{"damage":30,"enemies":"3 Sentries","floor":11,"turns":9},{"damage":10,"enemies":"Looter","floor":12,"turns":4},{"damage":9,"enemies":"Exordium Wildlife","floor":14,"turns":4},{"damage":99,"enemies":"Hexaghost","floor":16,"turns":11}],"seed_played":"-1873228720057010805","potions_obtained":[{"floor":5,"key":"FairyPotion"},{"floor":7,"key":"FearPotion"}],"is_trial":false,"path_per_floor":["M","?","M","$","M","R","E","R","T","R","E","M","$","M","R","B"],"character_chosen":"IRONCLAD","items_purchased":[],"campfire_rested":4,"item_purchase_floors":[],"current_hp_per_floor":[71,71,71,71,74,80,39,63,63,80,60,56,56,55,79,0],"gold":89,"neow_bonus":"BOSS_RELIC","is_prod":false,"is_daily":false,"chose_seed":false,"campfire_upgraded":0,"win_rate":0,"timestamp":1557709794,"path_taken":["M","?","?","$","M","R","E","R","T","R","E","M","$","M","R","BOSS"],"build_version":"2019-01-23","purchased_purges":2,"victory":false,"max_hp_per_floor":[80,80,80,80,80,80,80,80,80,80,80,80,80,80,80,80],"card_choices":[{"not_picked":["Body Slam","Heavy Blade"],"picked":"Armaments","floor":1},{"not_picked":["Armaments","Wild Strike"],"picked":"Reaper","floor":3},{"not_picked":["Ghostly Armor","Havoc"],"picked":"Fire Breathing+1","floor":5},{"not_picked":["Flame Barrier","Dual Wield","Power Through"],"picked":"SKIP","floor":7},{"not_picked":["Disarm","Body Slam"],"picked":"Barricade+1","floor":11},{"not_picked":["Power Through","Carnage","Body Slam"],"picked":"SKIP","floor":12},{"not_picked":["Power Through","Carnage"],"picked":"Body Slam","floor":12},{"not_picked":["True Grit","Warcry","Body Slam"],"picked":"SKIP","floor":14}],"player_experience":539450,"relics_obtained":[{"floor":7,"key":"Anchor"},{"floor":9,"key":"The Courier"},{"floor":11,"key":"Darkstone Periapt"}],"event_choices":[{"cards_removed":["Armaments"],"damage_healed":0,"gold_gain":0,"player_choice":"Gave Card","damage_taken":0,"relics_obtained":["Frozen Egg 2"],"max_hp_gain":0,"max_hp_loss":0,"event_name":"WeMeetAgain","floor":2,"gold_loss":0}],"is_beta":false,"boss_relics":[],"items_purged_floors":[4,13],"is_endless":false,"potions_floor_spawned":[5,7],"killed_by":"Hexaghost","ascension_level":13}