{"path_per_floor":["M","$","?","M","?","E","M","M","T","$","E","R","M"],"character_chosen":"IRONCLAD","items_purchased":[],"gold_per_floor":[117,42,42,58,58,90,108,125,125,25,59,59,70,70],"floor_reached":14,"campfire_rested":0,"playtime":884,"item_purchase_floors":[],"current_hp_per_floor":[80,80,68,74,74,49,49,55,55,55,36,36,25,0],"items_purged":["Strike_R","Strike_R"],"gold":70,"score":100,"play_id":"31ddcf3d-dc14-4de7-ba69-cf72efe568de","local_time":"20180529115827","is_prod":false,"is_daily":false,"chose_seed":false,"is_ascension_mode":false,"campfire_upgraded":1,"win_rate":0,"timestamp":1527587907,"campfire_choices":[{"data":"Metallicize","floor":12,"key":"SMITH"}],"path_taken":["M","$","?","M","?","E","?","M","T","?","E","R","M","E"],"build_version":"2018-05-24","seed_source_timestamp":1087349766995802,"purchased_purges":2,"victory":false,"master_deck":["Strike_R","Strike_R","Strike_R","Defend_R","Defend_R","Defend_R","Defend_R","Bash","Second Wind","Pummel","Inflame","Clothesline","Warcry","Metallicize+1","Demon Form","Body Slam"],"max_hp_per_floor":[80,80,80,80,80,80,80,80,80,80,80,80,80,80],"relics":["Burning Blood","Gremlin Horn","Dodecahedron","Bottled Flame","Toolbox"],"card_choices":[{"not_picked":["Burning Pact","Perfected Strike"],"picked":"Second Wind","floor":1},{"not_picked":["Sword Boomerang","Burning Pact"],"picked":"Pummel","floor":4},{"not_picked":["Sword Boomerang","Hemokinesis"],"picked":"Clothesline","floor":6},{"not_picked":["Sword Boomerang","Clash"],"picked":"Warcry","floor":7},{"not_picked":["Clash","Second Wind"],"picked":"Metallicize","floor":8},{"not_picked":["Pummel","Hemokinesis"],"picked":"Demon Form","floor":11},{"not_picked":["Cleave","Sever Soul"],"picked":"Body Slam","floor":13}],"player_experience":14500,"potions_floor_usage":[11,14],"damage_taken":[{"damage":2,"enemies":"Small Slimes","floor":1,"turns":4},{"damage":0,"enemies":"2 Louse","floor":4,"turns":3},{"damage":31,"enemies":"3 Sentries","floor":6,"turns":10},{"damage":6,"enemies":"Cultist","floor":7,"turns":3},{"damage":0,"enemies":"Large Slime","floor":8,"turns":3},{"damage":25,"enemies":"Lagavulin","floor":11,"turns":7},{"damage":17,"enemies":"Lots of Slimes","floor":13,"turns":4},{"damage":45,"enemies":"Gremlin Nob","floor":14,"turns":6}],"relics_obtained":[{"floor":6,"key":"Dodecahedron"},{"floor":9,"key":"Bottled Flame"},{"floor":11,"key":"Toolbox"}],"event_choices":[{"event_name":"Scrap Ooze","player_choice":"success","floor":3,"damage_taken":12},{"event_name":"Match and Keep!","player_choice":"1 cards matched","floor":5,"damage_taken":0}],"boss_relics":[],"items_purged_floors":[2,10],"potions_floor_spawned":[1,6,7],"seed_played":"-2391293016132188867","killed_by":"Gremlin Nob","ascension_level":0,"potions_obtained":[{"floor":1,"key":"Dexterity Potion"},{"floor":6,"key":"Weak Potion"},{"floor":7,"key":"SkillPotion"}],"is_trial":false}