{"gold_per_floor":[111,31,31,31,31,31,42,42,42,42,42,59,59,72,72,143,193,203,217,39,39],"floor_reached":21,"playtime":679,"items_purged":[],"score":301,"play_id":"efee7841-68e0-4c9c-8f55-80c6c3a2c72c","local_time":"20190505223257","is_ascension_mode":true,"campfire_choices":[{"data":"Lockon","floor":6,"key":"SMITH"},{"data":"Streamline","floor":8,"key":"SMITH"},{"floor":10,"key":"DIG"},{"floor":15,"key":"DIG"}],"neow_cost":"CURSE","seed_source_timestamp":76100184281900,"circlet_count":0,"master_deck":["AscendersBane","Strike_B","Defend_B","Defend_B","Defend_B","Defend_B","Zap","Dualcast","Hello World","Lockon+1","Streamline+1","Capacitor","Seek","BootSequence","Sweeping Beam","Barrage","Electrodynamics+1","Hologram","Leap","Melter","Apotheosis"],"relics":["Cracked Core","Shovel","Bag of Marbles","Gremlin Horn","Tiny House"],"potions_floor_usage":[],"damage_taken":[{"damage":7,"enemies":"2 Louse","floor":1,"turns":3},{"damage":7,"enemies":"Jaw Worm","floor":7,"turns":3},{"damage":0,"enemies":"Cultist","floor":12,"turns":2},{"damage":4,"enemies":"Red Slaver","floor":14,"turns":3},{"damage":4,"enemies":"Slime Boss","floor":16,"turns":7},{"damage":31,"enemies":"2 Thieves","floor":18,"turns":4},{"damage":29,"enemies":"Shell Parasite","floor":19,"turns":6},{"damage":7,"enemies":"Shelled Parasite and Fungi","floor":21,"turns":2}],"seed_played":"2373448652013227126","potions_obtained":[{"floor":1,"key":"GamblersBrew"},{"floor":12,"key":"LiquidBronze"}],"is_trial":false,"path_per_floor":["M","$","?","?","?","R","M","R","T","R","$","M","$","M","R","B",null,"M","M","$","M"],"character_chosen":"DEFECT","items_purchased":["Capacitor","Apotheosis"],"campfire_rested":0,"item_purchase_floors":[2,20],"current_hp_per_floor":[57,57,57,50,50,50,43,43,43,43,43,43,43,39,39,35,67,36,7,7,0],"gold":39,"neow_bonus":"TRANSFORM_TWO_CARDS","is_prod":false,"is_daily":false,"chose_seed":false,"campfire_upgraded":2,"win_rate":0,"timestamp":1557109977,"path_taken":["M","$","?","?","?","R","M","R","T","R","?","M","$","?","R","BOSS","M","M","$","M"],"build_version":"2019-01-23","purchased_purges":0,"victory":false,"max_hp_per_floor":[71,71,71,71,71,71,71,71,71,71,71,71,71,71,71,71,76,76,76,76,76],"card_choices":[{"not_picked":["Rebound","Stack"],"picked":"Streamline","floor":1},{"not_picked":["Conserve Battery","Coolheaded"],"picked":"BootSequence","floor":7},{"not_picked":["Go for the Eyes","Streamline"],"picked":"Sweeping Beam","floor":12},{"not_picked":["Aggregate","Steam Power"],"picked":"Barrage","floor":14},{"not_picked":["Creative AI","Buffer"],"picked":"Electrodynamics","floor":16},{"not_picked":["Coolheaded","Scrape"],"picked":"Hologram","floor":17},{"not_picked":["Stack","Barrage"],"picked":"Leap","floor":18},{"not_picked":["Conserve Battery","Reprogram"],"picked":"Melter","floor":19}],"player_experience":2899058,"relics_obtained":[{"floor":9,"key":"Shovel"},{"floor":10,"key":"Bag of Marbles"},{"floor":15,"key":"Gremlin Horn"}],"event_choices":[{"damage_healed":0,"gold_gain":0,"player_choice":"Ignored","damage_taken":0,"max_hp_gain":0,"max_hp_loss":0,"event_name":"Golden Idol","floor":3,"gold_loss":0},{"cards_removed":["Shame"],"damage_healed":0,"gold_gain":0,"player_choice":"Card Removal","damage_taken":7,"max_hp_gain":0,"max_hp_loss":0,"event_name":"Golden Wing","floor":4,"gold_loss":0},{"damage_healed":0,"gold_gain":0,"cards_transformed":["Strike_B"],"player_choice":"Change","damage_taken":0,"max_hp_gain":0,"max_hp_loss":0,"event_name":"Living Wall","floor":5,"gold_loss":0,"cards_obtained":["Seek"]}],"is_beta":false,"boss_relics":[{"not_picked":["Coffee Dripper","Runic Dome"],"picked":"Tiny House"}],"items_purged_floors":[],"is_endless":false,"potions_floor_spawned":[1,12],"killed_by":"Shelled Parasite and Fungi","ascension_level":16}