{"gold_per_floor":[109,109,109,122,23,55,55,110,110,10,26,26,26,58,58,58],"floor_reached":16,"playtime":1301,"items_purged":["Defend_G","Strike_G"],"score":122,"play_id":"474bd34e-2a8e-4ba7-a4d7-8842d61bce54","local_time":"20180916062102","is_ascension_mode":true,"campfire_choices":[{"floor":7,"key":"REST"},{"floor":13,"key":"REST"},{"data":"After Image","floor":15,"key":"SMITH"}],"neow_cost":"NONE","seed_source_timestamp":26021023441259,"circlet_count":0,"master_deck":["Defend_G","Defend_G","Defend_G","Defend_G","Strike_G","Strike_G","Survivor","Neutralize","After Image+1","Flying Knee","Dodge and Roll","Dodge and Roll","Flying Knee","Deflect","Acrobatics","Well Laid Plans"],"relics":["Ring of the Snake","Shuriken","Boot","Art of War","Pear"],"potions_floor_usage":[6,8,14,16],"damage_taken":[{"damage":0,"enemies":"Small Slimes","floor":1,"turns":4},{"damage":0,"enemies":"Cultist","floor":4,"turns":5},{"damage":23,"enemies":"Lagavulin","floor":6,"turns":13},{"damage":26,"enemies":"Lagavulin Event","floor":8,"turns":9},{"damage":4,"enemies":"Jaw Worm","floor":11,"turns":6},{"damage":3,"enemies":"3 Sentries","floor":14,"turns":11},{"damage":68,"enemies":"Hexaghost","floor":16,"turns":19}],"seed_played":"-6500437775097015035","potions_obtained":[{"floor":1,"key":"SkillPotion"},{"floor":2,"key":"Dexterity Potion"},{"floor":2,"key":"Strength Potion"},{"floor":2,"key":"Explosive Potion"},{"floor":14,"key":"Energy Potion"}],"is_trial":false,"path_per_floor":["M","?","?","M","$","E","R","?","T","$","M","$","R","E","R"],"character_chosen":"THE_SILENT","items_purchased":["Dodge and Roll"],"campfire_rested":2,"item_purchase_floors":[5],"current_hp_per_floor":[70,70,63,63,63,40,61,35,35,35,31,31,52,59,59,0],"gold":58,"neow_bonus":"TRANSFORM_CARD","is_prod":false,"is_daily":false,"chose_seed":false,"campfire_upgraded":1,"win_rate":0,"timestamp":1537093262,"path_taken":["M","?","?","M","$","E","R","?","T","$","?","?","R","E","R","BOSS"],"build_version":"2018-09-06","purchased_purges":2,"victory":false,"max_hp_per_floor":[70,70,70,70,70,70,70,70,70,70,70,70,70,80,80,80],"card_choices":[{"not_picked":["Outmaneuver","Dagger Throw"],"picked":"Flying Knee","floor":1},{"not_picked":["Flying Knee","Dash"],"picked":"Dodge and Roll","floor":4},{"not_picked":["Slice","Outmaneuver"],"picked":"Flying Knee","floor":6},{"not_picked":["Unload","Flying Knee"],"picked":"Deflect","floor":8},{"not_picked":["Masterful Stab","Quick Slash"],"picked":"Acrobatics","floor":11},{"not_picked":["Flechettes","Acrobatics"],"picked":"Well Laid Plans","floor":14}],"player_experience":853354,"relics_obtained":[{"floor":6,"key":"Shuriken"},{"floor":8,"key":"Boot"},{"floor":9,"key":"Art of War"},{"floor":14,"key":"Pear"}],"event_choices":[{"event_name":"The Lab","player_choice":"Got Potions","floor":2,"damage_taken":0},{"event_name":"Golden Wing","player_choice":"Card Removal","floor":3,"damage_taken":0},{"event_name":"Dead Adventurer","player_choice":"Searched \u00272\u0027 times","floor":8,"damage_taken":0}],"is_beta":false,"boss_relics":[],"items_purged_floors":[5,10],"is_endless":false,"potions_floor_spawned":[1,4,14],"killed_by":"Hexaghost","ascension_level":3}