{"gold_per_floor":[119,119,194,194,194,222,238,250,250,284,89,89,89,116,116,219,219,237,67,83,95,22,22,22,39,114,114,129,129,142,161,161,260,310,321,321,337,147,165,165,178,178,178,192,192,203,203,223,223,223],"floor_reached":50,"playtime":4473,"items_purged":["Strike_B","Defend_B"],"score":589,"play_id":"81f8c174-2047-4da9-9e56-0fafc770392e","local_time":"20181116170820","is_ascension_mode":false,"campfire_choices":[{"data":"Darkness","floor":13,"key":"SMITH"},{"floor":15,"key":"REST"},{"data":"Rainbow","floor":23,"key":"SMITH"},{"data":"Jack Of All Trades","floor":27,"key":"SMITH"},{"data":"Strike_B","floor":32,"key":"PURGE"},{"floor":40,"key":"REST"},{"data":"Parasite","floor":42,"key":"PURGE"},{"data":"Defend_B","floor":45,"key":"PURGE"},{"data":"Defend_B","floor":47,"key":"PURGE"},{"data":"Dualcast","floor":49,"key":"SMITH"}],"neow_cost":"NONE","seed_source_timestamp":2731163397460,"circlet_count":0,"master_deck":["Strike_B","Defend_B+1","Zap+1","Dualcast+1","Self Repair+1","Darkness+1","Conserve Battery","Leap","Cold Snap","FTL","Jack Of All Trades+1","Seek","Rainbow+1","Ball Lightning+1","FTL","Loop","Self Repair","Beam Cell","Coolheaded","Cold Snap+1","Loop","Capacitor","Defragment","Tempest+1","Buffer","Capacitor","Static Discharge+1","White Noise+1","Defragment","Blizzard","Coolheaded","Auto Shields+1","Self Repair+1","Barrage+1","Capacitor"],"relics":["Cracked Core","NeowsBlessing","Incense Burner","Bag of Preparation","Matryoshka","Peace Pipe","Ancient Tea Set","Sozu","FaceOfCleric","Sundial","Happy Flower","Tiny House","Strawberry","Meat on the Bone"],"potions_floor_usage":[8,10],"damage_taken":[{"damage":0,"enemies":"Cultist","floor":1,"turns":1},{"damage":0,"enemies":"Lagavulin","floor":6,"turns":1},{"damage":0,"enemies":"2 Louse","floor":7,"turns":1},{"damage":3,"enemies":"Small Slimes","floor":8,"turns":2},{"damage":12,"enemies":"3 Sentries","floor":10,"turns":8},{"damage":1,"enemies":"Lagavulin","floor":14,"turns":5},{"damage":0,"enemies":"Slime Boss","floor":16,"turns":7},{"damage":3,"enemies":"3 Byrds","floor":18,"turns":4},{"damage":8,"enemies":"Shell Parasite","floor":20,"turns":4},{"damage":21,"enemies":"Snake Plant","floor":21,"turns":5},{"damage":14,"enemies":"Sentry and Sphere","floor":25,"turns":4},{"damage":2,"enemies":"Centurion and Healer","floor":28,"turns":5},{"damage":7,"enemies":"Chosen and Byrds","floor":30,"turns":6},{"damage":19,"enemies":"Snake Plant","floor":31,"turns":4},{"damage":44,"enemies":"Automaton","floor":33,"turns":9},{"damage":43,"enemies":"3 Darklings","floor":35,"turns":6},{"damage":6,"enemies":"3 Shapes","floor":37,"turns":7},{"damage":46,"enemies":"3 Darklings","floor":39,"turns":6},{"damage":1,"enemies":"Writhing Mass","floor":41,"turns":6},{"damage":51,"enemies":"Sphere and 2 Shapes","floor":44,"turns":6},{"damage":18,"enemies":"Transient","floor":46,"turns":5},{"damage":18,"enemies":"3 Darklings","floor":48,"turns":4},{"damage":97,"enemies":"Awakened One","floor":50,"turns":7}],"seed_played":"6827935600985631810","potions_obtained":[{"floor":6,"key":"Swift Potion"},{"floor":7,"key":"FocusPotion"},{"floor":10,"key":"FearPotion"}],"is_trial":false,"path_per_floor":["M","?","?","?","?","E","M","M","T","E","$","?","R","E","R","B",null,"M","$","M","M","$","R","?","M","T","R","M","?","M","M","R","B",null,"M","?","M","$","M","R","M","R","T","M","R","M","R","M","R","B"],"character_chosen":"DEFECT","items_purchased":["FTL","Jack Of All Trades","FTL","Beam Cell","Coolheaded","Defragment","Blizzard","Coolheaded"],"campfire_rested":2,"item_purchase_floors":[11,11,19,22,22,38,38,38],"current_hp_per_floor":[75,42,31,16,16,26,26,33,33,31,31,31,31,30,52,62,75,75,75,75,64,64,64,64,68,68,68,77,77,78,70,70,44,85,60,52,64,64,36,62,79,79,86,75,75,85,85,85,85,0],"gold":223,"neow_bonus":"THREE_ENEMY_KILL","is_prod":false,"is_daily":false,"chose_seed":false,"campfire_upgraded":4,"win_rate":0.0,"timestamp":1542406100,"path_taken":["M","?","?","?","?","E","M","M","T","E","$","?","R","E","R","BOSS","M","$","?","M","$","R","?","M","T","R","?","?","M","M","R","BOSS","M","?","?","$","M","R","M","R","T","M","R","M","R","M","R","BOSS"],"build_version":"2018-11-15","purchased_purges":2,"victory":false,"max_hp_per_floor":[75,75,75,75,75,75,75,75,75,75,75,75,75,75,75,75,75,75,75,75,75,75,75,75,76,76,76,77,77,78,79,79,80,85,86,86,87,87,88,88,89,86,93,94,94,95,95,96,96,96],"card_choices":[{"not_picked":["Barrage","Compile Driver"],"picked":"Self Repair","floor":1},{"not_picked":["Ball Lightning","Stack"],"picked":"Darkness","floor":6},{"not_picked":["Skim","Aggregate"],"picked":"Conserve Battery","floor":7},{"not_picked":["Barrage","Stack"],"picked":"Leap","floor":8},{"not_picked":["Conserve Battery","Hologram"],"picked":"Cold Snap","floor":10},{"not_picked":["Blizzard","Multi-Cast"],"picked":"Seek","floor":14},{"not_picked":["Creative AI","Seek"],"picked":"Rainbow","floor":16},{"not_picked":["Beam Cell","Compile Driver"],"picked":"Ball Lightning+1","floor":18},{"not_picked":["Leap+1","Beam Cell"],"picked":"Loop","floor":20},{"not_picked":["Steam","Streamline"],"picked":"Self Repair","floor":21},{"not_picked":["Steam","Multi-Cast"],"picked":"Cold Snap+1","floor":25},{"not_picked":["Sweeping Beam+1","Go for the Eyes"],"picked":"Loop","floor":28},{"not_picked":["Skim","Gash+1"],"picked":"Defragment","floor":30},{"not_picked":["Steam","Beam Cell"],"picked":"Tempest","floor":31},{"not_picked":["Machine Learning","Seek"],"picked":"Buffer","floor":33},{"not_picked":["Doom and Gloom","Lockon"],"picked":"Capacitor","floor":34},{"not_picked":["Conserve Battery+1","Leap+1"],"picked":"Static Discharge+1","floor":35},{"not_picked":["Fusion+1","Rip and Tear"],"picked":"White Noise+1","floor":37},{"not_picked":["FTL+1","Go for the Eyes"],"picked":"Auto Shields+1","floor":39},{"not_picked":["Leap","Storm+1"],"picked":"Self Repair+1","floor":41},{"not_picked":["Compile Driver+1","Reprogram"],"picked":"Barrage+1","floor":44},{"not_picked":["Go for the Eyes","Auto Shields+1"],"picked":"Capacitor","floor":46},{"not_picked":["Redo","Gash","Conserve Battery+1"],"picked":"SKIP","floor":48}],"player_experience":3523,"relics_obtained":[{"floor":6,"key":"Bag of Preparation"},{"floor":9,"key":"Matryoshka"},{"floor":10,"key":"Peace Pipe"},{"floor":14,"key":"Ancient Tea Set"},{"floor":26,"key":"Sundial"},{"floor":26,"key":"Happy Flower"},{"floor":43,"key":"Strawberry"},{"floor":43,"key":"Meat on the Bone"}],"event_choices":[{"damage_healed":0,"gold_gain":0,"player_choice":"Success","damage_taken":33,"relics_obtained":["Incense Burner"],"max_hp_gain":0,"max_hp_loss":0,"event_name":"Scrap Ooze","floor":2,"gold_loss":0},{"damage_healed":0,"gold_gain":75,"player_choice":"Gather Gold","damage_taken":11,"max_hp_gain":0,"max_hp_loss":0,"event_name":"World of Goop","floor":3,"gold_loss":0},{"damage_healed":0,"gold_gain":0,"player_choice":"Entered Light","damage_taken":15,"max_hp_gain":0,"max_hp_loss":0,"event_name":"Shining Light","floor":4,"gold_loss":0,"cards_upgraded":["Self Repair","Defend_B"]},{"cards_removed":["Strike_B"],"damage_healed":0,"gold_gain":0,"player_choice":"Forget","damage_taken":0,"max_hp_gain":0,"max_hp_loss":0,"event_name":"Living Wall","floor":5,"gold_loss":0},{"damage_healed":0,"gold_gain":0,"player_choice":"Upgraded","damage_taken":0,"max_hp_gain":0,"max_hp_loss":0,"event_name":"Upgrade Shrine","floor":12,"gold_loss":0,"cards_upgraded":["Zap"]},{"damage_healed":0,"gold_gain":0,"player_choice":"Trade","damage_taken":0,"relics_obtained":["FaceOfCleric"],"max_hp_gain":0,"max_hp_loss":0,"event_name":"FaceTrader","floor":24,"gold_loss":0},{"damage_healed":0,"gold_gain":0,"player_choice":"Read","damage_taken":0,"max_hp_gain":0,"max_hp_loss":0,"event_name":"The Library","floor":29,"gold_loss":0,"cards_obtained":["Capacitor"]},{"damage_healed":0,"gold_gain":0,"player_choice":"Damaged","damage_taken":8,"max_hp_gain":0,"max_hp_loss":0,"event_name":"Wheel of Change","floor":36,"gold_loss":0}],"is_beta":false,"boss_relics":[{"not_picked":["White Beast Statue","Black Star"],"picked":"Sozu"},{"not_picked":["Runic Dome","Velvet Choker"],"picked":"Tiny House"}],"items_purged_floors":[11,19],"is_endless":false,"potions_floor_spawned":[6,7,10,25,30,35,41,46,48],"killed_by":"Awakened One","ascension_level":0}