{"gold_per_floor":[110,129,4,14,38,38,57,91,173,208,221,221,221,240,240,339,339,352,41,56,74,74,107,107,127,127,31,45,64,64,78,78,181,181,191,245,245,245],"floor_reached":38,"playtime":2651,"items_purged":["Clumsy"],"score":483,"play_id":"8ea9aa02-cb24-475d-87bf-abdf94d202fc","local_time":"20180703165854","is_ascension_mode":false,"campfire_choices":[{"data":"Deadly Poison","floor":6,"key":"SMITH"},{"data":"Die Die Die","floor":13,"key":"SMITH"},{"floor":15,"key":"REST"},{"floor":24,"key":"REST"},{"floor":30,"key":"REST"},{"floor":32,"key":"REST"}],"neow_cost":"CURSE","seed_source_timestamp":38488791895315,"circlet_count":0,"master_deck":["Defend_G","Defend_G","Defend_G","Defend_G","Defend_G","Strike_G","Strike_G+1","Strike_G+1","Strike_G","Strike_G","Survivor","Neutralize","Deadly Poison+1","Slice","Dagger Spray","Flying Knee","Backflip","Leg Sweep","Die Die Die+1","Deadly Poison","Acrobatics","Corpse Explosion","Deadly Poison+1","Footwork","Flechettes","Apotheosis","Bouncing Flask+1","Poisoned Stab","Caltrops+1","Deflect","Deflect","Poisoned Stab","Bane","PiercingWail+1","Poisoned Stab","Deadly Poison+1"],"relics":["Ring of the Snake","Bronze Scales","Orichalcum","Mercury Hourglass","Boot","Lizard Tail","Strawberry","Bottled Tornado","Black Star","Girya"],"potions_floor_usage":[8,23,23,29,36],"damage_taken":[{"damage":1,"enemies":"Cultist","floor":1,"turns":5},{"damage":0,"enemies":"2 Louse","floor":2,"turns":4},{"damage":2,"enemies":"Small Slimes","floor":4,"turns":3},{"damage":3,"enemies":"2 Fungi Beasts","floor":7,"turns":3},{"damage":29,"enemies":"Gremlin Nob","floor":8,"turns":5},{"damage":11,"enemies":"Lagavulin","floor":10,"turns":6},{"damage":0,"enemies":"3 Louse","floor":11,"turns":1},{"damage":0,"enemies":"Lots of Slimes","floor":14,"turns":3},{"damage":36,"enemies":"The Guardian","floor":16,"turns":10},{"damage":2,"enemies":"Shell Parasite","floor":18,"turns":5},{"damage":20,"enemies":"2 Thieves","floor":20,"turns":3},{"damage":17,"enemies":"3 Cultists","floor":21,"turns":5},{"damage":52,"enemies":"Slavers","floor":23,"turns":5},{"damage":42,"enemies":"Centurion and Healer","floor":25,"turns":6},{"damage":23,"enemies":"Snake Plant","floor":28,"turns":3},{"damage":0,"enemies":"Chosen and Byrds","floor":29,"turns":6},{"damage":9,"enemies":"Snecko","floor":31,"turns":5},{"damage":34,"enemies":"Champ","floor":33,"turns":13},{"damage":42,"enemies":"3 Darklings","floor":35,"turns":4},{"damage":38,"floor":36,"turns":5},{"damage":13,"enemies":"Donu and Deca","floor":38,"turns":2}],"seed_played":"6351605799979838845","potions_obtained":[{"floor":1,"key":"GhostInAJar"},{"floor":8,"key":"SteroidPotion"},{"floor":16,"key":"SneckoOil"},{"floor":23,"key":"FearPotion"},{"floor":25,"key":"Swift Potion"},{"floor":31,"key":"SmokeBomb"},{"floor":33,"key":"GamblersBrew"},{"floor":36,"key":"PowerPotion"}],"is_trial":false,"path_per_floor":["M","M","$","M","T","R","M","E","T","E","M","?","R","M","R","B",null,"M","$","M","M","?","E","R","M","T","$","M","M","R","M","R","B",null,"M","?","?"],"character_chosen":"THE_SILENT","items_purchased":["Dagger Spray","Footwork","Flechettes","Apotheosis","Deflect","Poisoned Stab"],"campfire_rested":4,"item_purchase_floors":[3,19,19,19,27,27],"current_hp_per_floor":[83,83,83,81,81,81,78,49,49,38,38,21,21,21,46,10,84,82,82,62,45,45,42,69,27,27,27,4,4,31,22,49,15,91,49,11,11,0],"gold":245,"neow_bonus":"TWENTY_PERCENT_HP_BONUS","is_prod":false,"is_daily":false,"chose_seed":false,"campfire_upgraded":2,"win_rate":0.0,"timestamp":1530651534,"path_taken":["M","M","$","M","?","R","M","E","T","E","M","?","R","M","R","BOSS","M","$","M","?","?","E","R","?","T","?","M","M","R","M","R","BOSS","M","?","?","BOSS"],"build_version":"2018-06-28","purchased_purges":1,"victory":false,"max_hp_per_floor":[84,84,84,84,84,84,84,84,84,84,84,84,84,84,84,84,84,84,84,84,84,84,91,91,91,91,91,91,91,91,91,91,91,91,91,91,91,91],"card_choices":[{"not_picked":["Blur","Distraction"],"picked":"Deadly Poison","floor":1},{"not_picked":["Expertise","Distraction"],"picked":"Slice","floor":2},{"not_picked":["Dagger Spray","Eviscerate"],"picked":"Flying Knee","floor":4},{"not_picked":["Predator","Dodge and Roll"],"picked":"Backflip","floor":7},{"not_picked":["Outmaneuver","Masterful Stab"],"picked":"Leg Sweep","floor":8},{"not_picked":["Flechettes","Caltrops"],"picked":"Die Die Die","floor":10},{"not_picked":["Slice","Leg Sweep"],"picked":"Deadly Poison","floor":11},{"not_picked":["Dagger Spray","PiercingWail"],"picked":"Acrobatics","floor":14},{"not_picked":["A Thousand Cuts","Night Terror"],"picked":"Corpse Explosion","floor":16},{"not_picked":["Eviscerate","Deflect"],"picked":"Deadly Poison+1","floor":18},{"not_picked":["Backflip+1","Slice"],"picked":"Bouncing Flask+1","floor":20},{"not_picked":["Underhanded Strike","Night Terror"],"picked":"Poisoned Stab","floor":21},{"not_picked":["Skewer","Quick Slash"],"picked":"Caltrops+1","floor":23},{"not_picked":["Distraction+1","Prepared"],"picked":"Deflect","floor":25},{"not_picked":["Flying Knee","Backflip"],"picked":"Bane","floor":28},{"not_picked":["Sucker Punch","Deflect"],"picked":"PiercingWail+1","floor":29},{"not_picked":["Backflip","Quick Slash"],"picked":"Poisoned Stab","floor":31},{"not_picked":["All Out Attack","Quick Slash+1"],"picked":"Deadly Poison+1","floor":35}],"player_experience":121601,"relics_obtained":[{"floor":5,"key":"Bronze Scales"},{"floor":8,"key":"Orichalcum"},{"floor":9,"key":"Mercury Hourglass"},{"floor":10,"key":"Boot"},{"floor":23,"key":"Strawberry"},{"floor":26,"key":"Bottled Tornado"},{"floor":36,"key":"Girya"}],"event_choices":[{"event_name":"Shining Light","player_choice":"Entered Light","floor":12,"damage_taken":0},{"event_name":"Ghosts","player_choice":"Ignored","floor":22,"damage_taken":0},{"event_name":"Mysterious Sphere","player_choice":"Fight","floor":36,"damage_taken":0},{"event_name":"SecretPortal","player_choice":"Took Portal.","floor":37,"damage_taken":0}],"boss_relics":[{"not_picked":["Fusion Hammer","Philosopher\u0027s Stone"],"picked":"Lizard Tail"},{"not_picked":["Coffee Dripper","Astrolabe"],"picked":"Black Star"}],"items_purged_floors":[3],"is_endless":false,"potions_floor_spawned":[1,8,16,23,25,31,33,36],"killed_by":"Donu and Deca","ascension_level":0}