{"gold_per_floor":[115,215,230,4,4,4,34,45,101,101,111,111,11,31,31,127,127,142,142,17,17,35,35,66,66,66,81,116,116,131,51,51,156,156,168,179,193,210,129,129],"floor_reached":40,"playtime":2013,"items_purged":["Defend_R","Defend_R","Corruption"],"score":618,"play_id":"8255f1d4-fd3f-473f-91fc-bc4c4c8c221e","local_time":"20180726230806","is_ascension_mode":true,"campfire_choices":[{"data":"Clash","floor":6,"key":"SMITH"},{"data":"Rage","floor":10,"key":"SMITH"},{"data":"Rampage","floor":12,"key":"SMITH"},{"data":"Metallicize","floor":15,"key":"SMITH"},{"data":"Clash","floor":23,"key":"SMITH"},{"floor":29,"key":"REST"},{"data":"Limit Break","floor":32,"key":"SMITH"}],"neow_cost":"NONE","seed_source_timestamp":3460587112583551,"circlet_count":0,"master_deck":["Strike_R+1","Strike_R","Strike_R+1","Strike_R","Strike_R","Defend_R","Bash","Limit Break+1","Clash+1","Heavy Blade","Rage+1","Rampage+1","Metallicize+1","Offering","Clash+1","Headbutt","Metallicize","Rupture"],"relics":["Burning Blood","Whetstone","Orichalcum","Tiny Chest","Busted Crown","Bronze Scales","Darkstone Periapt","Blue Candle","Cursed Key"],"potions_floor_usage":[16,16,24,33,37,38,40,40],"damage_taken":[{"damage":0,"enemies":"Small Slimes","floor":1,"turns":3},{"damage":1,"enemies":"Cultist","floor":3,"turns":4},{"damage":40,"enemies":"Lagavulin","floor":7,"turns":5},{"damage":1,"enemies":"2 Louse","floor":8,"turns":3},{"damage":6,"enemies":"Looter","floor":11,"turns":2},{"damage":17,"enemies":"Exordium Thugs","floor":14,"turns":4},{"damage":24,"enemies":"Slime Boss","floor":16,"turns":9},{"damage":6,"enemies":"Spheric Guardian","floor":18,"turns":3},{"damage":10,"enemies":"Shell Parasite","floor":22,"turns":3},{"damage":15,"enemies":"Slavers","floor":24,"turns":7},{"damage":9,"enemies":"Centurion and Healer","floor":27,"turns":4},{"damage":31,"enemies":"Gremlin Leader","floor":28,"turns":6},{"damage":8,"enemies":"Cultist and Chosen","floor":30,"turns":4},{"damage":24,"enemies":"Champ","floor":33,"turns":6},{"damage":15,"enemies":"Orb Walker","floor":35,"turns":3},{"damage":34,"enemies":"3 Darklings","floor":36,"turns":6},{"damage":0,"enemies":"4 Shapes","floor":37,"turns":61},{"damage":5,"enemies":"Transient","floor":38,"turns":5},{"damage":58,"enemies":"Giant Head","floor":40,"turns":6}],"seed_played":"5178945450380106767","potions_obtained":[{"floor":3,"key":"Dexterity Potion"},{"floor":7,"key":"BloodPotion"},{"floor":11,"key":"EssenceOfSteel"},{"floor":22,"key":"AttackPotion"},{"floor":24,"key":"Strength Potion"},{"floor":28,"key":"Explosive Potion"},{"floor":35,"key":"EssenceOfSteel"},{"floor":37,"key":"GamblersBrew"}],"is_trial":false,"path_per_floor":["M","?","M","$","?","R","E","M","T","R","M","R","$","M","R","B",null,"M","?","$","?","M","R","E","$","T","M","E","R","M","$","R","B",null,"M","M","M","M","$"],"character_chosen":"IRONCLAD","items_purchased":["Whetstone","Metallicize","Rupture"],"campfire_rested":1,"item_purchase_floors":[4,31,39],"current_hp_per_floor":[78,78,80,80,80,80,46,51,51,51,51,51,51,40,40,30,68,68,68,68,68,64,64,55,55,55,52,27,51,49,49,49,31,68,59,31,37,38,38,0],"gold":129,"neow_bonus":"ONE_RANDOM_RARE_CARD","is_prod":false,"is_daily":false,"chose_seed":false,"campfire_upgraded":6,"win_rate":0,"timestamp":1532639286,"path_taken":["M","?","?","?","?","R","E","M","T","R","?","R","$","M","R","BOSS","M","?","$","?","M","R","E","?","T","?","E","R","M","$","R","BOSS","M","M","M","M","$","E"],"build_version":"2018-07-19v2","purchased_purges":3,"victory":false,"max_hp_per_floor":[80,80,80,80,80,80,80,80,80,80,80,80,80,80,80,80,80,80,80,80,80,80,80,80,80,80,80,80,80,80,80,80,80,80,80,80,80,80,80,80],"card_choices":[{"not_picked":["Sentinel","Entrench"],"picked":"Clash","floor":1},{"not_picked":["Warcry","Body Slam"],"picked":"Heavy Blade","floor":3},{"not_picked":["Armaments","Headbutt","Body Slam"],"picked":"SKIP","floor":7},{"not_picked":["Iron Wave","Armaments"],"picked":"Rage","floor":8},{"not_picked":["Fire Breathing","Twin Strike"],"picked":"Rampage","floor":11},{"not_picked":["Body Slam","Pommel Strike"],"picked":"Metallicize","floor":14},{"not_picked":["Reaper","Dark Embrace"],"picked":"Offering","floor":16},{"not_picked":["Perfected Strike"],"picked":"SKIP","floor":18},{"not_picked":["Headbutt"],"picked":"SKIP","floor":22},{"not_picked":["Headbutt"],"picked":"SKIP","floor":22},{"not_picked":[],"picked":"Headbutt","floor":22},{"not_picked":["Clothesline"],"picked":"SKIP","floor":24},{"not_picked":["Heavy Blade"],"picked":"SKIP","floor":27},{"not_picked":["Twin Strike"],"picked":"SKIP","floor":28},{"not_picked":["Perfected Strike"],"picked":"SKIP","floor":30},{"not_picked":["Sword Boomerang"],"picked":"SKIP","floor":35},{"not_picked":["Shrug It Off"],"picked":"SKIP","floor":36},{"not_picked":["Shockwave"],"picked":"SKIP","floor":37},{"not_picked":["Heavy Blade"],"picked":"SKIP","floor":38}],"player_experience":378728,"relics_obtained":[{"floor":7,"key":"Orichalcum"},{"floor":9,"key":"Tiny Chest"},{"floor":24,"key":"Bronze Scales"},{"floor":26,"key":"Darkstone Periapt"},{"floor":28,"key":"Blue Candle"}],"event_choices":[{"event_name":"Wheel of Change","player_choice":"Gold","floor":2,"damage_taken":0},{"event_name":"The Cleric","player_choice":"Leave","floor":5,"damage_taken":0},{"event_name":"Transmorgrifier","player_choice":"Transform","floor":19,"damage_taken":0},{"event_name":"The Library","player_choice":"Read","floor":21,"damage_taken":0}],"is_beta":false,"boss_relics":[{"not_picked":["Fusion Hammer","Calling Bell"],"picked":"Busted Crown"},{"not_picked":["Pandora\u0027s Box","Black Blood"],"picked":"Cursed Key"}],"items_purged_floors":[4,13,20],"is_endless":false,"potions_floor_spawned":[3,7,11,22,24,28,35,37],"killed_by":"Giant Head","ascension_level":9}