{"gold_per_floor":[209,209,209,227,242,242,266,266,266,306,157,157,178,191,191,321,321,336,154,154,177,27,27,40,40,86,86,86,86,111,186,186,306,306,327,377],"floor_reached":36,"playtime":2156,"items_purged":["Strike_B","Defend_B"],"score":419,"play_id":"8b2011f1-bbe7-4641-a0c3-265e2764c13f","local_time":"20190106182033","is_ascension_mode":true,"campfire_choices":[{"floor":6,"key":"RECALL"},{"data":"Chaos","floor":12,"key":"SMITH"},{"floor":15,"key":"REST"},{"data":"Dualcast","floor":23,"key":"SMITH"},{"data":"Defragment","floor":25,"key":"SMITH"},{"data":"Capacitor","floor":27,"key":"SMITH"},{"floor":32,"key":"REST"}],"neow_cost":"NONE","seed_source_timestamp":277383081794140,"circlet_count":0,"master_deck":["Strike_B","Defend_B+1","Defend_B","Zap+1","Dualcast+1","Chaos+1","Conserve Battery","Cold Snap","Machine Learning","Capacitor+1","Lockon","Reboot","Redo+1","Streamline+1","Ball Lightning+1","Consume+1","Defragment+1","Blizzard","FTL","Cold Snap","Multi-Cast","Barrage+1"],"relics":["Cracked Core","Golden Idol","Torii","War Paint","Astrolabe","Omamori","Bag of Marbles","MutagenicStrength","SsserpentHead","Sozu"],"potions_floor_usage":[14,16,21,21,24,31,33,33],"damage_taken":[{"damage":10,"enemies":"Small Slimes","floor":1,"turns":3},{"damage":1,"enemies":"Cultist","floor":4,"turns":3},{"damage":2,"enemies":"2 Louse","floor":5,"turns":3},{"damage":10,"enemies":"Blue Slaver","floor":7,"turns":4},{"damage":27,"enemies":"3 Sentries","floor":10,"turns":12},{"damage":12,"enemies":"Exordium Thugs","floor":13,"turns":5},{"damage":9,"enemies":"3 Louse","floor":14,"turns":3},{"damage":12,"enemies":"The Guardian","floor":16,"turns":9},{"damage":0,"enemies":"Chosen","floor":18,"turns":3},{"damage":16,"enemies":"2 Thieves","floor":21,"turns":4},{"damage":9,"enemies":"Snake Plant","floor":24,"turns":3},{"damage":3,"enemies":"Snecko","floor":30,"turns":5},{"damage":13,"enemies":"3 Cultists","floor":31,"turns":4},{"damage":17,"enemies":"Collector","floor":33,"turns":8},{"damage":1,"enemies":"Orb Walker","floor":35,"turns":2},{"damage":102,"enemies":"2 Orb Walkers","floor":36,"turns":5}],"seed_played":"-3195532905020040813","potions_obtained":[{"floor":1,"key":"LiquidBronze"},{"floor":10,"key":"Poison Potion"},{"floor":14,"key":"AttackPotion"},{"floor":20,"key":"SmokeBomb"},{"floor":20,"key":"EntropicBrew"},{"floor":20,"key":"EssenceOfSteel"},{"floor":24,"key":"Energy Potion"},{"floor":30,"key":"FairyPotion"},{"floor":31,"key":"EssenceOfSteel"}],"is_trial":false,"path_per_floor":["M","?","?","M","M","R","M","?","T","E","$","R","M","M","R","B",null,"M","$","?","M","$","R","M","R","T","R","?","?","M","M","R","B",null,"M","?"],"character_chosen":"DEFECT","items_purchased":["Capacitor","Defragment","Omamori"],"campfire_rested":2,"item_purchase_floors":[11,19,22],"current_hp_per_floor":[65,47,47,46,44,44,34,59,59,32,32,32,20,11,33,21,75,75,75,75,59,59,59,50,50,50,50,50,50,47,34,56,39,75,74,0],"gold":377,"neow_bonus":"HUNDRED_GOLD","is_prod":false,"is_daily":false,"chose_seed":false,"campfire_upgraded":4,"win_rate":0,"timestamp":1546816833,"path_taken":["M","?","?","M","M","R","?","?","T","E","$","R","M","M","R","BOSS","M","$","?","M","?","R","M","R","T","R","?","?","M","?","R","BOSS","M","?"],"build_version":"2019-01-03v4","purchased_purges":2,"victory":false,"max_hp_per_floor":[75,75,75,75,75,75,75,75,75,75,75,75,75,75,75,75,75,75,75,75,75,75,75,75,75,75,75,75,75,75,75,75,75,75,75,75],"card_choices":[{"not_picked":["Rip and Tear","Beam Cell"],"picked":"Chaos","floor":1},{"not_picked":["Ball Lightning","Compile Driver"],"picked":"Conserve Battery","floor":4},{"not_picked":["Go for the Eyes","Steam","Rebound"],"picked":"SKIP","floor":5},{"not_picked":["White Noise","Turbo"],"picked":"Cold Snap","floor":7},{"not_picked":["Redo","Conserve Battery"],"picked":"Machine Learning","floor":10},{"not_picked":["Scrape","Double Energy","Leap"],"picked":"SKIP","floor":13},{"not_picked":["Stack","Double Energy"],"picked":"Lockon","floor":14},{"not_picked":["Thunder Strike","Hyperbeam"],"picked":"Reboot","floor":16},{"not_picked":["Gash","Sunder"],"picked":"Consume+1","floor":18},{"not_picked":["Streamline+1","Heatsinks"],"picked":"Blizzard","floor":21},{"not_picked":["Compile Driver","Coolheaded"],"picked":"FTL","floor":24},{"not_picked":["Go for the Eyes","Reprogram+1","Skim"],"picked":"SKIP","floor":30},{"not_picked":["Genetic Algorithm","Streamline"],"picked":"Cold Snap","floor":31},{"not_picked":["Meteor Strike","Reboot"],"picked":"Multi-Cast","floor":33},{"not_picked":["Leap","Streamline"],"picked":"Barrage+1","floor":35}],"player_experience":253676,"relics_obtained":[{"floor":10,"key":"War Paint"},{"floor":26,"key":"Bag of Marbles"}],"event_choices":[{"damage_healed":0,"gold_gain":0,"player_choice":"Take Damage","damage_taken":18,"relics_obtained":["Golden Idol"],"max_hp_gain":0,"max_hp_loss":0,"event_name":"Golden Idol","floor":2,"gold_loss":0},{"damage_healed":0,"gold_gain":0,"player_choice":"Gave Potion","damage_taken":0,"relics_obtained":["Torii"],"max_hp_gain":0,"max_hp_loss":0,"event_name":"WeMeetAgain","floor":3,"gold_loss":0},{"damage_healed":25,"gold_gain":0,"player_choice":"Banana","damage_taken":0,"max_hp_gain":0,"max_hp_loss":0,"event_name":"Big Fish","floor":8,"gold_loss":0},{"damage_healed":0,"gold_gain":0,"player_choice":"Got Potions","damage_taken":0,"max_hp_gain":0,"max_hp_loss":0,"event_name":"Lab","floor":20,"gold_loss":0},{"damage_healed":0,"gold_gain":0,"player_choice":"Inject Mutagens","damage_taken":0,"relics_obtained":["MutagenicStrength"],"max_hp_gain":0,"max_hp_loss":0,"event_name":"Drug Dealer","floor":28,"gold_loss":0},{"damage_healed":0,"gold_gain":0,"player_choice":"Trade","damage_taken":0,"relics_obtained":["SsserpentHead"],"max_hp_gain":0,"max_hp_loss":0,"event_name":"FaceTrader","floor":29,"gold_loss":0},{"damage_healed":0,"gold_gain":0,"player_choice":"Fight","damage_taken":0,"max_hp_gain":0,"max_hp_loss":0,"event_name":"Mysterious Sphere","floor":36,"gold_loss":0}],"is_beta":false,"boss_relics":[{"not_picked":["Orrery","Busted Crown"],"picked":"Astrolabe"},{"not_picked":["Coffee Dripper","FrozenCore"],"picked":"Sozu"}],"items_purged_floors":[11,19],"is_endless":false,"potions_floor_spawned":[1,10,14,24,30,31,35],"killed_by":"2 Orb Walkers","ascension_level":3}