{"gold_per_floor":[109,109,119,135,135,179,191,223,235,260,52,132,40,59,59,182,182,202,218,218,233,4,4,4],"floor_reached":24,"playtime":3452,"items_purged":[],"score":297,"play_id":"f1ffc5d9-95ab-48f5-b581-c6abd19825aa","local_time":"20190302182038","is_ascension_mode":true,"campfire_choices":[{"floor":15.0,"key":"REST"},{"floor":23,"key":"REST"}],"neow_cost":"NONE","seed_source_timestamp":0,"circlet_count":0,"master_deck":["AscendersBane","Defend_G","Defend_G+1","Defend_G","Defend_G","Defend_G","Strike_G","Strike_G","Strike_G","Strike_G","Survivor+1","Neutralize","Dagger Spray","Crippling Poison","Quick Slash","Crippling Poison","PiercingWail","Corpse Explosion","Flash of Steel","Dodge and Roll","Well Laid Plans","Venomology","Venomology","Dash","Noxious Fumes+1","Necronomicurse"],"special_seed":0,"relics":["Ring of the Serpent","Golden Idol","MawBank","War Paint","Shuriken","Necronomicon","Lantern"],"potions_floor_usage":[18,21,24,24,24,24,24],"damage_taken":[{"damage":0.0,"enemies":"Small Slimes","floor":1.0,"turns":3.0},{"damage":4.0,"enemies":"Jaw Worm","floor":3.0,"turns":5.0},{"damage":0.0,"enemies":"2 Louse","floor":4.0,"turns":2.0},{"damage":30.0,"enemies":"Gremlin Nob","floor":6.0,"turns":5.0},{"damage":6.0,"enemies":"Blue Slaver","floor":8.0,"turns":5.0},{"damage":3.0,"enemies":"2 Fungi Beasts","floor":10.0,"turns":4.0},{"damage":6.0,"enemies":"3 Sentries","floor":12.0,"turns":5.0},{"damage":3.0,"enemies":"Gremlin Gang","floor":14.0,"turns":3.0},{"damage":20.0,"enemies":"Hexaghost","floor":16.0,"turns":12.0},{"damage":19,"enemies":"Shell Parasite","floor":18,"turns":8},{"damage":2,"enemies":"3 Byrds","floor":19,"turns":3},{"damage":7,"enemies":"Snake Plant","floor":21,"turns":5},{"damage":29,"enemies":"Book of Stabbing","floor":24,"turns":6}],"seed_played":"-5200442946034050968","potions_obtained":[{"floor":1.0,"key":"SpeedPotion"},{"floor":4.0,"key":"SpeedPotion"},{"floor":8.0,"key":"Block Potion"},{"floor":18,"key":"Strength Potion"},{"floor":19,"key":"Poison Potion"}],"is_trial":false,"path_per_floor":["M","?","M","M","?","E","$","M","T","M","$","?","$","M","R","B",null,"M","M","?","M","$","R","E"],"character_chosen":"THE_SILENT","items_purchased":["Corpse Explosion","Flash of Steel","Dodge and Roll","Well Laid Plans","GhostInAJar","Lantern"],"campfire_rested":2,"item_purchase_floors":[11,11,13,13,22,22],"current_hp_per_floor":[63,56,52,52,52,22,22,16,16,13,13,7,7,4,23,3,50,31,29,13,6,6,25,0],"gold":4,"neow_bonus":"THREE_CARDS","is_prod":false,"is_daily":false,"chose_seed":false,"campfire_upgraded":0,"win_rate":0,"timestamp":1551572438,"path_taken":["M","?","M","M","?","E","?","?","T","M","$","?","$","M","R","BOSS","M","M","?","M","$","R","E"],"build_version":"2019-01-23","purchased_purges":0,"victory":false,"max_hp_per_floor":[70,70,70,70,65,65,65,65,65,65,65,65,65,65,65,65,65,65,65,65,65,65,65,65],"card_choices":[{"not_picked":["Acrobatics","Deflect"],"picked":"Dagger Spray","floor":0.0},{"not_picked":["Eviscerate","Calculated Gamble"],"picked":"Crippling Poison","floor":1.0},{"not_picked":["Deflect","Accuracy"],"picked":"Quick Slash","floor":3.0},{"not_picked":["Cloak And Dagger","Poisoned Stab"],"picked":"Crippling Poison","floor":4.0},{"not_picked":["Deadly Poison","Heel Hook","Bane"],"picked":"SKIP","floor":6.0},{"not_picked":["Deflect","Distraction"],"picked":"PiercingWail","floor":8.0},{"not_picked":["Underhanded Strike","Bane","Dagger Spray"],"picked":"SKIP","floor":10.0},{"not_picked":["Deflect","Slice"],"picked":"Venomology","floor":14.0},{"not_picked":["Unload","Phantasmal Killer"],"picked":"Venomology","floor":16.0},{"not_picked":["Accuracy+1","Quick Slash"],"picked":"Dash","floor":18},{"not_picked":["Blade Dance","Riddle With Holes"],"picked":"Noxious Fumes+1","floor":19},{"not_picked":["Poisoned Stab","Flying Knee","Dagger Throw"],"picked":"SKIP","floor":21}],"player_experience":616884,"relics_obtained":[{"floor":6.0,"key":"MawBank"},{"floor":9.0,"key":"War Paint"},{"floor":12.0,"key":"Shuriken"},{"floor":20,"key":"Necronomicon"}],"event_choices":[{"cards_removed":["Strike_G"],"damage_healed":0.0,"max_hp_gain":0.0,"max_hp_loss":0.0,"gold_gain":0.0,"event_name":"Golden Wing","player_choice":"Card Removal","floor":2.0,"gold_loss":0.0,"damage_taken":7.0},{"damage_healed":0.0,"max_hp_gain":0.0,"max_hp_loss":5.0,"gold_gain":0.0,"event_name":"Golden Idol","player_choice":"Lose Max HP","floor":5.0,"gold_loss":0.0,"damage_taken":0.0,"relics_obtained":["Golden Idol"]},{"damage_healed":0.0,"max_hp_gain":0.0,"max_hp_loss":0.0,"gold_gain":0.0,"event_name":"Dead Adventurer","player_choice":"Searched \u00272\u0027 times","floor":12.0,"gold_loss":0.0,"damage_taken":0.0},{"damage_healed":0,"gold_gain":0,"player_choice":"Obtained Book","damage_taken":16,"max_hp_gain":0,"max_hp_loss":0,"event_name":"Cursed Tome","floor":20,"gold_loss":0}],"is_beta":false,"boss_relics":[{"not_picked":["Coffee Dripper","Sozu"],"picked":"Ring of the Serpent"}],"items_purged_floors":[],"is_endless":false,"potions_floor_spawned":[1,4,8,18,19],"killed_by":"Book of Stabbing","ascension_level":10}