{"gold_per_floor":[114,114,114,74,124,124,143,143,218,237,237,237,237,256,256,381,381,400,400,421,436,161,161,176,191,241,256,271,271,286,120,120,120],"floor_reached":33,"playtime":2132,"items_purged":["Strike_G"],"score":262,"play_id":"4629e3f3-b315-4c5d-9fe7-f471b25e0317","local_time":"20181118195417","daily_mods":["Chimera","Diverse","Binary"],"is_ascension_mode":false,"campfire_choices":[{"data":"True Grit","floor":6,"key":"SMITH"},{"data":"Zap","floor":8,"key":"SMITH"},{"data":"Bash","floor":11,"key":"SMITH"},{"data":"Footwork","floor":13,"key":"SMITH"},{"data":"Inflame","floor":15,"key":"SMITH"},{"data":"Survivor","floor":23,"key":"SMITH"},{"data":"Crippling Poison","floor":29,"key":"SMITH"},{"data":"Sadistic Nature","floor":32,"key":"SMITH"}],"neow_cost":"","seed_source_timestamp":12513540121487,"circlet_count":0,"master_deck":["Bash+1","Survivor+1","Zap+1","Strike_B","Defend_R+1","Defend_G+1","True Grit+1","Footwork+1","Inflame+1","Electrodynamics","Cloak And Dagger","Thunderclap","Crippling Poison+1","Sadistic Nature+1"],"special_seed":17854,"relics":["Cracked Core","Bloody Idol","Bag of Marbles","Singing Bowl","Empty Cage","Red Mask","Lee\u0027s Waffle","Centennial Puzzle"],"potions_floor_usage":[16,16,16,25,28,33,33],"damage_taken":[{"damage":3,"enemies":"Jaw Worm","floor":1,"turns":3},{"damage":10,"enemies":"Small Slimes","floor":7,"turns":3},{"damage":3,"enemies":"2 Louse","floor":10,"turns":2},{"damage":1,"enemies":"2 Fungi Beasts","floor":14,"turns":4},{"damage":14,"enemies":"Slime Boss","floor":16,"turns":12},{"damage":8,"enemies":"2 Thieves","floor":18,"turns":5},{"damage":28,"enemies":"Masked Bandits","floor":20,"turns":4},{"damage":18,"enemies":"Shell Parasite","floor":21,"turns":5},{"damage":11,"enemies":"Shelled Parasite and Fungi","floor":24,"turns":7},{"damage":19,"enemies":"Cultist and Chosen","floor":25,"turns":5},{"damage":7,"enemies":"3 Cultists","floor":27,"turns":3},{"damage":21,"enemies":"Sentry and Sphere","floor":28,"turns":4},{"damage":25,"enemies":"Snake Plant","floor":30,"turns":5},{"damage":64,"enemies":"Collector","floor":33,"turns":6}],"seed_played":"-8230449717086533208","potions_obtained":[{"floor":7,"key":"Regen Potion"},{"floor":10,"key":"Dexterity Potion"},{"floor":14,"key":"Block Potion"},{"floor":20,"key":"PowerPotion"},{"floor":21,"key":"Ancient Potion"},{"floor":25,"key":"FocusPotion"},{"floor":27,"key":"FearPotion"},{"floor":30,"key":"Strength Potion"}],"is_trial":false,"path_per_floor":["M","?","?","$","T","R","M","R","T","M","R","?","R","M","R","B",null,"M","?","?","M","$","R","M","M","T","M","M","R","M","$","R","B"],"character_chosen":"DEFECT","items_purchased":["Footwork","Lee\u0027s Waffle","Sadistic Nature"],"campfire_rested":0,"item_purchase_floors":[4,22,31],"current_hp_per_floor":[72,57,57,57,57,57,47,47,47,44,44,44,44,45,45,46,77,69,69,46,35,86,86,82,68,73,73,59,59,41,41,41,0],"gold":120,"neow_bonus":"","is_prod":false,"is_daily":true,"chose_seed":false,"campfire_upgraded":8,"win_rate":0.0,"timestamp":1542588857,"path_taken":["M","?","?","?","?","R","M","R","T","M","R","?","R","M","R","BOSS","M","?","?","M","$","R","M","M","T","M","M","R","M","$","R","BOSS"],"build_version":"2018-11-15","purchased_purges":1,"victory":false,"max_hp_per_floor":[75,75,75,75,75,75,75,75,75,75,75,75,75,77,77,77,77,77,77,77,79,86,86,88,88,88,90,92,92,94,94,94,94],"card_choices":[{"not_picked":["Body Slam"],"picked":"True Grit","floor":1},{"not_picked":["Clash","Skim"],"picked":"SKIP","floor":7},{"not_picked":["Concentrate"],"picked":"Inflame","floor":10},{"not_picked":["Sucker Punch","Body Slam"],"picked":"Singing Bowl","floor":14},{"not_picked":["Buffer"],"picked":"Electrodynamics","floor":16},{"not_picked":["Accuracy+1"],"picked":"Cloak And Dagger","floor":18},{"not_picked":["Reflex+1"],"picked":"Thunderclap","floor":20},{"not_picked":["Stack","Compile Driver"],"picked":"Singing Bowl","floor":21},{"not_picked":["Clothesline","Flechettes"],"picked":"Singing Bowl","floor":24},{"not_picked":["Armaments"],"picked":"Crippling Poison","floor":25},{"not_picked":["Slice+1","Pommel Strike"],"picked":"Singing Bowl","floor":27},{"not_picked":["Pommel Strike","Wild Strike"],"picked":"Singing Bowl","floor":28},{"not_picked":["Havoc+1","Stack"],"picked":"Singing Bowl","floor":30}],"player_experience":20026,"relics_obtained":[{"floor":5,"key":"Bag of Marbles"},{"floor":9,"key":"Singing Bowl"},{"floor":20,"key":"Red Mask"},{"floor":26,"key":"Centennial Puzzle"}],"event_choices":[{"damage_healed":0,"gold_gain":0,"player_choice":"Entered Light","damage_taken":15,"max_hp_gain":0,"max_hp_loss":0,"event_name":"Shining Light","floor":2,"gold_loss":0,"cards_upgraded":["Defend_R","Defend_G"]},{"damage_healed":0,"gold_gain":0,"player_choice":"Take Wound","damage_taken":0,"relics_obtained":["Golden Idol"],"max_hp_gain":0,"max_hp_loss":0,"event_name":"Golden Idol","floor":3,"gold_loss":0,"cards_obtained":["Injury"]},{"cards_removed":["Injury"],"damage_healed":0,"gold_gain":0,"player_choice":"Forget","damage_taken":0,"max_hp_gain":0,"max_hp_loss":0,"event_name":"Living Wall","floor":12,"gold_loss":0},{"damage_healed":0,"gold_gain":0,"player_choice":"Gave Idol","damage_taken":0,"relics_obtained":["Bloody Idol"],"max_hp_gain":0,"max_hp_loss":0,"event_name":"Forgotten Altar","floor":19,"relics_lost":["Golden Idol"],"gold_loss":0},{"damage_healed":0,"gold_gain":0,"player_choice":"Fought Bandits","damage_taken":0,"max_hp_gain":0,"max_hp_loss":0,"event_name":"Masked Bandits","floor":20,"gold_loss":0}],"is_beta":false,"boss_relics":[{"not_picked":["Inserter","Calling Bell"],"picked":"Empty Cage"}],"items_purged_floors":[22],"is_endless":false,"potions_floor_spawned":[7,10,14,20,21,25,27,30],"killed_by":"Collector","ascension_level":0}