{"gold_per_floor":[117,127,52,64,75,75,89,104,104,123,141,155,189,264,264,368,368,354,224,139,139,139,139,165,165,191,216,44,44,44,62,62,165,165,178,178,178,110,38,38,71,85,110,110,126,86,86],"floor_reached":47,"playtime":2230,"items_purged":["Strike_G"],"score":647,"play_id":"607ca7c5-2055-4d13-a01f-cd4d459ce508","local_time":"20190127193041","is_ascension_mode":true,"campfire_choices":[{"data":"Crippling Poison","floor":6,"key":"SMITH"},{"floor":15,"key":"REST"},{"data":"Bouncing Flask","floor":23,"key":"SMITH"},{"floor":30,"key":"REST"},{"floor":32,"key":"REST"},{"floor":40,"key":"REST"},{"data":"Apotheosis","floor":44,"key":"SMITH"}],"neow_cost":"NONE","seed_source_timestamp":348549284121491,"circlet_count":0,"master_deck":["Defend_G","Defend_G","Defend_G","Defend_G","Defend_G","Survivor","Neutralize","Crippling Poison+1","Poisoned Stab","Prepared","Bane","Deflect","Bouncing Flask+1","Distraction","Bane","Deflect","After Image+1","Bouncing Flask","Noxious Fumes+1","Bane","Bite","Bite","Bite","Bite","Bite","Noxious Fumes+1","Poisoned Stab","Apotheosis+1","Necronomicurse","Grand Finale","Footwork+1","Noxious Fumes+1"],"relics":["Ring of the Snake","Dead Branch","Frozen Egg 2","Busted Crown","Pear","Blood Vial","Calipers","Anchor","Boot","Necronomicon","Eternal Feather","Singing Bowl","Molten Egg 2","Dream Catcher"],"potions_floor_usage":[13,16,16,27,33,42,47],"damage_taken":[{"damage":0,"enemies":"2 Louse","floor":1,"turns":3},{"damage":2,"enemies":"Cultist","floor":2,"turns":5},{"damage":10,"enemies":"Small Slimes","floor":4,"turns":4},{"damage":3,"enemies":"Blue Slaver","floor":5,"turns":4},{"damage":13,"enemies":"Large Slime","floor":7,"turns":5},{"damage":5,"enemies":"2 Fungi Beasts","floor":8,"turns":3},{"damage":6,"enemies":"Exordium Thugs","floor":10,"turns":4},{"damage":8,"enemies":"Looter","floor":11,"turns":3},{"damage":6,"enemies":"Blue Slaver","floor":12,"turns":3},{"damage":11,"enemies":"Gremlin Nob","floor":13,"turns":4},{"damage":9,"enemies":"Hexaghost","floor":16,"turns":9},{"damage":22,"enemies":"2 Thieves","floor":18,"turns":4},{"damage":22,"enemies":"Book of Stabbing","floor":24,"turns":5},{"damage":25,"enemies":"Slavers","floor":27,"turns":5},{"damage":10,"enemies":"Shell Parasite","floor":31,"turns":4},{"damage":50,"enemies":"Collector","floor":33,"turns":7},{"damage":30,"enemies":"3 Darklings","floor":35,"turns":5},{"damage":0,"enemies":"Nemesis","floor":41,"turns":7},{"damage":1,"enemies":"3 Shapes","floor":42,"turns":6},{"damage":9,"enemies":"3 Darklings","floor":45,"turns":6},{"damage":66,"enemies":"2 Orb Walkers","floor":47,"turns":3}],"seed_played":"4485917008639144968","potions_obtained":[{"floor":1,"key":"SteroidPotion"},{"floor":5,"key":"SteroidPotion"},{"floor":8,"key":"Block Potion"},{"floor":12,"key":"Weak Potion"},{"floor":13,"key":"FearPotion"},{"floor":24,"key":"AttackPotion"},{"floor":33,"key":"Fire Potion"},{"floor":45,"key":"FearPotion"}],"is_trial":false,"path_per_floor":["M","M","$","M","M","R","M","M","T","M","M","M","E","?","R","B",null,"M","$","?","?","T","R","E","$","T","E","$","?","R","M","R","B",null,"M","?","?","$","?","R","E","M","T","R","M","$","?"],"character_chosen":"THE_SILENT","items_purchased":["Noxious Fumes+1","Bane","Apotheosis","Footwork+1","Noxious Fumes+1"],"campfire_rested":4,"item_purchase_floors":[19,19,28,38,46],"current_hp_per_floor":[77,75,75,65,62,62,49,44,44,38,30,24,13,6,29,20,77,55,55,65,60,60,60,42,42,42,25,25,9,27,29,47,17,60,30,30,30,30,30,60,62,64,64,64,64,64,0],"gold":86,"neow_bonus":"TEN_PERCENT_HP_BONUS","is_prod":false,"is_daily":false,"chose_seed":false,"campfire_upgraded":3,"win_rate":0,"timestamp":1548635441,"path_taken":["M","M","$","M","M","R","M","M","T","M","M","M","E","?","R","BOSS","M","$","?","?","?","R","E","$","T","E","$","?","R","M","R","BOSS","M","?","?","$","?","R","E","M","T","R","?","$","?"],"build_version":"2019-01-23","purchased_purges":1,"victory":false,"max_hp_per_floor":[77,77,77,77,77,77,77,77,77,77,77,77,77,77,77,77,77,77,77,87,60,60,60,60,60,60,60,60,60,60,60,60,60,60,60,60,60,60,60,60,62,64,64,64,66,66,66],"card_choices":[{"not_picked":["Deflect","Terror"],"picked":"Crippling Poison","floor":1},{"not_picked":["Deflect","Leg Sweep"],"picked":"Poisoned Stab","floor":2},{"not_picked":["Endless Agony","Prepared"],"picked":"Sucker Punch","floor":4},{"not_picked":["Cloak And Dagger","Accuracy"],"picked":"Prepared","floor":5},{"not_picked":["Night Terror","Sucker Punch"],"picked":"Bane","floor":7},{"not_picked":["PiercingWail","Slice"],"picked":"Deflect","floor":8},{"not_picked":["Dagger Spray","Predator"],"picked":"Bouncing Flask","floor":10},{"not_picked":["Prepared","A Thousand Cuts"],"picked":"Distraction","floor":11},{"not_picked":["Cloak And Dagger","Quick Slash"],"picked":"Bane","floor":12},{"not_picked":["Masterful Stab","Flechettes"],"picked":"Deflect","floor":13},{"not_picked":["Wraith Form v2+1","Envenom+1"],"picked":"After Image+1","floor":16},{"not_picked":[],"picked":"Bouncing Flask","floor":18},{"not_picked":[],"picked":"Noxious Fumes+1","floor":24},{"not_picked":[],"picked":"Poisoned Stab","floor":27},{"not_picked":["Quick Slash"],"picked":"SKIP","floor":31},{"not_picked":[],"picked":"Grand Finale","floor":33},{"not_picked":["Endless Agony+1"],"picked":"SKIP","floor":35},{"not_picked":["PiercingWail"],"picked":"Singing Bowl","floor":41},{"not_picked":["Backflip"],"picked":"Singing Bowl","floor":42},{"not_picked":["Dagger Spray+1"],"picked":"Singing Bowl","floor":45}],"player_experience":2037341,"relics_obtained":[{"floor":9,"key":"Dead Branch"},{"floor":13,"key":"Frozen Egg 2"},{"floor":22,"key":"Blood Vial"},{"floor":24,"key":"Calipers"},{"floor":26,"key":"Anchor"},{"floor":27,"key":"Boot"},{"floor":29,"key":"Necronomicon"},{"floor":41,"key":"Molten Egg 2"},{"floor":43,"key":"Dream Catcher"}],"event_choices":[{"damage_healed":0,"gold_gain":75,"player_choice":"Touch","damage_taken":7,"max_hp_gain":0,"max_hp_loss":0,"event_name":"FaceTrader","floor":14,"gold_loss":0},{"damage_healed":0,"gold_gain":0,"player_choice":"Obtained Relic","damage_taken":0,"relics_obtained":["Pear"],"max_hp_gain":0,"max_hp_loss":0,"event_name":"Addict","floor":20,"gold_loss":85},{"damage_healed":0,"gold_gain":0,"player_choice":"Became a vampire","damage_taken":0,"max_hp_gain":0,"max_hp_loss":27,"event_name":"Vampires","floor":21,"gold_loss":0,"cards_obtained":["Bite","Bite","Bite","Bite","Bite"]},{"damage_healed":0,"gold_gain":0,"player_choice":"Obtained Book","damage_taken":16,"max_hp_gain":0,"max_hp_loss":0,"event_name":"Cursed Tome","floor":29,"gold_loss":0},{"cards_removed":["Sucker Punch"],"damage_healed":0,"gold_gain":0,"player_choice":"Removed Attack","damage_taken":0,"max_hp_gain":0,"max_hp_loss":0,"event_name":"Falling","floor":36,"gold_loss":0},{"damage_healed":0,"gold_gain":0,"player_choice":"Ignored","damage_taken":0,"max_hp_gain":0,"max_hp_loss":0,"event_name":"Tomb of Lord Red Mask","floor":37,"gold_loss":0},{"damage_healed":0,"gold_gain":0,"player_choice":"Paid Gold","damage_taken":0,"relics_obtained":["Singing Bowl"],"max_hp_gain":0,"max_hp_loss":0,"event_name":"WeMeetAgain","floor":39,"gold_loss":72},{"damage_healed":0,"gold_gain":0,"player_choice":"Fight","damage_taken":0,"max_hp_gain":0,"max_hp_loss":0,"event_name":"Mysterious Sphere","floor":47,"gold_loss":0}],"is_beta":false,"boss_relics":[{"not_picked":["Coffee Dripper","Runic Pyramid"],"picked":"Busted Crown"},{"not_picked":["Velvet Choker","Calling Bell"],"picked":"Eternal Feather"}],"items_purged_floors":[3],"is_endless":false,"potions_floor_spawned":[1,5,8,11,12,13,24,33,45],"killed_by":"2 Orb Walkers","ascension_level":4}