{"gold_per_floor":[369,369,388,46,23,62,80,80,105,123,157,171,171,71,71,201,201,226,226,226,226,239,278,278,296,296,321,321,246,277,277,277,398,398,423,438,438],"floor_reached":37,"playtime":3847,"items_purged":["Decay","Strike_G"],"score":419,"play_id":"b0fcab6d-442b-4031-b92e-428150e4f9cc","local_time":"20180727201101","is_ascension_mode":false,"campfire_choices":[{"floor":8,"key":"REST"},{"floor":13,"key":"REST"},{"floor":15,"key":"REST"},{"floor":24,"key":"REST"},{"floor":28,"key":"REST"},{"floor":32,"key":"REST"}],"neow_cost":"CURSE","seed_source_timestamp":49512719106461,"circlet_count":0,"master_deck":["Defend_G","Defend_G+1","Defend_G","Defend_G","Strike_G","Strike_G","Strike_G","Strike_G","Survivor","Neutralize","Dagger Throw","Blur+1","Noxious Fumes","Panache","Deadly Poison","Caltrops","Bouncing Flask","Bouncing Flask","Envenom","Dash","Outmaneuver+1","Dagger Throw+1","Distraction","Dagger Throw+1","After Image","Footwork+1"],"relics":["Ring of the Snake","Golden Idol","Anchor","Strawberry","Mummified Hand","WristBlade","War Paint","Letter Opener","Happy Flower","HoveringKite"],"potions_floor_usage":[10,18,23,30,31,35,35,37],"damage_taken":[{"damage":0,"enemies":"2 Louse","floor":1,"turns":3},{"damage":18,"enemies":"Jaw Worm","floor":3,"turns":7},{"damage":23,"enemies":"Lagavulin","floor":6,"turns":8},{"damage":2,"enemies":"Small Slimes","floor":7,"turns":3},{"damage":7,"enemies":"Exordium Thugs","floor":10,"turns":5},{"damage":9,"enemies":"3 Sentries","floor":11,"turns":8},{"damage":1,"enemies":"Red Slaver","floor":12,"turns":4},{"damage":2,"enemies":"Hexaghost","floor":16,"turns":7},{"damage":7,"enemies":"Shell Parasite","floor":18,"turns":4},{"damage":11,"enemies":"Spheric Guardian","floor":22,"turns":4},{"damage":48,"enemies":"Slavers","floor":23,"turns":8},{"damage":8,"enemies":"Snake Plant","floor":25,"turns":4},{"damage":0,"enemies":"Cultist and Chosen","floor":27,"turns":6},{"damage":8,"enemies":"Book of Stabbing","floor":30,"turns":4},{"damage":10,"enemies":"Centurion and Healer","floor":31,"turns":7},{"damage":58,"enemies":"Champ","floor":33,"turns":11},{"damage":54,"enemies":"Flame Bruiser 1 Orb","floor":35,"turns":6},{"damage":18,"enemies":"Orb Walker","floor":36,"turns":4},{"damage":15,"enemies":"4 Shapes","floor":37,"turns":2}],"seed_played":"3351166456347980781","potions_obtained":[{"floor":1,"key":"SmokeBomb"},{"floor":3,"key":"Explosive Potion"},{"floor":10,"key":"Swift Potion"},{"floor":12,"key":"FearPotion"},{"floor":16,"key":"Explosive Potion"},{"floor":23,"key":"FearPotion"},{"floor":27,"key":"AttackPotion"},{"floor":30,"key":"Regen Potion"},{"floor":33,"key":"SpeedPotion"},{"floor":35,"key":"FairyPotion"}],"is_trial":false,"path_per_floor":["M","?","M","$","$","E","M","R","T","M","E","M","R","$","R","B",null,"M","?","?","?","M","E","R","M","T","M","R","?","E","M","R","B",null,"M","M"],"character_chosen":"THE_SILENT","items_purchased":["Noxious Fumes","Panache","Deadly Poison"],"campfire_rested":6,"item_purchase_floors":[4,4,5],"current_hp_per_floor":[70,53,35,35,35,12,10,31,38,31,22,21,44,44,67,65,77,70,70,70,70,59,11,34,26,26,26,49,49,41,46,69,11,77,23,5,0],"gold":438,"neow_bonus":"TWO_FIFTY_GOLD","is_prod":false,"is_daily":false,"chose_seed":false,"campfire_upgraded":0,"win_rate":0,"timestamp":1532736661,"path_taken":["M","?","M","?","$","E","?","R","T","M","E","M","R","$","R","BOSS","M","?","?","?","M","E","R","M","T","?","R","?","E","M","R","BOSS","M","M","M"],"build_version":"2018-07-26","purchased_purges":2,"victory":false,"max_hp_per_floor":[70,70,70,70,70,70,70,70,77,77,77,77,77,77,77,77,77,77,77,77,77,77,77,77,77,77,77,77,77,77,77,77,77,77,77,77,77],"card_choices":[{"not_picked":["Riddle With Holes","Cloak And Dagger"],"picked":"Dagger Throw","floor":1},{"not_picked":["Sucker Punch","Dagger Spray"],"picked":"Blur","floor":3},{"not_picked":["Bullet Time","Dagger Throw"],"picked":"Caltrops","floor":6},{"not_picked":["Cloak And Dagger","Predator","Bane"],"picked":"SKIP","floor":7},{"not_picked":["Quick Slash","Calculated Gamble"],"picked":"Bouncing Flask","floor":10},{"not_picked":["Phantasmal Killer","Reflex","Cloak And Dagger"],"picked":"SKIP","floor":11},{"not_picked":["Riddle With Holes","Endless Agony"],"picked":"Bouncing Flask","floor":12},{"not_picked":["Die Die Die","Phantasmal Killer"],"picked":"Envenom","floor":16},{"not_picked":["Choke","Predator+1","Dagger Throw"],"picked":"SKIP","floor":18},{"not_picked":["Finisher","Cloak And Dagger+1","Terror"],"picked":"SKIP","floor":22},{"not_picked":["Slice","Sucker Punch"],"picked":"Dash","floor":23},{"not_picked":["Infinite Blades","Flying Knee+1"],"picked":"Outmaneuver+1","floor":25},{"not_picked":["Terror","Envenom"],"picked":"Dagger Throw+1","floor":27},{"not_picked":["Quick Slash","Sucker Punch"],"picked":"Distraction","floor":30},{"not_picked":["Bouncing Flask","Skewer+1"],"picked":"Dagger Throw+1","floor":31},{"not_picked":["Glass Knife","Wraith Form v2"],"picked":"After Image","floor":33},{"not_picked":["Outmaneuver","Dagger Spray+1","Flying Knee+1"],"picked":"SKIP","floor":35},{"not_picked":["Blade Dance+1","Blur"],"picked":"Footwork+1","floor":36}],"player_experience":524047,"relics_obtained":[{"floor":6,"key":"Anchor"},{"floor":9,"key":"Strawberry"},{"floor":11,"key":"Mummified Hand"},{"floor":23,"key":"War Paint"},{"floor":26,"key":"Letter Opener"},{"floor":30,"key":"Happy Flower"}],"event_choices":[{"event_name":"Golden Idol","player_choice":"Take Damage","floor":2,"damage_taken":0},{"event_name":"Ghosts","player_choice":"Ignored","floor":19,"damage_taken":0},{"event_name":"The Woman in Blue","player_choice":"Bought 0 Potions","floor":20,"damage_taken":0},{"event_name":"Drug Dealer","player_choice":"Ignored","floor":21,"damage_taken":0},{"event_name":"Beggar","player_choice":"Gave Gold","floor":29,"damage_taken":0}],"is_beta":false,"boss_relics":[{"not_picked":["Snecko Eye","Runic Pyramid"],"picked":"WristBlade"},{"not_picked":["Sozu","Busted Crown"],"picked":"HoveringKite"}],"items_purged_floors":[4,14],"is_endless":false,"potions_floor_spawned":[1,3,10,12,16,23,27,30,33,35],"killed_by":"4 Shapes","ascension_level":0}