{"gold_per_floor":[112,212,60,78,91,91,104,104,104,25,25,54,54,87,87,189,189,207,220,220,220,220,220,239,239,239,47,47],"floor_reached":28,"playtime":1882,"items_purged":["Decay"],"score":356,"play_id":"9cb1f62b-eb51-46fe-815b-d67a98fd6650","local_time":"20190521120651","is_ascension_mode":true,"campfire_choices":[{"data":"Zap","floor":6,"key":"SMITH"},{"data":"Dualcast","floor":8,"key":"SMITH"},{"data":"Strike_B","floor":13,"key":"PURGE"},{"data":"Strike_B","floor":15,"key":"PURGE"},{"data":"Shame","floor":23,"key":"PURGE"},{"data":"Writhe","floor":25,"key":"PURGE"}],"neow_cost":"NONE","seed_source_timestamp":62090902338623,"circlet_count":0,"master_deck":["Strike_B","Strike_B","Defend_B","Defend_B","Defend_B","Defend_B","Zap+1","Dualcast+1","Sweeping Beam","Doom and Gloom","Undo","Hologram","Genetic Algorithm","Glacier","Self Repair","Darkness","Redo","Seek","Self Repair+1","RitualDagger","Redo","Defragment","Glacier"],"relics":["Cracked Core","NeowsBlessing","Mummified Hand","Peace Pipe","Pocketwatch","Calling Bell","Vajra","Letter Opener","Calipers","Cables","Bottled Tornado"],"potions_floor_usage":[12,12,18,24],"damage_taken":[{"damage":0,"enemies":"2 Louse","floor":1,"turns":1},{"damage":0,"enemies":"Cultist","floor":4,"turns":1},{"damage":0,"enemies":"Jaw Worm","floor":5,"turns":1},{"damage":21,"enemies":"Large Slime","floor":7,"turns":5},{"damage":21,"enemies":"3 Sentries","floor":12,"turns":5},{"damage":17,"enemies":"Lagavulin","floor":14,"turns":7},{"damage":0,"enemies":"The Guardian","floor":16,"turns":12},{"damage":16,"enemies":"Shell Parasite","floor":18,"turns":6},{"damage":7,"enemies":"Spheric Guardian","floor":19,"turns":4},{"damage":35,"enemies":"Shelled Parasite and Fungi","floor":24,"turns":8},{"damage":41,"enemies":"Book of Stabbing","floor":28,"turns":6}],"seed_played":"-4111900204338664753","potions_obtained":[{"floor":1,"key":"SkillPotion"},{"floor":5,"key":"Swift Potion"},{"floor":12,"key":"Fire Potion"},{"floor":16,"key":"Fire Potion"},{"floor":19,"key":"Ancient Potion"}],"is_trial":false,"path_per_floor":["M","?","$","M","M","R","M","R","T","$","?","E","R","E","R","B",null,"M","M","?","?","?","R","M","R","T","$","E"],"character_chosen":"DEFECT","items_purchased":["Doom and Gloom","Undo","Self Repair","Defragment","Glacier"],"campfire_rested":0,"item_purchase_floors":[3,3,10,27,27],"current_hp_per_floor":[68,68,68,68,68,68,47,47,47,47,47,40,40,30,30,37,66,57,57,57,57,51,51,33,33,33,33,0],"gold":47,"neow_bonus":"THREE_ENEMY_KILL","is_prod":false,"is_daily":false,"chose_seed":false,"campfire_upgraded":2,"win_rate":0,"timestamp":1558458411,"path_taken":["M","?","$","M","M","R","M","R","T","?","?","E","R","E","R","BOSS","M","M","?","?","?","R","M","R","T","?","E"],"build_version":"2019-01-23","purchased_purges":1,"victory":false,"max_hp_per_floor":[75,75,75,75,75,75,75,75,75,75,75,75,75,75,75,75,75,75,75,75,75,75,75,75,75,75,75,75],"card_choices":[{"not_picked":["BootSequence","Gash"],"picked":"Sweeping Beam","floor":1},{"not_picked":["Reinforced Body","Sweeping Beam"],"picked":"Hologram","floor":4},{"not_picked":["Compile Driver","Ball Lightning"],"picked":"Genetic Algorithm","floor":5},{"not_picked":["Rebound","Cold Snap"],"picked":"Glacier","floor":7},{"not_picked":["Turbo","Reboot"],"picked":"Darkness","floor":12},{"not_picked":["Rip and Tear","Ball Lightning"],"picked":"Redo","floor":14},{"not_picked":["Amplify","Hyperbeam"],"picked":"Seek","floor":16},{"not_picked":["Static Discharge","Beam Cell+1","Gash"],"picked":"SKIP","floor":18},{"not_picked":["Sweeping Beam","Storm"],"picked":"Self Repair+1","floor":19},{"not_picked":["Steam Power","Sweeping Beam+1"],"picked":"Redo","floor":24}],"player_experience":714449,"relics_obtained":[{"floor":9,"key":"Mummified Hand"},{"floor":12,"key":"Peace Pipe"},{"floor":14,"key":"Pocketwatch"},{"floor":17,"key":"Vajra"},{"floor":17,"key":"Letter Opener"},{"floor":17,"key":"Calipers"},{"floor":26,"key":"Bottled Tornado"}],"event_choices":[{"damage_healed":0,"gold_gain":100,"player_choice":"Pray","damage_taken":0,"max_hp_gain":0,"max_hp_loss":0,"event_name":"Golden Shrine","floor":2,"gold_loss":0},{"damage_healed":0,"gold_gain":0,"player_choice":"Ignored","damage_taken":0,"max_hp_gain":0,"max_hp_loss":0,"event_name":"Liars Game","floor":11,"gold_loss":0},{"damage_healed":0,"gold_gain":0,"player_choice":"Ignored","damage_taken":0,"max_hp_gain":0,"max_hp_loss":0,"event_name":"Ghosts","floor":20,"gold_loss":0},{"damage_healed":0,"gold_gain":0,"player_choice":"Opened","damage_taken":0,"relics_obtained":["Cables"],"max_hp_gain":0,"max_hp_loss":0,"event_name":"The Mausoleum","floor":21,"gold_loss":0},{"damage_healed":0,"gold_gain":0,"player_choice":"Joined the Cult","damage_taken":6,"max_hp_gain":0,"max_hp_loss":0,"event_name":"Nest","floor":22,"gold_loss":0,"cards_obtained":["RitualDagger"]}],"is_beta":false,"boss_relics":[{"not_picked":["Eternal Feather","Runic Pyramid"],"picked":"Calling Bell"}],"items_purged_floors":[27],"is_endless":false,"potions_floor_spawned":[1,5,12,16,19],"killed_by":"Book of Stabbing","ascension_level":6}