{"gold_per_floor":[113,38,51,126,126,126,143,153,227,140,140,140,151,166,166,166],"floor_reached":16,"playtime":560,"items_purged":["Doubt"],"score":143,"play_id":"25131a7f-6477-4bf6-a255-09ef1224e047","local_time":"20190313190056","is_ascension_mode":true,"campfire_choices":[{"data":"Dagger Spray","floor":6.0,"key":"SMITH"},{"data":"Mind Blast","floor":15.0,"key":"SMITH"}],"neow_cost":"CURSE","seed_source_timestamp":0,"circlet_count":0,"master_deck":["AscendersBane","Defend_G","Defend_G","Defend_G","Defend_G","Defend_G","Strike_G","Strike_G","Strike_G","Strike_G","Strike_G","Survivor","Neutralize","Good Instincts","Mind Blast+1","PiercingWail","Dagger Spray+1","Flying Knee","Crippling Poison","Bandage Up","Backflip","Backstab"],"special_seed":0,"relics":["Ring of the Snake","Matryoshka","Art of War"],"potions_floor_usage":[16],"damage_taken":[{"damage":0.0,"enemies":"2 Louse","floor":1.0,"turns":4.0},{"damage":11.0,"enemies":"Small Slimes","floor":3.0,"turns":5.0},{"damage":1.0,"enemies":"Cultist","floor":7.0,"turns":5.0},{"damage":1.0,"enemies":"Blue Slaver","floor":8.0,"turns":4.0},{"damage":6.0,"enemies":"Looter","floor":13.0,"turns":4.0},{"damage":0.0,"enemies":"2 Fungi Beasts","floor":14.0,"turns":4.0},{"damage":42,"enemies":"Slime Boss","floor":16,"turns":11}],"seed_played":"-4637807045739283653","potions_obtained":[{"floor":1.0,"key":"Strength Potion"},{"floor":13.0,"key":"PowerPotion"}],"is_trial":false,"path_per_floor":["M","$","M","?","?","R","M","M","T","$","?","$","M","M","R","B"],"character_chosen":"THE_SILENT","items_purchased":["Bandage Up"],"campfire_rested":0,"item_purchase_floors":[10],"current_hp_per_floor":[63,63,52,41,41,41,40,39,39,39,36,36,34,38,38,0],"gold":166,"neow_bonus":"RANDOM_COLORLESS_2","is_prod":false,"is_daily":false,"chose_seed":false,"campfire_upgraded":2,"win_rate":0,"timestamp":1552518056,"path_taken":["M","$","M","?","?","R","M","M","T","$","?","?","M","M","R","BOSS"],"build_version":"2019-01-23","purchased_purges":1,"victory":false,"max_hp_per_floor":[70,70,70,70,70,70,70,70,70,70,70,70,70,70,70,70],"card_choices":[{"not_picked":["Underhanded Strike","Dodge and Roll"],"picked":"PiercingWail","floor":1.0},{"not_picked":["Flying Knee","Dash"],"picked":"Dagger Spray","floor":3.0},{"not_picked":["Dagger Spray","Endless Agony"],"picked":"Flying Knee","floor":7.0},{"not_picked":["Deadly Poison","Skewer"],"picked":"Crippling Poison","floor":8.0},{"not_picked":["Doppelganger","Finisher"],"picked":"Backflip","floor":13.0},{"not_picked":["Underhanded Strike","Expertise"],"picked":"Backstab","floor":14.0}],"player_experience":2397861,"relics_obtained":[{"floor":9.0,"key":"Matryoshka"}],"event_choices":[{"damage_healed":0.0,"max_hp_gain":0.0,"max_hp_loss":0.0,"gold_gain":75.0,"event_name":"World of Goop","player_choice":"Gather Gold","floor":4.0,"gold_loss":0.0,"damage_taken":11.0},{"damage_healed":0.0,"max_hp_gain":0.0,"max_hp_loss":0.0,"gold_gain":0.0,"event_name":"Golden Idol","player_choice":"Ignored","floor":5.0,"gold_loss":0.0,"damage_taken":0.0},{"damage_healed":0.0,"max_hp_gain":0.0,"max_hp_loss":0.0,"gold_gain":0.0,"event_name":"Scrap Ooze","player_choice":"Success","floor":11.0,"gold_loss":0.0,"damage_taken":3.0,"relics_obtained":["Art of War"]}],"is_beta":false,"boss_relics":[],"items_purged_floors":[2],"is_endless":false,"potions_floor_spawned":[1,13,14],"killed_by":"Slime Boss","ascension_level":11}