{"gold_per_floor":[114,114,132,148,158,186,186,186,209,69,69,93,93,18,18,144,144,159,230,230,230,48,81,99,118,118,161,161,176,176,176,176,176],"floor_reached":33,"playtime":1543,"items_purged":["Injury","Defend_B"],"score":311,"play_id":"4999e001-8258-4e9b-bf20-ceea4e1f2396","local_time":"20181228204551","is_ascension_mode":true,"campfire_choices":[{"floor":11.0,"key":"RECALL"},{"floor":13.0,"key":"REST"},{"data":"Blizzard","floor":15.0,"key":"SMITH"},{"floor":28,"key":"REST"},{"data":"Fission","floor":30,"key":"SMITH"},{"floor":32,"key":"REST"}],"neow_cost":"NONE","seed_source_timestamp":464938885554343,"circlet_count":0,"master_deck":["Strike_B","Strike_B","Defend_B","Defend_B","Zap+1","Dualcast","Chill","Loop","Defragment","Blizzard+1","Biased Cognition","Coolheaded","Fission+1","Cold Snap+1","Cold Snap+1","Rebound+1","Tempest+1","Jack Of All Trades","Tempest","Self Repair"],"special_seed":0,"relics":["Cracked Core","Potion Belt","Bloody Idol","Juzu Bracelet","Astrolabe","Matryoshka","Nloth\u0027s Gift","Bottled Flame","Kunai","Singing Bowl","Calipers"],"potions_floor_usage":[24,25,25,27,33,33],"damage_taken":[{"damage":7.0,"enemies":"Jaw Worm","floor":1.0,"turns":3.0},{"damage":0.0,"enemies":"Cultist","floor":3.0,"turns":4.0},{"damage":3.0,"enemies":"Small Slimes","floor":4.0,"turns":3.0},{"damage":0.0,"enemies":"3 Louse","floor":5.0,"turns":3.0},{"damage":7.0,"enemies":"3 Sentries","floor":6.0,"turns":9.0},{"damage":2.0,"enemies":"Red Slaver","floor":12.0,"turns":3.0},{"damage":20.0,"enemies":"Slime Boss","floor":16.0,"turns":11.0},{"damage":2.0,"enemies":"Spheric Guardian","floor":18.0,"turns":3.0},{"damage":14.0,"enemies":"Gremlin Leader","floor":23.0,"turns":4.0},{"damage":9,"enemies":"Chosen","floor":24,"turns":4},{"damage":12,"enemies":"Centurion and Healer","floor":25,"turns":4},{"damage":21,"enemies":"Book of Stabbing","floor":27,"turns":4},{"damage":29,"enemies":"Snake Plant","floor":29,"turns":4},{"damage":57,"enemies":"Automaton","floor":33,"turns":8}],"seed_played":"6677958749026824027","potions_obtained":[{"floor":2.0,"key":"Poison Potion"},{"floor":2.0,"key":"Energy Potion"},{"floor":2.0,"key":"Fire Potion"},{"floor":5.0,"key":"EntropicBrew"},{"floor":12.0,"key":"SkillPotion"},{"floor":18.0,"key":"PowerPotion"},{"floor":27,"key":"GamblersBrew"}],"is_trial":false,"path_per_floor":["M","?","M","M","M","E","?","?","T","?","R","M","R","$","R","B",null,"M","T","?","?","$","E","E","M","M","T","E","R","M","R","?","R","B"],"character_chosen":"DEFECT","items_purchased":["Jack Of All Trades"],"campfire_rested":3,"item_purchase_floors":[22],"current_hp_per_floor":[68,68,68,65,65,58,58,40,40,40,40,38,60,60,60,40,75,73,73,73,73,73,59,50,38,38,26,49,29,29,29,52,0],"gold":176,"neow_bonus":"UPGRADE_CARD","is_prod":false,"is_daily":false,"chose_seed":false,"campfire_upgraded":2,"win_rate":0,"timestamp":1546047951,"path_taken":["M","?","M","M","?","E","?","?","T","?","R","M","R","$","R","BOSS","M","?","?","?","$","E","M","M","T","E","R","M","R","?","R","BOSS"],"build_version":"2018-12-20","purchased_purges":2,"victory":false,"max_hp_per_floor":[75,75,75,75,75,75,75,75,75,75,75,75,75,75,75,75,75,75,75,75,75,75,75,75,75,75,77,77,79,79,79,79,79],"card_choices":[{"not_picked":["Turbo","Steam"],"picked":"Chill","floor":1.0},{"not_picked":["Tempest","Gash"],"picked":"Loop","floor":3.0},{"not_picked":["Loop","Double Energy"],"picked":"Defragment","floor":4.0},{"not_picked":["Stack","Redo"],"picked":"Blizzard","floor":5.0},{"not_picked":["Leap","Sunder"],"picked":"Biased Cognition","floor":6.0},{"not_picked":["Gash","Steam"],"picked":"Coolheaded","floor":12.0},{"not_picked":["Electrodynamics","All For One"],"picked":"Fission","floor":16.0},{"not_picked":["Coolheaded+1","Steam"],"picked":"Tempest+1","floor":18.0},{"not_picked":["Double Energy","Streamline"],"picked":"Tempest","floor":23},{"not_picked":["Compile Driver","Barrage","Beam Cell"],"picked":"SKIP","floor":24},{"not_picked":["Conserve Battery","Go for the Eyes"],"picked":"Self Repair","floor":25},{"not_picked":["Go for the Eyes","Beam Cell","Scrape+1"],"picked":"Singing Bowl","floor":27},{"not_picked":["Steam+1","Sunder","Ball Lightning+1"],"picked":"Singing Bowl","floor":29}],"player_experience":167937,"relics_obtained":[{"floor":6.0,"key":"Potion Belt"},{"floor":19.0,"key":"Matryoshka"},{"floor":23,"key":"Bottled Flame"},{"floor":26,"key":"Kunai"},{"floor":26,"key":"Singing Bowl"},{"floor":27,"key":"Calipers"}],"event_choices":[{"damage_healed":0.0,"max_hp_gain":0.0,"max_hp_loss":0.0,"gold_gain":0.0,"event_name":"Lab","player_choice":"Got Potions","floor":2.0,"gold_loss":0.0,"damage_taken":0.0},{"damage_healed":0.0,"max_hp_gain":0.0,"max_hp_loss":0.0,"gold_gain":0.0,"event_name":"Golden Idol","player_choice":"Take Wound","floor":7.0,"gold_loss":0.0,"damage_taken":0.0,"relics_obtained":["Golden Idol"],"cards_obtained":["Injury"]},{"damage_healed":0.0,"max_hp_gain":0.0,"max_hp_loss":0.0,"gold_gain":0.0,"event_name":"Scrap Ooze","player_choice":"Success","floor":8.0,"gold_loss":0.0,"damage_taken":18.0,"relics_obtained":["Orichalcum"]},{"damage_healed":0.0,"max_hp_gain":0.0,"max_hp_loss":0.0,"gold_gain":0.0,"event_name":"WeMeetAgain","player_choice":"Paid Gold","floor":10.0,"gold_loss":140.0,"damage_taken":0.0,"relics_obtained":["Juzu Bracelet"]},{"damage_healed":0.0,"max_hp_gain":0.0,"max_hp_loss":0.0,"gold_gain":0.0,"event_name":"N\u0027loth","player_choice":"Traded Relic","floor":20.0,"relics_lost":["Orichalcum"],"gold_loss":0.0,"damage_taken":0.0,"relics_obtained":["Nloth\u0027s Gift"]},{"damage_healed":0.0,"max_hp_gain":0.0,"max_hp_loss":0.0,"gold_gain":0.0,"event_name":"Vampires","player_choice":"Ignored","floor":21.0,"gold_loss":0.0,"damage_taken":0.0},{"damage_healed":0,"gold_gain":0,"player_choice":"Gave Idol","damage_taken":0,"relics_obtained":["Bloody Idol"],"max_hp_gain":0,"max_hp_loss":0,"event_name":"Forgotten Altar","floor":31,"relics_lost":["Golden Idol"],"gold_loss":0}],"is_beta":false,"boss_relics":[{"not_picked":["Sozu","Philosopher\u0027s Stone"],"picked":"Astrolabe"}],"items_purged_floors":[14,22],"is_endless":false,"potions_floor_spawned":[3,5,12,18,24,27],"killed_by":"Automaton","ascension_level":2}