{"gold_per_floor":[17,17,37,54,54,54,86,86,86,96,96,111,142,162,162,257,257,273,196,121,121,136,136,155,155,212,225,225],"floor_reached":28,"playtime":2226,"items_purged":["Entrench"],"score":420,"play_id":"5fc08b2b-df30-469b-b158-758b00e08cbe","local_time":"20180627003149","is_ascension_mode":true,"campfire_choices":[{"data":"Carnage","floor":6,"key":"SMITH"},{"data":"Demon Form","floor":15,"key":"SMITH"},{"data":"Dark Embrace","floor":23,"key":"SMITH"},{"data":"Exhume","floor":25,"key":"SMITH"}],"neow_cost":"NO_GOLD","seed_source_timestamp":873381385854918,"circlet_count":0,"master_deck":["Bash","Feed+1","Cleave","Carnage+1","Clash","Demon Form+1","Rage","Carnage","Heavy Blade","Exhume+1","Spot Weakness","Havoc+1","Clash","Anger","Wild Strike","Searing Blow","Battle Trance","Clash","Metallicize+1","J.A.X.","Dark Embrace+1","Metallicize"],"relics":["Burning Blood","Question Card","Matryoshka","Lantern","Happy Flower","Potion Belt","Pandora\u0027s Box","Tiny Chest","Ancient Tea Set"],"potions_floor_usage":[13,16,16,24,28,28],"damage_taken":[{"damage":0,"enemies":"2 Louse","floor":1,"turns":4},{"damage":15,"enemies":"Cultist","floor":3,"turns":5},{"damage":2,"enemies":"Jaw Worm","floor":4,"turns":3},{"damage":16,"enemies":"Gremlin Nob","floor":7,"turns":3},{"damage":10,"enemies":"Lots of Slimes","floor":10,"turns":4},{"damage":22,"enemies":"Large Slime","floor":12,"turns":6},{"damage":0,"enemies":"Lagavulin","floor":13,"turns":3},{"damage":1,"enemies":"3 Louse","floor":14,"turns":2},{"damage":30,"enemies":"Hexaghost","floor":16,"turns":7},{"damage":12,"enemies":"Chosen","floor":18,"turns":3},{"damage":26,"enemies":"3 Byrds","floor":22,"turns":4},{"damage":31,"enemies":"Snecko","floor":24,"turns":4},{"damage":11,"enemies":"Sentry and Sphere","floor":27,"turns":3},{"damage":51,"enemies":"Cultist and Chosen","floor":28,"turns":6}],"seed_played":"2689873648998929162","potions_obtained":[{"floor":3,"key":"SpeedPotion"},{"floor":4,"key":"Explosive Potion"},{"floor":7,"key":"Energy Potion"},{"floor":13,"key":"SkillPotion"},{"floor":14,"key":"Swift Potion"},{"floor":16,"key":"SpeedPotion"},{"floor":18,"key":"Regen Potion"},{"floor":22,"key":"PowerPotion"}],"is_trial":false,"path_per_floor":["M","?","M","M","$","R","E","?","T","M","T","M","E","M","R","B",null,"M","?","$","?","M","R","M","R","T","M"],"character_chosen":"IRONCLAD","items_purchased":[],"campfire_rested":0,"item_purchase_floors":[],"current_hp_per_floor":[81,64,59,63,63,63,53,53,53,53,53,41,47,56,56,32,82,80,80,80,80,68,68,43,43,43,38,0],"gold":225,"neow_bonus":"THREE_RARE_CARDS","is_prod":false,"is_daily":false,"chose_seed":false,"campfire_upgraded":4,"win_rate":0,"timestamp":1530052309,"path_taken":["M","?","M","?","$","R","E","?","T","M","?","M","E","?","R","BOSS","M","?","$","?","M","R","M","R","T","M","M"],"build_version":"2018-06-21v2","purchased_purges":1,"victory":false,"max_hp_per_floor":[83,83,87,87,87,87,87,87,87,91,91,95,95,99,99,99,99,103,103,103,103,111,111,111,111,111,111,111],"card_choices":[{"not_picked":["Berserk","Exhume"],"picked":"Feed","floor":0},{"not_picked":["Feel No Pain","Body Slam"],"picked":"Cleave","floor":1},{"not_picked":["Corruption","Heavy Blade"],"picked":"Carnage","floor":3},{"not_picked":["Wild Strike","Burning Pact"],"picked":"Clash","floor":4},{"not_picked":["Whirlwind","Havoc"],"picked":"Demon Form","floor":7},{"not_picked":["Shrug It Off","Shockwave","Infernal Blade"],"picked":"Rage","floor":10},{"not_picked":["Corruption","Iron Wave","Rampage"],"picked":"Carnage","floor":12},{"not_picked":["Feel No Pain","Clothesline","Iron Wave"],"picked":"Heavy Blade","floor":13},{"not_picked":["Clothesline","Heavy Blade","Fire Breathing","Bloodletting"],"picked":"SKIP","floor":14},{"not_picked":["Bludgeon","Barricade","Dark Embrace"],"picked":"Exhume","floor":16},{"not_picked":["Havoc","Clothesline","Headbutt"],"picked":"Metallicize+1","floor":18},{"not_picked":["Hemokinesis","Heavy Blade","Pommel Strike"],"picked":"Dark Embrace","floor":22},{"not_picked":["Wild Strike+1","Body Slam","Battle Trance"],"picked":"Metallicize","floor":24},{"not_picked":["Wild Strike","Dual Wield+1","Hemokinesis+1","Armaments+1"],"picked":"SKIP","floor":27}],"player_experience":366602,"relics_obtained":[{"floor":7,"key":"Question Card"},{"floor":9,"key":"Matryoshka"},{"floor":11,"key":"Lantern"},{"floor":11,"key":"Happy Flower"},{"floor":13,"key":"Potion Belt"},{"floor":26,"key":"Tiny Chest"},{"floor":26,"key":"Ancient Tea Set"}],"event_choices":[{"event_name":"Shining Light","player_choice":"Entered Light","floor":2,"damage_taken":0},{"event_name":"Liars Game","player_choice":"disagreed","floor":8,"damage_taken":0},{"event_name":"Drug Dealer","player_choice":"Got JAXXED","floor":19,"damage_taken":0},{"event_name":"The Mausoleum","player_choice":"No","floor":21,"damage_taken":0}],"boss_relics":[{"not_picked":["Orrery","Ectoplasm"],"picked":"Pandora\u0027s Box"}],"items_purged_floors":[20],"is_endless":false,"potions_floor_spawned":[3,4,7,13,14,16,18,22],"killed_by":"Cultist and Chosen","ascension_level":9}