{"gold_per_floor":[114,131,141,156,106,132,132,55,80,80,104,119,135,135],"floor_reached":14,"playtime":2595,"items_purged":[],"score":101,"play_id":"a3490215-b897-45e8-975a-8297e5dcf962","local_time":"20190128154654","is_ascension_mode":true,"campfire_choices":[{"data":"Armaments","floor":7,"key":"SMITH"},{"data":"Inflame","floor":10,"key":"SMITH"}],"neow_cost":"NONE","seed_source_timestamp":525852092079809,"circlet_count":0,"master_deck":["Strike_R","Strike_R","Strike_R","Strike_R","Defend_R","Defend_R","Defend_R","Defend_R","Bash","Armaments+1","Body Slam","Headbutt","Inflame+1","Iron Wave","Burning Pact"],"relics":["White Beast Statue","Bronze Scales","Strawberry","Odd Mushroom"],"potions_floor_usage":[4,4,4,6,11,14],"damage_taken":[{"damage":11,"enemies":"Jaw Worm","floor":1,"turns":4},{"damage":2,"enemies":"Small Slimes","floor":2,"turns":5},{"damage":2,"enemies":"2 Louse","floor":3,"turns":3},{"damage":3,"enemies":"Large Slime","floor":4,"turns":6},{"damage":34,"enemies":"Gremlin Nob","floor":6,"turns":5},{"damage":13,"enemies":"The Mushroom Lair","floor":11,"turns":5},{"damage":6,"enemies":"Looter","floor":12,"turns":3},{"damage":4,"enemies":"Red Slaver","floor":13,"turns":4},{"damage":13,"enemies":"Lagavulin","floor":14,"turns":3}],"seed_played":"5475714625232861733","potions_obtained":[{"floor":1,"key":"Swift Potion"},{"floor":2,"key":"SkillPotion"},{"floor":3,"key":"SpeedPotion"},{"floor":4,"key":"Explosive Potion"},{"floor":6,"key":"Block Potion"},{"floor":11,"key":"FearPotion"},{"floor":12,"key":"Explosive Potion"},{"floor":13,"key":"Ancient Potion"}],"is_trial":false,"path_per_floor":["M","M","M","M","?","E","R","$","T","R","?","M","M","E"],"character_chosen":"IRONCLAD","items_purchased":["Inflame"],"campfire_rested":0,"item_purchase_floors":[8],"current_hp_per_floor":[69,67,65,62,62,28,28,28,35,35,22,16,12,0],"gold":135,"neow_bonus":"BOSS_RELIC","is_prod":false,"is_daily":false,"chose_seed":false,"campfire_upgraded":2,"win_rate":0,"timestamp":1548712014,"path_taken":["M","M","M","M","?","E","R","$","T","R","?","M","M","E"],"build_version":"2019-01-23","purchased_purges":0,"victory":false,"max_hp_per_floor":[80,80,80,80,80,80,80,80,87,87,87,87,87,87],"card_choices":[{"not_picked":["Flex","Dual Wield","Second Wind"],"picked":"SKIP","floor":1},{"not_picked":["Flex","Reckless Charge"],"picked":"Armaments","floor":2},{"not_picked":["Perfected Strike","Seeing Red"],"picked":"Body Slam","floor":3},{"not_picked":["Warcry","Anger","Searing Blow"],"picked":"SKIP","floor":4},{"not_picked":["Limit Break","Brutality"],"picked":"Headbutt","floor":6},{"not_picked":["Infernal Blade","Cleave"],"picked":"Iron Wave","floor":11},{"not_picked":["Blood for Blood","Power Through"],"picked":"Burning Pact","floor":12},{"not_picked":["Rupture","Clothesline","Thunderclap"],"picked":"SKIP","floor":13}],"player_experience":570783,"relics_obtained":[{"floor":6,"key":"Bronze Scales"},{"floor":9,"key":"Strawberry"},{"floor":11,"key":"Odd Mushroom"}],"event_choices":[{"cards_removed":["Strike_R"],"damage_healed":0,"gold_gain":0,"player_choice":"Card Removal","damage_taken":0,"max_hp_gain":0,"max_hp_loss":0,"event_name":"The Cleric","floor":5,"gold_loss":50},{"damage_healed":0,"gold_gain":0,"player_choice":"Fought Mushrooms","damage_taken":0,"max_hp_gain":0,"max_hp_loss":0,"event_name":"Mushrooms","floor":11,"gold_loss":0}],"is_beta":false,"boss_relics":[],"items_purged_floors":[],"is_endless":false,"potions_floor_spawned":[1,2,3,4,6,11,12,13],"killed_by":"Lagavulin","ascension_level":2}