{"gold_per_floor":[118,293,306,321,396,396,427,427,427,427],"floor_reached":10,"playtime":279,"items_purged":[],"score":92,"play_id":"4fdc6dd5-9e06-45c0-ab5c-4b4e74250a81","local_time":"20190202175958","is_ascension_mode":true,"campfire_choices":[{"data":"Zap","floor":6,"key":"SMITH"},{"floor":8,"key":"REST"}],"neow_cost":"NONE","seed_source_timestamp":103663792708945,"circlet_count":0,"master_deck":["Strike_B","Strike_B","Strike_B","Strike_B","Defend_B","Defend_B","Defend_B","Defend_B","Zap+1","Dualcast","Capacitor","Doubt","FTL","Gash","Scrape"],"relics":["Cracked Core","NeowsBlessing","Sundial","Oddly Smooth Stone"],"potions_floor_usage":[7,10],"damage_taken":[{"damage":0,"enemies":"2 Louse","floor":1,"turns":1},{"damage":0,"enemies":"Small Slimes","floor":3,"turns":1},{"damage":0,"enemies":"Cultist","floor":4,"turns":1},{"damage":35,"enemies":"3 Sentries","floor":7,"turns":7},{"damage":44,"enemies":"Lagavulin","floor":10,"turns":6}],"seed_played":"-580047086053742289","potions_obtained":[{"floor":1,"key":"EssenceOfSteel"},{"floor":4,"key":"GamblersBrew"}],"is_trial":false,"path_per_floor":["M","?","M","M","?","R","E","R","T","E"],"character_chosen":"DEFECT","items_purchased":[],"campfire_rested":1,"item_purchase_floors":[],"current_hp_per_floor":[68,68,68,68,57,57,22,44,44,0],"gold":427,"neow_bonus":"THREE_ENEMY_KILL","is_prod":false,"is_daily":false,"chose_seed":false,"campfire_upgraded":1,"win_rate":0,"timestamp":1549148398,"path_taken":["M","?","M","M","?","R","E","R","T","E"],"build_version":"2019-01-23","purchased_purges":0,"victory":false,"max_hp_per_floor":[75,75,75,75,75,75,75,75,75,75],"card_choices":[{"not_picked":["Go for the Eyes","BootSequence"],"picked":"Capacitor","floor":1},{"not_picked":["Ball Lightning","Sweeping Beam"],"picked":"FTL","floor":3},{"not_picked":["Streamline","Steam"],"picked":"Gash","floor":4},{"not_picked":["Cold Snap","Double Energy"],"picked":"Scrape","floor":7}],"player_experience":560265,"relics_obtained":[{"floor":7,"key":"Sundial"},{"floor":9,"key":"Oddly Smooth Stone"}],"event_choices":[{"damage_healed":0,"gold_gain":175,"player_choice":"AGREE","damage_taken":0,"max_hp_gain":0,"max_hp_loss":0,"event_name":"Liars Game","floor":2,"gold_loss":0,"cards_obtained":["Doubt"]},{"damage_healed":0,"gold_gain":75,"player_choice":"Gather Gold","damage_taken":11,"max_hp_gain":0,"max_hp_loss":0,"event_name":"World of Goop","floor":5,"gold_loss":0}],"is_beta":false,"boss_relics":[],"items_purged_floors":[],"is_endless":false,"potions_floor_spawned":[1,4],"killed_by":"Lagavulin","ascension_level":8}