{"gold_per_floor":[112,124,135,154,170,170,184,184,208,235,235,290,72,105,105,202,202,215,227,152,232,232,232,232,232,232,232,79,79,79,91,91,194,194,207,0,0,100,200,200,218,218,218,253,253,128,153,163,163,163,163,163,13,46,46],"floor_reached":55,"playtime":6039,"items_purged":["Strike_R","Strike_R","Strike_R","Defend_R"],"score":857,"play_id":"fd87b9d3-5ba5-4a96-923f-b2121ffc9467","local_time":"20181211012554","is_ascension_mode":true,"campfire_choices":[{"data":"Armaments","floor":6,"key":"SMITH"},{"data":"Spot Weakness","floor":15,"key":"SMITH"},{"floor":23,"key":"RECALL"},{"data":"Body Slam","floor":27,"key":"SMITH"},{"data":"Shrug It Off","floor":29,"key":"SMITH"},{"data":"Shrug It Off","floor":32,"key":"SMITH"},{"data":"Limit Break","floor":40,"key":"SMITH"},{"data":"Madness","floor":42,"key":"SMITH"},{"floor":49,"key":"REST"},{"data":"Heavy Blade","floor":52,"key":"SMITH"}],"neow_cost":"PERCENT_DAMAGE","seed_source_timestamp":368099017098417,"circlet_count":0,"master_deck":["Strike_R","Defend_R","Defend_R","Defend_R","Bash","Master of Strategy","Flash of Steel","Shrug It Off+1","Armaments+1","Shrug It Off","Spot Weakness+1","Iron Wave","Heavy Blade+1","Spot Weakness+1","Body Slam+1","Shrug It Off+1","Limit Break+1","Madness+1","Shrug It Off+1","Fire Breathing+1","Madness","Madness","Metallicize+1","Metallicize+1"],"relics":["Black Blood","Blood Vial","Pocketwatch","Paper Frog","Tiny Chest","Juzu Bracelet","Ancient Tea Set","Mercury Hourglass","Sozu","Red Mask","Unceasing Top","Frozen Egg 2","Self Forming Clay","Letter Opener","Red Skull"],"potions_floor_usage":[10,14,16,31,33,33,50],"damage_taken":[{"damage":1,"enemies":"Cultist","floor":1,"turns":3},{"damage":10,"enemies":"Small Slimes","floor":2,"turns":3},{"damage":3,"enemies":"Jaw Worm","floor":3,"turns":4},{"damage":2,"enemies":"Blue Slaver","floor":4,"turns":6},{"damage":4,"enemies":"Large Slime","floor":5,"turns":7},{"damage":1,"enemies":"Exordium Wildlife","floor":7,"turns":4},{"damage":16,"enemies":"Gremlin Nob","floor":10,"turns":5},{"damage":17,"enemies":"3 Sentries","floor":12,"turns":6},{"damage":0,"enemies":"Lagavulin","floor":14,"turns":7},{"damage":25,"enemies":"The Guardian","floor":16,"turns":7},{"damage":20,"enemies":"2 Thieves","floor":18,"turns":4},{"damage":9,"enemies":"Shell Parasite","floor":19,"turns":5},{"damage":4,"enemies":"Snecko","floor":31,"turns":5},{"damage":71,"enemies":"Collector","floor":33,"turns":9},{"damage":2,"enemies":"3 Shapes","floor":35,"turns":3},{"damage":3,"enemies":"Mind Bloom Boss Battle","floor":39,"turns":8},{"damage":14,"enemies":"3 Darklings","floor":41,"turns":4},{"damage":21,"enemies":"Giant Head","floor":44,"turns":6},{"damage":30,"enemies":"Reptomancer","floor":47,"turns":5},{"damage":19,"enemies":"Maw","floor":48,"turns":6},{"damage":35,"enemies":"Donu and Deca","floor":50,"turns":6},{"damage":39,"enemies":"Shield and Spear","floor":54,"turns":6},{"damage":60,"enemies":"The Heart","floor":55,"turns":5}],"seed_played":"-1619903830263402695","potions_obtained":[{"floor":3,"key":"Block Potion"},{"floor":5,"key":"Weak Potion"},{"floor":10,"key":"Ancient Potion"},{"floor":12,"key":"Regen Potion"},{"floor":14,"key":"SpeedPotion"},{"floor":19,"key":"Swift Potion"},{"floor":33,"key":"LiquidBronze"}],"is_trial":false,"path_per_floor":["M","M","M","M","M","R","M","?","T","E","T","E","$","E","R","B",null,"M","M","?","T","?","R","?","?","T","R","$","R","?","M","R","B",null,"M","?","?","?","?","R","M","R","T","E","?","$","E","M","R","B",null,"R","$","E","B"],"character_chosen":"IRONCLAD","items_purchased":["Juzu Bracelet","Shrug It Off"],"campfire_rested":1,"item_purchase_floors":[13,28],"current_hp_per_floor":[61,57,60,64,66,66,71,71,71,63,63,54,54,62,62,45,80,70,73,73,73,73,73,58,58,58,58,58,58,85,85,85,39,85,85,85,85,85,85,85,81,81,81,72,61,61,43,36,61,38,85,85,85,56,0],"gold":46,"neow_bonus":"RANDOM_COLORLESS_2","is_prod":false,"is_daily":false,"chose_seed":false,"campfire_upgraded":8,"win_rate":0,"timestamp":1544513154,"path_taken":["M","M","?","M","?","R","M","?","T","E","?","E","?","E","R","BOSS","M","M","?","?","?","R","?","?","T","R","$","R","?","M","R","BOSS","M","?","?","?","?","R","M","R","T","E","?","$","E","M","R","BOSS","R","$","E","BOSS"],"build_version":"2018-12-06","purchased_purges":4,"victory":false,"max_hp_per_floor":[80,80,80,80,80,80,80,80,80,80,80,80,80,80,80,80,80,80,80,80,80,80,80,85,85,85,85,85,85,85,85,85,85,85,85,85,85,85,85,85,85,85,85,85,85,85,85,85,85,85,85,85,85,85,85],"card_choices":[{"not_picked":["Havoc","Flex"],"picked":"Shrug It Off","floor":1},{"not_picked":["Body Slam","Burning Pact"],"picked":"Armaments","floor":2},{"not_picked":["Wild Strike","Offering"],"picked":"Shrug It Off","floor":3},{"not_picked":["Second Wind","Twin Strike"],"picked":"Spot Weakness","floor":4},{"not_picked":["Pommel Strike","Flex","Havoc"],"picked":"SKIP","floor":5},{"not_picked":["Wild Strike","Headbutt"],"picked":"Iron Wave","floor":7},{"not_picked":["Armaments","Perfected Strike","Reaper"],"picked":"SKIP","floor":10},{"not_picked":["Cleave","Wild Strike"],"picked":"Heavy Blade","floor":12},{"not_picked":["Perfected Strike","Fire Breathing","Sentinel"],"picked":"SKIP","floor":14},{"not_picked":["Carnage","Iron Wave","Evolve"],"picked":"SKIP","floor":18},{"not_picked":["Flex","Power Through","Twin Strike"],"picked":"SKIP","floor":19},{"not_picked":["Rampage","Warcry","Havoc"],"picked":"SKIP","floor":31},{"not_picked":["Dark Embrace","Feed"],"picked":"Limit Break","floor":33},{"not_picked":["Body Slam","Infernal Blade+1","Heavy Blade"],"picked":"SKIP","floor":35},{"not_picked":["Chrysalis","Forethought"],"picked":"Madness","floor":37},{"not_picked":["Warcry","Havoc+1"],"picked":"Shrug It Off+1","floor":39},{"not_picked":["Iron Wave+1","Warcry","Blood for Blood"],"picked":"SKIP","floor":41},{"not_picked":["Brutality+1","Headbutt+1"],"picked":"Fire Breathing+1","floor":44},{"not_picked":["Clash+1","Anger+1","Iron Wave+1"],"picked":"SKIP","floor":47},{"not_picked":["Anger","Double Tap"],"picked":"Metallicize+1","floor":48},{"not_picked":["Iron Wave","Dropkick+1"],"picked":"Metallicize+1","floor":54}],"player_experience":161322,"relics_obtained":[{"floor":9,"key":"Blood Vial"},{"floor":10,"key":"Pocketwatch"},{"floor":11,"key":"Paper Frog"},{"floor":12,"key":"Tiny Chest"},{"floor":14,"key":"Ancient Tea Set"},{"floor":21,"key":"Mercury Hourglass"},{"floor":39,"key":"Unceasing Top"},{"floor":43,"key":"Frozen Egg 2"},{"floor":44,"key":"Self Forming Clay"},{"floor":47,"key":"Letter Opener"},{"floor":54,"key":"Red Skull"}],"event_choices":[{"damage_healed":0,"gold_gain":0,"player_choice":"Ignored","damage_taken":0,"max_hp_gain":0,"max_hp_loss":0,"event_name":"Liars Game","floor":8,"gold_loss":0},{"cards_removed":["Strike_R"],"damage_healed":0,"gold_gain":0,"player_choice":"Gave Gold","damage_taken":0,"max_hp_gain":0,"max_hp_loss":0,"event_name":"Beggar","floor":20,"gold_loss":75},{"damage_healed":0,"gold_gain":0,"player_choice":"Copied","damage_taken":0,"max_hp_gain":0,"max_hp_loss":0,"event_name":"Duplicator","floor":22,"gold_loss":0,"cards_obtained":["Spot Weakness"]},{"damage_healed":0,"gold_gain":0,"player_choice":"Shed Blood","damage_taken":20,"max_hp_gain":5,"max_hp_loss":0,"event_name":"Forgotten Altar","floor":24,"gold_loss":0},{"damage_healed":0,"gold_gain":0,"player_choice":"Read","damage_taken":0,"max_hp_gain":0,"max_hp_loss":0,"event_name":"The Library","floor":25,"gold_loss":0,"cards_obtained":["Body Slam"]},{"damage_healed":27,"gold_gain":0,"player_choice":"Full Heal","damage_taken":0,"max_hp_gain":0,"max_hp_loss":0,"event_name":"Wheel of Change","floor":30,"gold_loss":0},{"damage_healed":0,"gold_gain":0,"player_choice":"Paid","damage_taken":0,"relics_obtained":["Red Mask"],"max_hp_gain":0,"max_hp_loss":0,"event_name":"Tomb of Lord Red Mask","floor":36,"gold_loss":207},{"damage_healed":0,"gold_gain":0,"player_choice":"Memory 1","damage_taken":0,"max_hp_gain":0,"max_hp_loss":0,"event_name":"SensoryStone","floor":37,"gold_loss":0},{"damage_healed":0,"gold_gain":100,"player_choice":"Pray","damage_taken":0,"max_hp_gain":0,"max_hp_loss":0,"event_name":"Golden Shrine","floor":38,"gold_loss":0},{"damage_healed":0,"gold_gain":0,"player_choice":"Fight","damage_taken":0,"max_hp_gain":0,"max_hp_loss":0,"event_name":"MindBloom","floor":39,"gold_loss":0},{"damage_healed":0,"gold_gain":0,"player_choice":"Embrace Madness","damage_taken":11,"max_hp_gain":0,"max_hp_loss":0,"event_name":"Winding Halls","floor":45,"gold_loss":0,"cards_obtained":["Madness","Madness"]}],"is_beta":false,"boss_relics":[{"not_picked":["Runic Cube","Runic Pyramid"],"picked":"Black Blood"},{"not_picked":["Black Star","Philosopher\u0027s Stone"],"picked":"Sozu"}],"items_purged_floors":[13,28,46,53],"is_endless":false,"potions_floor_spawned":[3,5,10,12,14,19,33,41,47,48,54],"killed_by":"The Heart","ascension_level":1}