{"gold_per_floor":[117,84,98,115,133,133,160,176,202,212,13,13,41,103,103,202,202,215,215,232,245,245,271,271,271],"floor_reached":25,"playtime":2630,"items_purged":["Storm"],"score":256,"play_id":"05f2b76d-8295-4811-8d3a-511a4fcaa574","local_time":"20181224233407","is_ascension_mode":true,"campfire_choices":[{"data":"Zap","floor":6.0,"key":"SMITH"},{"floor":12.0,"key":"REST"},{"floor":15.0,"key":"REST"},{"floor":24,"key":"REST"}],"neow_cost":"NONE","seed_source_timestamp":0,"circlet_count":0,"master_deck":["Strike_B","Strike_B","Strike_B","Strike_B","Defend_B","Defend_B","Defend_B","Defend_B","Zap+1","Dualcast","Conserve Battery","Static Discharge","Loop","Leap","Conserve Battery","Coolheaded","Sweeping Beam","Streamline","Loop","Ball Lightning","Creative AI","Cold Snap","Ball Lightning+1"],"special_seed":0,"relics":["Cracked Core","Happy Flower","Omamori","Oddly Smooth Stone","Vajra","Cursed Key","Nloth\u0027s Gift","Strawberry"],"potions_floor_usage":[],"damage_taken":[{"damage":1.0,"enemies":"Cultist","floor":1.0,"turns":4.0},{"damage":1.0,"enemies":"2 Louse","floor":3.0,"turns":2.0},{"damage":8.0,"enemies":"Jaw Worm","floor":4.0,"turns":4.0},{"damage":29.0,"enemies":"Gremlin Gang","floor":5.0,"turns":6.0},{"damage":22.0,"enemies":"Gremlin Nob","floor":7.0,"turns":4.0},{"damage":4.0,"enemies":"Blue Slaver","floor":8.0,"turns":4.0},{"damage":0.0,"enemies":"Large Slime","floor":10.0,"turns":7.0},{"damage":9.0,"enemies":"Lagavulin","floor":13.0,"turns":6.0},{"damage":16.0,"enemies":"Gremlin Nob","floor":14.0,"turns":4.0},{"damage":8.0,"enemies":"Slime Boss","floor":16.0,"turns":9.0},{"damage":5.0,"enemies":"3 Byrds","floor":18.0,"turns":3.0},{"damage":2.0,"enemies":"Chosen","floor":20.0,"turns":5.0},{"damage":13.0,"enemies":"Snecko","floor":21.0,"turns":5.0},{"damage":21.0,"enemies":"Book of Stabbing","floor":23.0,"turns":5.0},{"damage":69,"enemies":"Slavers","floor":25,"turns":3}],"seed_played":"-4111812177548102535","potions_obtained":[{"floor":3.0,"key":"Dexterity Potion"},{"floor":4.0,"key":"Dexterity Potion"},{"floor":8.0,"key":"Strength Potion"},{"floor":13.0,"key":"SteroidPotion"},{"floor":14.0,"key":"GamblersBrew"},{"floor":16.0,"key":"Energy Potion"},{"floor":20.0,"key":"Fire Potion"},{"floor":21.0,"key":"AttackPotion"},{"floor":23,"key":"Poison Potion"}],"is_trial":false,"path_per_floor":["M","$","M","M","M","R","E","M","T","M","$","R","E","?","R","B",null,"M","?","M","M","?","E","E","R","E"],"character_chosen":"DEFECT","items_purchased":["Static Discharge","Streamline","Loop"],"campfire_rested":3,"item_purchase_floors":[2,11,11],"current_hp_per_floor":[74,74,73,65,36,36,14,10,10,10,10,32,23,7,29,21,75,70,70,68,55,55,41,65,0],"gold":271,"neow_bonus":"RANDOM_COMMON_RELIC","is_prod":false,"is_daily":false,"chose_seed":false,"campfire_upgraded":1,"win_rate":0,"timestamp":1545716047,"path_taken":["M","?","M","M","M","R","E","M","T","?","$","R","E","?","R","BOSS","M","?","M","?","?","E","R","E"],"build_version":"2018-12-20","purchased_purges":1,"victory":false,"max_hp_per_floor":[75,75,75,75,75,75,75,75,75,75,75,75,75,75,75,75,75,75,75,75,75,75,82,82,82],"card_choices":[{"not_picked":["Turbo","Streamline"],"picked":"Conserve Battery","floor":1.0},{"not_picked":["Consume","Leap"],"picked":"Loop","floor":3.0},{"not_picked":["Turbo","Steam Power"],"picked":"Leap","floor":4.0},{"not_picked":["Steam Power","Barrage"],"picked":"Conserve Battery","floor":5.0},{"not_picked":["Multi-Cast","Beam Cell"],"picked":"Storm","floor":7.0},{"not_picked":["Sweeping Beam","Go for the Eyes"],"picked":"Coolheaded","floor":8.0},{"not_picked":["Consume","Undo"],"picked":"Sweeping Beam","floor":10.0},{"not_picked":["Sweeping Beam","Genetic Algorithm","Rebound"],"picked":"SKIP","floor":13.0},{"not_picked":["Turbo","Undo"],"picked":"Ball Lightning","floor":14.0},{"not_picked":["Meteor Strike","Amplify"],"picked":"Creative AI","floor":16.0},{"not_picked":["Chaos","Streamline","Leap"],"picked":"SKIP","floor":18.0},{"not_picked":["Seek","Leap+1","Storm+1"],"picked":"SKIP","floor":20.0},{"not_picked":["Ball Lightning+1","Defragment"],"picked":"Cold Snap","floor":21.0},{"not_picked":["Multi-Cast","Blizzard"],"picked":"Ball Lightning+1","floor":23}],"player_experience":262041,"relics_obtained":[{"floor":7.0,"key":"Omamori"},{"floor":9.0,"key":"Potion Belt"},{"floor":13.0,"key":"Oddly Smooth Stone"},{"floor":14.0,"key":"Vajra"},{"floor":23,"key":"Strawberry"}],"event_choices":[{"damage_healed":0.0,"max_hp_gain":0.0,"max_hp_loss":0.0,"gold_gain":30.0,"event_name":"Dead Adventurer","player_choice":"Searched \u00273\u0027 times","floor":14.0,"gold_loss":0.0,"damage_taken":0.0},{"damage_healed":0.0,"max_hp_gain":0.0,"max_hp_loss":0.0,"gold_gain":0.0,"event_name":"N\u0027loth","player_choice":"Traded Relic","floor":19.0,"relics_lost":["Potion Belt"],"gold_loss":0.0,"damage_taken":0.0,"relics_obtained":["Nloth\u0027s Gift"]},{"damage_healed":0.0,"max_hp_gain":0.0,"max_hp_loss":0.0,"gold_gain":0.0,"event_name":"Ghosts","player_choice":"Ignored","floor":22.0,"gold_loss":0.0,"damage_taken":0.0}],"is_beta":false,"boss_relics":[{"not_picked":["Runic Pyramid","FrozenCore"],"picked":"Cursed Key"}],"items_purged_floors":[11],"is_endless":false,"potions_floor_spawned":[3,4,8,13,14,16,20,21,23],"killed_by":"Slavers","ascension_level":2}