{"gold_per_floor":[109,109,109,120,137,172,172,203,203,213,243,243,260,272,272,371,371,385,124,124,90,90,90,109,109,161,178,193,204,204,219,219,323,323,340,389,91,91,107,107,121,21,21,21,21,35,54,54,54,54],"floor_reached":50,"playtime":2779,"items_purged":["Injury","Defend_B"],"score":711,"play_id":"8f1e1a35-f45a-4737-9643-20b4dfee0786","local_time":"20190127021404","is_ascension_mode":true,"campfire_choices":[{"floor":12,"key":"REST"},{"data":"1","floor":15,"key":"LIFT"},{"data":"2","floor":23,"key":"LIFT"},{"floor":30,"key":"REST"},{"data":"3","floor":32,"key":"LIFT"},{"floor":40,"key":"RECALL"},{"data":"Fusion","floor":44,"key":"SMITH"},{"floor":49,"key":"REST"}],"neow_cost":"CURSE","seed_source_timestamp":809773982382824,"circlet_count":0,"master_deck":["Defend_B","Defend_B","Dualcast","Conserve Battery","Hyperbeam","White Noise","Hyperbeam","Gash","Stack","Beam Cell","Go for the Eyes","Creative AI","Fusion+1","Self Repair","Gash","Flash of Steel","Scrape","Steam","FTL","Force Field","Heatsinks+1","Echo Form","Gash+1","Storm+1","Static Discharge+1","Streamline+1","Leap+1","Flash of Steel","Fusion+1","White Noise+1","Leap+1","Gash"],"relics":["Cracked Core","Girya","Regal Pillow","Pear","PreservedInsect","Bronze Scales","Vajra","Matryoshka","Sozu","Centennial Puzzle","Astrolabe","StoneCalendar","Lee\u0027s Waffle","Potion Belt","Bottled Flame"],"potions_floor_usage":[6,10,16],"damage_taken":[{"damage":8,"enemies":"Jaw Worm","floor":1,"turns":4},{"damage":1,"enemies":"Cultist","floor":4,"turns":3},{"damage":0,"enemies":"Small Slimes","floor":5,"turns":2},{"damage":28,"enemies":"Gremlin Nob","floor":6,"turns":4},{"damage":0,"enemies":"3 Sentries","floor":8,"turns":2},{"damage":9,"enemies":"Red Slaver","floor":10,"turns":2},{"damage":5,"enemies":"Lagavulin","floor":11,"turns":3},{"damage":0,"enemies":"Large Slime","floor":13,"turns":2},{"damage":0,"enemies":"3 Louse","floor":14,"turns":1},{"damage":6,"enemies":"Slime Boss","floor":16,"turns":6},{"damage":5,"enemies":"3 Byrds","floor":18,"turns":2},{"damage":26,"enemies":"2 Thieves","floor":24,"turns":3},{"damage":8,"enemies":"Sentry and Sphere","floor":27,"turns":4},{"damage":32,"enemies":"Snecko","floor":28,"turns":5},{"damage":12,"enemies":"Snake Plant","floor":29,"turns":3},{"damage":0,"enemies":"3 Cultists","floor":31,"turns":3},{"damage":19,"enemies":"Collector","floor":33,"turns":9},{"damage":7,"enemies":"3 Shapes","floor":35,"turns":2},{"damage":30,"enemies":"2 Orb Walkers","floor":36,"turns":3},{"damage":12,"enemies":"Orb Walker","floor":39,"turns":3},{"damage":0,"enemies":"Jaw Worm Horde","floor":41,"turns":1},{"damage":27,"enemies":"Writhing Mass","floor":46,"turns":4},{"damage":34,"enemies":"4 Shapes","floor":47,"turns":2},{"damage":85,"enemies":"Time Eater","floor":50,"turns":7}],"seed_played":"886501825501547530","potions_obtained":[{"floor":1,"key":"AttackPotion"},{"floor":8,"key":"Energy Potion"},{"floor":11,"key":"Strength Potion"}],"is_trial":false,"path_per_floor":["M","?","T","M","M","E","?","E","T","M","E","R","M","M","R","B",null,"M","$","?","$","?","R","M","?","T","M","M","M","R","M","R","B",null,"M","?","$","?","M","R","M","$","T","R","?","M","M","$","R","B"],"character_chosen":"DEFECT","items_purchased":["Self Repair","Gash","Flash of Steel","Scrape","Lee\u0027s Waffle","Flash of Steel"],"campfire_rested":3,"item_purchase_floors":[19,19,19,21,37,37],"current_hp_per_floor":[60,60,60,59,59,41,41,41,41,32,27,67,67,67,67,61,79,74,74,58,58,58,58,39,39,39,38,13,8,50,57,57,45,79,79,49,97,97,85,85,85,85,85,85,85,72,38,38,82,0],"gold":54,"neow_bonus":"ONE_RARE_RELIC","is_prod":false,"is_daily":false,"chose_seed":false,"campfire_upgraded":1,"win_rate":0,"timestamp":1548573244,"path_taken":["M","?","?","?","M","E","?","E","T","M","E","R","M","?","R","BOSS","M","$","?","$","?","R","M","?","T","M","?","M","R","?","R","BOSS","M","?","$","?","?","R","M","$","T","R","?","?","?","?","R","BOSS"],"build_version":"2019-01-23","purchased_purges":2,"victory":false,"max_hp_per_floor":[75,75,75,75,75,85,85,85,85,85,85,85,85,85,85,85,85,85,85,90,90,90,90,90,90,90,90,90,90,90,90,90,90,90,90,90,97,97,97,97,97,97,97,97,97,97,97,97,97,97],"card_choices":[{"not_picked":["Consume","Go for the Eyes"],"picked":"Conserve Battery","floor":1},{"not_picked":["Barrage","Streamline"],"picked":"Sunder","floor":4},{"not_picked":["Leap","Redo"],"picked":"White Noise","floor":5},{"not_picked":["Steam","Compile Driver"],"picked":"Hyperbeam","floor":6},{"not_picked":["Hologram","Coolheaded"],"picked":"Gash","floor":8},{"not_picked":["Tempest","Coolheaded"],"picked":"Stack","floor":10},{"not_picked":["Double Energy","Scrape","Stack"],"picked":"SKIP","floor":11},{"not_picked":["Cold Snap","Gash"],"picked":"Beam Cell","floor":13},{"not_picked":["Static Discharge","Compile Driver"],"picked":"Go for the Eyes","floor":14},{"not_picked":["Amplify","Seek"],"picked":"Creative AI","floor":16},{"not_picked":["Scrape","Barrage"],"picked":"Fusion","floor":18},{"not_picked":["Scrape","Sweeping Beam"],"picked":"FTL","floor":24},{"not_picked":["Cold Snap+1","Steam+1"],"picked":"Force Field","floor":27},{"not_picked":["Sunder","Coolheaded+1","Barrage"],"picked":"SKIP","floor":28},{"not_picked":["Gash","Redo"],"picked":"Heatsinks+1","floor":29},{"not_picked":["Lockon","Melter","Ball Lightning"],"picked":"SKIP","floor":31},{"not_picked":["Buffer","Multi-Cast"],"picked":"Echo Form","floor":33},{"not_picked":["Cold Snap+1","Rebound"],"picked":"Streamline+1","floor":35},{"not_picked":["Ball Lightning","Double Energy+1"],"picked":"Leap+1","floor":36},{"not_picked":["Sweeping Beam","Consume"],"picked":"Fusion+1","floor":39},{"not_picked":["Aggregate+1","Hyperbeam"],"picked":"White Noise+1","floor":41},{"not_picked":["Ball Lightning","Consume"],"picked":"Leap+1","floor":46},{"not_picked":["Blizzard+1","Heatsinks+1"],"picked":"Gash","floor":47}],"player_experience":495595,"relics_obtained":[{"floor":3,"key":"Regal Pillow"},{"floor":6,"key":"Pear"},{"floor":8,"key":"Bronze Scales"},{"floor":9,"key":"Vajra"},{"floor":11,"key":"Matryoshka"},{"floor":26,"key":"Centennial Puzzle"},{"floor":36,"key":"StoneCalendar"},{"floor":43,"key":"Potion Belt"},{"floor":43,"key":"Bottled Flame"}],"event_choices":[{"damage_healed":0,"gold_gain":0,"cards_transformed":["Strike_B"],"player_choice":"Change","damage_taken":0,"max_hp_gain":0,"max_hp_loss":0,"event_name":"Living Wall","floor":2,"gold_loss":0,"cards_obtained":["Hyperbeam"]},{"cards_removed":["Sunder"],"damage_healed":0,"gold_gain":0,"player_choice":"Gave Card","damage_taken":0,"relics_obtained":["PreservedInsect"],"max_hp_gain":0,"max_hp_loss":0,"event_name":"WeMeetAgain","floor":7,"gold_loss":0},{"damage_healed":0,"gold_gain":0,"player_choice":"Shed Blood","damage_taken":21,"max_hp_gain":5,"max_hp_loss":0,"event_name":"Forgotten Altar","floor":20,"gold_loss":0},{"damage_healed":0,"gold_gain":0,"player_choice":"Read","damage_taken":0,"max_hp_gain":0,"max_hp_loss":0,"event_name":"The Library","floor":22,"gold_loss":0,"cards_obtained":["Steam"]},{"cards_removed":["Zap"],"damage_healed":0,"gold_gain":0,"player_choice":"Purged","damage_taken":0,"max_hp_gain":0,"max_hp_loss":0,"event_name":"Purifier","floor":25,"gold_loss":0},{"damage_healed":0,"gold_gain":0,"player_choice":"Fight","damage_taken":0,"max_hp_gain":0,"max_hp_loss":0,"event_name":"Mysterious Sphere","floor":36,"gold_loss":0},{"cards_removed":["Strike_B"],"damage_healed":0,"gold_gain":0,"player_choice":"Purged","damage_taken":0,"max_hp_gain":0,"max_hp_loss":0,"event_name":"Purifier","floor":38,"gold_loss":0},{"damage_healed":0,"gold_gain":0,"player_choice":"0 cards matched","damage_taken":0,"max_hp_gain":0,"max_hp_loss":0,"event_name":"Match and Keep!","floor":45,"gold_loss":0,"cards_obtained":[]}],"is_beta":false,"boss_relics":[{"not_picked":["Eternal Feather","Orrery"],"picked":"Sozu"},{"not_picked":["Empty Cage","Black Star"],"picked":"Astrolabe"}],"items_purged_floors":[19,42],"is_endless":false,"potions_floor_spawned":[1,8,11,18,27,36,41],"killed_by":"Time Eater","ascension_level":6}