{"path_per_floor":["M","$","?","M","?","E","T","R","T","M","R","T","E","M","R","B",null,"M","?","T","$","?","R","E","M","T","$","?","R","E","M","R","B",null,"M","M","?","M","M","E","R","E","T","$","?","M","E","?","R","B"],"character_chosen":"THE_SILENT","items_purchased":["Art of War"],"gold_per_floor":[115,40,40,60,135,165,165,165,165,176,176,250,278,292,292,392,392,392,392,392,148,148,148,148,148,148,23,23,23,23,23,23,23,23,23,23,23,23,23,23,23,23,23,23,23,23,23,23,23,23],"floor_reached":51,"campfire_rested":1,"playtime":3186,"item_purchase_floors":[21],"current_hp_per_floor":[67,67,67,67,56,32,32,32,32,44,44,44,43,33,33,25,70,70,70,70,70,70,70,66,66,66,66,66,66,66,56,56,56,70,75,75,70,65,65,65,65,55,55,55,46,38,38,38,60,52],"items_purged":["Defend_G","Strike_G","Strike_G"],"gold":23,"score":992,"play_id":"bd1af5db-88b2-4998-9877-594c76644728","local_time":"20180605152115","is_prod":false,"is_daily":false,"chose_seed":false,"is_ascension_mode":true,"campfire_upgraded":7,"win_rate":0,"timestamp":1528204875,"campfire_choices":[{"data":"Backflip","floor":8,"key":"SMITH"},{"data":"Bouncing Flask","floor":11,"key":"SMITH"},{"data":"Deflect","floor":15,"key":"SMITH"},{"data":"Corpse Explosion","floor":23,"key":"SMITH"},{"data":"Deadly Poison","floor":29,"key":"SMITH"},{"data":"Deadly Poison","floor":32,"key":"SMITH"},{"data":"Bouncing Flask","floor":41,"key":"SMITH"},{"floor":49,"key":"REST"}],"path_taken":["M","$","?","?","?","E","?","R","T","M","R","?","E","M","R","BOSS","M","?","?","$","?","R","E","?","T","$","?","R","E","M","R","BOSS","M","?","?","M","M","E","R","E","T","$","?","M","E","?","R","BOSS"],"build_version":"2018-05-31","seed_source_timestamp":1701991148606544,"purchased_purges":3,"victory":true,"master_deck":["Defend_G","Defend_G","Defend_G","Defend_G","Strike_G","Strike_G","Survivor","Neutralize+1","Deflect+1","Deadly Poison+1","Backflip+1","Bouncing Flask+1","Bouncing Flask+1","Deadly Poison+1","Footwork+1","Corpse Explosion+1","Deflect+1","Noxious Fumes+1","Footwork+1","Catalyst+1","Deflect+1","Madness+1","Madness+1","Blur+1","Footwork+1"],"max_hp_per_floor":[70,70,70,70,70,70,70,70,70,70,70,70,70,70,70,70,70,70,70,70,70,70,70,70,70,70,70,70,70,70,70,70,70,70,75,75,75,75,75,75,75,75,75,75,75,75,75,75,75,75],"relics":["Ring of the Snake","Dream Catcher","Meat on the Bone","Question Card","Frozen Egg 2","Prayer Wheel","Ectoplasm","Oddly Smooth Stone","Art of War","Thread and Needle","Letter Opener","Old Coin","White Beast Statue","Orichalcum","Toxic Egg 2","Omamori","Juzu Bracelet"],"card_choices":[{"not_picked":["Well Laid Plans","Quick Slash"],"picked":"Deflect","floor":1},{"not_picked":["Well Laid Plans","Flying Knee"],"picked":"Deadly Poison","floor":4},{"not_picked":["Dash","Bouncing Flask"],"picked":"Backflip","floor":6},{"not_picked":["Cloak And Dagger","Poisoned Stab","Bane"],"picked":"Bouncing Flask","floor":10},{"not_picked":["Flying Knee","Glass Knife","Quick Slash"],"picked":"Bouncing Flask","floor":13},{"not_picked":["Caltrops+1","Well Laid Plans+1","Outmaneuver"],"picked":"Deadly Poison","floor":14},{"not_picked":["Infinite Blades+1","Backflip","Flechettes"],"picked":"Footwork+1","floor":14},{"not_picked":["Night Terror","Doppelganger","Glass Knife"],"picked":"Corpse Explosion","floor":16},{"not_picked":["Dagger Throw","Poisoned Stab","Backstab"],"picked":"Deflect+1","floor":18},{"not_picked":["Slice+1","Quick Slash","Bane"],"picked":"Noxious Fumes+1","floor":18},{"not_picked":["Slice","Malaise+1","Poisoned Stab","Calculated Gamble+1"],"picked":"SKIP","floor":24},{"not_picked":["Quick Slash","Eviscerate","Dagger Spray"],"picked":"Footwork+1","floor":25},{"not_picked":["Slice+1","Cloak And Dagger","Infinite Blades+1","Leg Sweep"],"picked":"SKIP","floor":25},{"not_picked":["Flying Knee","Grand Finale","Masterful Stab","Acrobatics"],"picked":"SKIP","floor":30},{"not_picked":["Sucker Punch","Flechettes","Distraction","Backflip"],"picked":"SKIP","floor":31},{"not_picked":["Footwork+1","PiercingWail","Predator+1","All Out Attack"],"picked":"SKIP","floor":31},{"not_picked":["Concentrate+1","Escape Plan","Choke"],"picked":"Catalyst+1","floor":35},{"not_picked":["Dagger Throw","Outmaneuver+1","Dodge and Roll+1","Masterful Stab"],"picked":"SKIP","floor":35},{"not_picked":["Dagger Spray","Flying Knee","Quick Slash","Deflect"],"picked":"SKIP","floor":36},{"not_picked":["Flying Knee","Dagger Spray+1","Skewer+1","Expertise+1"],"picked":"SKIP","floor":36},{"not_picked":["All Out Attack","Sucker Punch","Finisher","Dagger Spray"],"picked":"SKIP","floor":38},{"not_picked":["Underhanded Strike+1","Accuracy+1","Leg Sweep","PiercingWail"],"picked":"SKIP","floor":38},{"not_picked":["Dodge and Roll","Flying Knee","Backstab+1","Dagger Spray"],"picked":"SKIP","floor":39},{"not_picked":["Endless Agony","Heel Hook","Distraction+1","Accuracy+1"],"picked":"SKIP","floor":39},{"not_picked":["Outmaneuver+1","Noxious Fumes+1","Riddle With Holes"],"picked":"Deflect+1","floor":40},{"not_picked":["Accuracy+1","Malaise","Setup+1","Quick Slash"],"picked":"SKIP","floor":42},{"not_picked":["Flying Knee+1","Underhanded Strike","Terror+1"],"picked":"Blur+1","floor":46},{"not_picked":["Backstab","Concentrate+1","Cloak And Dagger+1","PiercingWail+1"],"picked":"SKIP","floor":46},{"not_picked":["Backstab","Poisoned Stab","Cloak And Dagger+1"],"picked":"Footwork+1","floor":47}],"player_experience":192761,"potions_floor_usage":[6,14,35,35,38,38,40,42,50,50],"damage_taken":[{"damage":3,"enemies":"2 Louse","floor":1,"turns":4},{"damage":0,"enemies":"Jaw Worm","floor":4,"turns":4},{"damage":24,"enemies":"3 Sentries","floor":6,"turns":13},{"damage":0,"enemies":"Cultist","floor":10,"turns":4},{"damage":13,"enemies":"Lagavulin","floor":13,"turns":5},{"damage":22,"enemies":"Exordium Thugs","floor":14,"turns":5},{"damage":20,"enemies":"The Guardian","floor":16,"turns":8},{"damage":0,"enemies":"Chosen","floor":18,"turns":4},{"damage":4,"enemies":"Gremlin Leader","floor":24,"turns":6},{"damage":0,"enemies":"Shell Parasite","floor":25,"turns":3},{"damage":0,"enemies":"Book of Stabbing","floor":30,"turns":4},{"damage":10,"enemies":"Snake Plant","floor":31,"turns":4},{"damage":0,"enemies":"Automaton","floor":33,"turns":7},{"damage":0,"enemies":"3 Darklings","floor":35,"turns":5},{"damage":0,"enemies":"Orb Walker","floor":36,"turns":2},{"damage":5,"enemies":"4 Shapes","floor":38,"turns":3},{"damage":0,"enemies":"3 Darklings","floor":39,"turns":5},{"damage":0,"enemies":"Giant Head","floor":40,"turns":7},{"damage":10,"enemies":"Nemesis","floor":42,"turns":5},{"damage":20,"enemies":"Sphere and 2 Shapes","floor":46,"turns":5},{"damage":0,"enemies":"Giant Head","floor":47,"turns":7},{"damage":8,"enemies":"Donu and Deca","floor":50,"turns":11}],"relics_obtained":[{"floor":6,"key":"Dream Catcher"},{"floor":7,"key":"Meat on the Bone"},{"floor":9,"key":"Question Card"},{"floor":12,"key":"Frozen Egg 2"},{"floor":13,"key":"Prayer Wheel"},{"floor":20,"key":"Oddly Smooth Stone"},{"floor":24,"key":"Thread and Needle"},{"floor":26,"key":"Letter Opener"},{"floor":30,"key":"Old Coin"},{"floor":40,"key":"Orichalcum"},{"floor":42,"key":"Toxic Egg 2"},{"floor":43,"key":"Omamori"},{"floor":47,"key":"Juzu Bracelet"}],"event_choices":[{"event_name":"Liars Game","player_choice":"disagreed","floor":3,"damage_taken":0},{"event_name":"World of Goop","player_choice":"Gather Gold","floor":5,"damage_taken":0},{"event_name":"Drug Dealer","player_choice":"Ignored","floor":19,"damage_taken":0},{"event_name":"Purifier","player_choice":"One Purge","floor":22,"damage_taken":0},{"event_name":"The Mausoleum","player_choice":"No","floor":28,"damage_taken":0},{"event_name":"SensoryStone","player_choice":"Memory 2","floor":37,"damage_taken":0},{"event_name":"Winding Halls","player_choice":"Embrace Madness","floor":45,"damage_taken":0},{"event_name":"The Lab","player_choice":"Got Potions","floor":48,"damage_taken":0}],"boss_relics":[{"not_picked":["Velvet Choker","Lizard Tail"],"picked":"Ectoplasm"},{"not_picked":["Tiny House","Snecko Eye"],"picked":"White Beast Statue"}],"items_purged_floors":[2,21,27],"potions_floor_spawned":[1,13,14,16,18,25,30,31,35,36,38,39,40,42,46,47],"seed_played":"-578865548214772346","ascension_level":2,"potions_obtained":[{"floor":1,"key":"SteroidPotion"},{"floor":13,"key":"SneckoOil"},{"floor":14,"key":"Fire Potion"},{"floor":16,"key":"GamblersBrew"},{"floor":18,"key":"Swift Potion"},{"floor":25,"key":"Fruit Juice"},{"floor":35,"key":"Swift Potion"},{"floor":36,"key":"SkillPotion"},{"floor":38,"key":"Fire Potion"},{"floor":39,"key":"EssenceOfSteel"},{"floor":40,"key":"Weak Potion"},{"floor":42,"key":"Block Potion"},{"floor":46,"key":"EssenceOfSteel"},{"floor":47,"key":"GhostInAJar"}],"is_trial":false}