{"gold_per_floor":[109,129,129,48,48,79,99,112,112,112,112,7,7,17,17,118,168,183,196,196,208,208],"floor_reached":22,"playtime":1340,"items_purged":[],"score":306,"play_id":"c6ceeca9-7ea6-4924-b188-f6d22177b0bd","local_time":"20190215233818","is_ascension_mode":true,"campfire_choices":[{"data":"Rainbow","floor":10,"key":"SMITH"},{"data":"Blizzard","floor":13,"key":"SMITH"},{"data":"Dualcast","floor":15,"key":"SMITH"}],"neow_cost":"NONE","seed_source_timestamp":38896959032440,"circlet_count":0,"master_deck":["Strike_B","Strike_B","Strike_B","Strike_B+1","Defend_B","Defend_B","Defend_B","Defend_B","Zap+1","Dualcast+1","Cold Snap","Blizzard+1","Bandage Up","Rainbow+1","Glacier","Go for the Eyes","Coolheaded","Defragment","Echo Form","Redo","Compile Driver","Purity","White Noise","Hologram+1"],"special_seed":0,"relics":["Cracked Core","NeowsBlessing","Pen Nib","Gremlin Horn","Bronze Scales","Tiny House"],"potions_floor_usage":[16,19,22],"damage_taken":[{"damage":0.0,"enemies":"Jaw Worm","floor":1.0,"turns":1.0},{"damage":0.0,"enemies":"Cultist","floor":2.0,"turns":1.0},{"damage":0,"enemies":"3 Sentries","floor":6,"turns":1},{"damage":0,"enemies":"Small Slimes","floor":7,"turns":3},{"damage":21,"enemies":"Gremlin Gang","floor":8,"turns":5},{"damage":0,"enemies":"Lots of Slimes","floor":14,"turns":1},{"damage":15,"enemies":"The Guardian","floor":16,"turns":10},{"damage":12,"enemies":"3 Byrds","floor":18,"turns":3},{"damage":21,"enemies":"Spheric Guardian","floor":19,"turns":5},{"damage":55,"enemies":"Shelled Parasite and Fungi","floor":21,"turns":5},{"damage":15,"enemies":"Chosen and Byrds","floor":22,"turns":4}],"seed_played":"-2335589736238492649","potions_obtained":[{"floor":2.0,"key":"SpeedPotion"},{"floor":14,"key":"Weak Potion"},{"floor":16,"key":"SpeedPotion"},{"floor":17,"key":"EssenceOfSteel"},{"floor":19,"key":"Strength Potion"}],"is_trial":false,"path_per_floor":["M","M","?","$","$","E","M","M","T","R","T","$","R","M","R","B",null,"M","M","?","M","M"],"character_chosen":"DEFECT","items_purchased":["Bandage Up","Coolheaded","Defragment"],"campfire_rested":0,"item_purchase_floors":[4,12,12],"current_hp_per_floor":[68,68,68,68,68,68,72,55,55,55,55,55,55,59,59,48,73,69,52,52,5,0],"gold":208,"neow_bonus":"THREE_ENEMY_KILL","is_prod":false,"is_daily":false,"chose_seed":false,"campfire_upgraded":3,"win_rate":0,"timestamp":1550291898,"path_taken":["M","M","?","?","$","E","M","?","T","R","?","$","R","M","R","BOSS","M","M","?","M","M"],"build_version":"2019-01-23","purchased_purges":0,"victory":false,"max_hp_per_floor":[75,75,75,75,75,75,75,75,75,75,75,75,75,75,75,75,80,80,80,80,80,80],"card_choices":[{"not_picked":["Skim","Leap"],"picked":"Cold Snap","floor":1.0},{"not_picked":["Steam","Ball Lightning"],"picked":"Blizzard","floor":2.0},{"not_picked":["Sunder","Reprogram"],"picked":"Rainbow","floor":6},{"not_picked":["Beam Cell","Consume"],"picked":"Glacier","floor":7},{"not_picked":["Beam Cell","Darkness"],"picked":"Go for the Eyes","floor":8},{"not_picked":["Stack","Hello World","Gash"],"picked":"SKIP","floor":14},{"not_picked":["Thunder Strike","Biased Cognition"],"picked":"Echo Form","floor":16},{"not_picked":["Steam","Go for the Eyes"],"picked":"Redo","floor":17},{"not_picked":["Gash","Go for the Eyes"],"picked":"Compile Driver","floor":18},{"not_picked":["Compile Driver","Hyperbeam","Sweeping Beam+1"],"picked":"SKIP","floor":19},{"not_picked":["Rebound","Leap"],"picked":"Hologram+1","floor":21}],"player_experience":650131,"relics_obtained":[{"floor":6,"key":"Pen Nib"},{"floor":9,"key":"Gremlin Horn"},{"floor":11,"key":"Bronze Scales"}],"event_choices":[{"damage_healed":0,"gold_gain":0,"player_choice":"Forge","damage_taken":0,"max_hp_gain":0,"max_hp_loss":0,"event_name":"Accursed Blacksmith","floor":3,"gold_loss":0,"cards_upgraded":["Zap"]},{"damage_healed":0,"gold_gain":0,"player_choice":"2 cards matched","damage_taken":0,"max_hp_gain":0,"max_hp_loss":0,"event_name":"Match and Keep!","floor":20,"gold_loss":0,"cards_obtained":["Purity","White Noise"]},{"damage_healed":0,"gold_gain":0,"player_choice":"2 cards matched","damage_taken":0,"max_hp_gain":0,"max_hp_loss":0,"event_name":"Match and Keep!","floor":20,"gold_loss":0,"cards_obtained":["Purity","White Noise"]}],"is_beta":false,"boss_relics":[{"not_picked":["Calling Bell","Runic Pyramid"],"picked":"Tiny House"}],"items_purged_floors":[],"is_endless":false,"potions_floor_spawned":[2,14,16,19],"killed_by":"Chosen and Byrds","ascension_level":9}