{"gold_per_floor":[19,39,6,6,6,6,35,35,35,35,54,54,84,98,98,175,175,158,158,178,178,188,188,75,75,75,174,193,193,93,106,106,177,177,192,67,84,84,103,138,138,166,193,82,98,117,117,117,117,117],"floor_reached":51,"playtime":3816,"items_purged":["Defend_G","Defend_G","Defend_G"],"score":1185,"play_id":"f6a1920a-a27e-4cde-bd72-66810e4bae30","local_time":"20180801011451","is_ascension_mode":true,"campfire_choices":[{"data":"After Image","floor":6.0,"key":"SMITH"},{"data":"Neutralize","floor":8.0,"key":"SMITH"},{"data":"Deadly Poison","floor":12.0,"key":"SMITH"},{"floor":15.0,"key":"REST"},{"data":"Blur","floor":23.0,"key":"SMITH"},{"data":"Crippling Poison","floor":29.0,"key":"SMITH"},{"data":"Footwork","floor":32.0,"key":"SMITH"},{"data":"Catalyst","floor":47,"key":"SMITH"},{"data":"Footwork","floor":49,"key":"SMITH"}],"neow_cost":"NO_GOLD","seed_source_timestamp":0,"circlet_count":0,"master_deck":["Defend_G+1","Defend_G","Survivor","Neutralize+1","AscendersBane","After Image+1","Deadly Poison+1","Backflip+1","Deadly Poison","Malaise","Crippling Poison+1","Bite","Bite","Bite+1","Bite","Bite+1","Blur+1","Backstab","Caltrops","Footwork+1","Adrenaline","Well Laid Plans","Envenom","Catalyst+1","Noxious Fumes","Footwork+1","Madness","Madness"],"special_seed":0,"relics":["Ring of the Serpent","Thread and Needle","Dream Catcher","Sozu","Pear","Singing Bowl","Nunchaku","Bag of Preparation","Whetstone"],"potions_floor_usage":[],"damage_taken":[{"damage":0.0,"enemies":"Jaw Worm","floor":1.0,"turns":4.0},{"damage":0.0,"enemies":"2 Louse","floor":2.0,"turns":3.0},{"damage":32.0,"enemies":"3 Sentries","floor":7.0,"turns":14.0},{"damage":0.0,"enemies":"Cultist","floor":11.0,"turns":5.0},{"damage":2.0,"enemies":"Gremlin Nob","floor":13.0,"turns":5.0},{"damage":0.0,"enemies":"Blue Slaver","floor":14.0,"turns":5.0},{"damage":53.0,"enemies":"Slime Boss","floor":16.0,"turns":17.0},{"damage":1.0,"enemies":"2 Thieves","floor":18.0,"turns":4.0},{"damage":0.0,"enemies":"3 Byrds","floor":20.0,"turns":5.0},{"damage":0.0,"enemies":"Snecko","floor":22.0,"turns":6.0},{"damage":1.0,"enemies":"Sentry and Sphere","floor":28.0,"turns":8.0},{"damage":4.0,"enemies":"3 Cultists","floor":31.0,"turns":6.0},{"damage":34.0,"enemies":"Champ","floor":33.0,"turns":15.0},{"damage":0,"enemies":"Orb Walker","floor":35,"turns":4},{"damage":0,"enemies":"3 Shapes","floor":37,"turns":6},{"damage":0,"enemies":"3 Darklings","floor":39,"turns":5},{"damage":29,"enemies":"Giant Head","floor":40,"turns":12},{"damage":0,"enemies":"Nemesis","floor":42,"turns":11},{"damage":27,"enemies":"Sphere and 2 Shapes","floor":45,"turns":5},{"damage":8,"enemies":"Transient","floor":46,"turns":5},{"damage":118,"enemies":"Awakened One","floor":50,"turns":16}],"seed_played":"4612111308087757343","potions_obtained":[{"floor":1.0,"key":"FairyPotion"},{"floor":7.0,"key":"GamblersBrew"},{"floor":14.0,"key":"LiquidBronze"}],"is_trial":false,"path_per_floor":["M","M","?","?","?","R","E","R","T","?","M","R","E","M","R","B",null,"M","?","M","?","M","R","$","$","T","?","M","R","$","M","R","B",null,"M","$","M","T","M","E","?","E","T","$","M","M","R","?","R","B"],"character_chosen":"THE_SILENT","items_purchased":["Caltrops","Catalyst","Noxious Fumes"],"campfire_rested":1,"item_purchase_floors":[24,44,44],"current_hp_per_floor":[63,63,63,49,70,70,38,38,38,38,40,40,40,42,63,12,56,57,57,70,70,70,70,70,70,80,80,80,80,80,80,80,56,74,80,80,80,80,82,61,63,86,86,86,69,83,83,72,72,33],"gold":117,"neow_bonus":"THREE_RARE_CARDS","is_prod":false,"is_daily":false,"chose_seed":false,"campfire_upgraded":8,"win_rate":0,"timestamp":1533078891,"path_taken":["M","M","?","?","?","R","E","R","T","?","M","R","E","M","R","BOSS","M","?","M","?","?","R","?","$","T","?","M","R","$","M","R","BOSS","M","$","M","?","M","E","?","E","T","$","M","?","R","?","R","BOSS"],"build_version":"2018-07-26","purchased_purges":3,"victory":true,"max_hp_per_floor":[70,70,70,70,70,70,70,70,70,70,70,70,70,70,70,70,70,70,70,70,70,70,70,70,70,80,80,80,80,80,80,80,80,80,80,80,80,80,82,82,84,86,86,86,86,88,88,88,88,88],"card_choices":[{"not_picked":["Night Terror","Wraith Form v2"],"picked":"After Image","floor":0.0},{"not_picked":["Underhanded Strike","Flying Knee"],"picked":"Deadly Poison","floor":1.0},{"not_picked":["Riddle With Holes","Finisher"],"picked":"Backflip","floor":2.0},{"not_picked":["Underhanded Strike","Dodge and Roll","Concentrate"],"picked":"SKIP","floor":7.0},{"not_picked":["Deflect","Dagger Throw","Accuracy"],"picked":"SKIP","floor":11.0},{"not_picked":["Dagger Spray","Masterful Stab","Venomology"],"picked":"SKIP","floor":13.0},{"not_picked":["Dodge and Roll","All Out Attack","Cloak And Dagger"],"picked":"SKIP","floor":14.0},{"not_picked":["Backstab","Dagger Throw"],"picked":"Deadly Poison","floor":15.0},{"not_picked":["Glass Knife","Unload"],"picked":"Malaise","floor":16.0},{"not_picked":["Eviscerate","PiercingWail"],"picked":"Crippling Poison","floor":18.0},{"not_picked":["Deflect","Sucker Punch"],"picked":"Blur","floor":20.0},{"not_picked":["Acrobatics","Outmaneuver"],"picked":"Backstab","floor":22.0},{"not_picked":["Prepared","Predator","Masterful Stab"],"picked":"SKIP","floor":28.0},{"not_picked":["Setup","Deflect"],"picked":"Footwork","floor":31.0},{"not_picked":["Die Die Die","Phantasmal Killer"],"picked":"Adrenaline","floor":33.0},{"not_picked":["Dodge and Roll+1","Riddle With Holes+1"],"picked":"Well Laid Plans","floor":35},{"not_picked":["Predator+1","Prepared","Quick Slash+1"],"picked":"SKIP","floor":37},{"not_picked":["Slice","Poisoned Stab+1","Bane"],"picked":"Singing Bowl","floor":39},{"not_picked":["Accuracy+1","Tactician"],"picked":"Envenom","floor":40},{"not_picked":["Deep Breath","Magnetism","Trip"],"picked":"Singing Bowl","floor":41},{"not_picked":["Calculated Gamble","Tactician","Deflect+1"],"picked":"Singing Bowl","floor":42},{"not_picked":["Underhanded Strike","Crippling Poison"],"picked":"Footwork","floor":45},{"not_picked":["Underhanded Strike","Quick Slash+1","Outmaneuver"],"picked":"Singing Bowl","floor":46}],"player_experience":417782,"relics_obtained":[{"floor":7.0,"key":"Blood Vial"},{"floor":9.0,"key":"Thread and Needle"},{"floor":13.0,"key":"Dream Catcher"},{"floor":26.0,"key":"Pear"},{"floor":38,"key":"Singing Bowl"},{"floor":40,"key":"Nunchaku"},{"floor":42,"key":"Bag of Preparation"},{"floor":43,"key":"Whetstone"}],"event_choices":[{"event_name":"World of Goop","player_choice":"Left","floor":3.0,"damage_taken":0.0},{"event_name":"Shining Light","player_choice":"Entered Light","floor":4.0,"damage_taken":0.0},{"event_name":"Big Fish","player_choice":"Banana","floor":5.0,"damage_taken":0.0},{"event_name":"Bonfire Elementals","player_choice":"BASIC","floor":10.0,"damage_taken":0.0},{"event_name":"Vampires","player_choice":"Became a vampire (Vial)","floor":19.0,"damage_taken":0.0},{"event_name":"The Mausoleum","player_choice":"No","floor":21.0,"damage_taken":0.0},{"event_name":"Nest","player_choice":"Stole From Cult","floor":27.0,"damage_taken":0.0},{"event_name":"SensoryStone","player_choice":"Memory 1","floor":41,"damage_taken":0},{"event_name":"Winding Halls","player_choice":"Embrace Madness","floor":48,"damage_taken":0}],"is_beta":false,"boss_relics":[{"not_picked":["Black Star","WristBlade"],"picked":"Sozu"},{"not_picked":["White Beast Statue","Velvet Choker"],"picked":"Ring of the Serpent"}],"items_purged_floors":[24,30,36],"is_endless":false,"potions_floor_spawned":[1,7,11,14,18,28,31,37,42,45],"ascension_level":13}