{"gold_per_floor":[116,116,116,128,141,141,166,166,190,190,223,223,223,244,244,373,373,394,51,51,67,88,88,13,37,37,58,97,111,144,69,69,194,194,210,234,234,250,269,269,14,139,139,139,139,139,170,185,185,185],"floor_reached":51,"playtime":6465,"items_purged":["Defend_B","Strike_B+1"],"score":1046,"play_id":"6b98f899-3176-4ff7-8666-a30ec9edf83e","local_time":"20190102162210","is_ascension_mode":true,"campfire_choices":[{"data":"Go for the Eyes","floor":6.0,"key":"SMITH"},{"floor":8.0,"key":"REST"},{"data":"Zap","floor":12.0,"key":"SMITH"},{"data":"Streamline","floor":15.0,"key":"SMITH"},{"data":"Dualcast","floor":23.0,"key":"SMITH"},{"floor":32.0,"key":"REST"},{"data":"Leap","floor":40,"key":"SMITH"},{"data":"Machine Learning","floor":44,"key":"SMITH"},{"floor":46,"key":"REST"},{"data":"Conserve Battery","floor":49,"key":"SMITH"}],"neow_cost":"TEN_PERCENT_HP_LOSS","seed_source_timestamp":0,"circlet_count":0,"master_deck":["AscendersBane","Zap+1","Dualcast+1","Undo+1","Steam+1","Streamline+1","Go for the Eyes+1","Conserve Battery+1","Beam Cell+1","All For One","Gash","Skim","Sweeping Beam+1","Conserve Battery+1","Gash+1","Scrape+1","Machine Learning+1","Gash+1","Skim+1","Leap+1"],"special_seed":0,"relics":["Cracked Core","Bag of Marbles","War Paint","Bronze Scales","Whetstone","Golden Idol","Empty Cage","TheAbacus","Lantern","Pocketwatch","Strawberry","Bird Faced Urn","Runic Dome","Centennial Puzzle","Thread and Needle","Pear","Juzu Bracelet"],"potions_floor_usage":[50],"damage_taken":[{"damage":4.0,"enemies":"Jaw Worm","floor":1.0,"turns":4.0},{"damage":8.0,"enemies":"Small Slimes","floor":4.0,"turns":3.0},{"damage":2.0,"enemies":"2 Louse","floor":5.0,"turns":2.0},{"damage":24.0,"enemies":"Gremlin Nob","floor":7.0,"turns":4.0},{"damage":11.0,"enemies":"Lagavulin","floor":11.0,"turns":6.0},{"damage":0.0,"enemies":"2 Fungi Beasts","floor":14.0,"turns":2.0},{"damage":14.0,"enemies":"Slime Boss","floor":16.0,"turns":11.0},{"damage":3.0,"enemies":"Spheric Guardian","floor":18.0,"turns":3.0},{"damage":0.0,"enemies":"Chosen","floor":21.0,"turns":3.0},{"damage":4.0,"enemies":"Centurion and Healer","floor":22.0,"turns":4.0},{"damage":0.0,"enemies":"Chosen and Byrds","floor":25.0,"turns":3.0},{"damage":0.0,"enemies":"Cultist and Chosen","floor":27.0,"turns":4.0},{"damage":16.0,"enemies":"Gremlin Leader","floor":28.0,"turns":5.0},{"damage":8.0,"enemies":"Snake Plant","floor":29.0,"turns":3.0},{"damage":8.0,"enemies":"Slavers","floor":30.0,"turns":4.0},{"damage":21.0,"enemies":"Champ","floor":33.0,"turns":10.0},{"damage":13.0,"enemies":"3 Shapes","floor":35.0,"turns":2.0},{"damage":0.0,"enemies":"Orb Walker","floor":36.0,"turns":2.0},{"damage":16,"enemies":"4 Shapes","floor":38,"turns":4},{"damage":0,"enemies":"Spire Growth","floor":39,"turns":3},{"damage":0,"enemies":"Mind Bloom Boss Battle","floor":42,"turns":4},{"damage":14,"enemies":"Nemesis","floor":47,"turns":3},{"damage":3,"enemies":"Jaw Worm Horde","floor":48,"turns":3},{"damage":12,"enemies":"Awakened One","floor":50,"turns":6}],"seed_played":"-1403387741383831970","potions_obtained":[{"floor":1.0,"key":"PowerPotion"},{"floor":4.0,"key":"FearPotion"},{"floor":5.0,"key":"Weak Potion"},{"floor":11.0,"key":"Weak Potion"},{"floor":18.0,"key":"FairyPotion"},{"floor":29.0,"key":"Block Potion"},{"floor":38,"key":"SteroidPotion"},{"floor":47,"key":"EssenceOfSteel"}],"is_trial":false,"path_per_floor":["M","?","?","M","M","R","E","R","T","?","E","R","?","M","R","B",null,"M","$","?","M","M","R","$","M","T","M","E","M","E","?","R","B",null,"M","M","$","M","M","R","$","?","T","R","?","R","E","M","R","B",null],"character_chosen":"DEFECT","items_purchased":["TheAbacus","Lantern","Centennial Puzzle"],"campfire_rested":3,"item_purchase_floors":[19,19,41],"current_hp_per_floor":[64,57,50,42,40,40,16,36,36,36,25,25,25,25,25,11,50,47,47,47,47,43,43,43,43,43,43,34,26,18,18,39,18,57,46,48,48,34,34,34,34,36,46,46,46,68,56,55,55,45],"gold":185,"neow_bonus":"TRANSFORM_TWO_CARDS","is_prod":false,"is_daily":false,"chose_seed":false,"campfire_upgraded":7,"win_rate":0,"timestamp":1546474930,"path_taken":["M","?","?","M","M","R","E","R","T","?","E","R","?","M","R","BOSS","M","$","?","M","M","R","$","M","T","M","E","M","E","?","R","BOSS","M","M","$","M","M","R","$","?","T","R","?","R","E","M","R","BOSS"],"build_version":"2018-12-20","purchased_purges":2,"victory":true,"max_hp_per_floor":[68,68,68,68,68,68,68,68,68,68,68,68,63,63,63,63,63,63,63,63,63,63,63,63,63,63,63,70,70,70,70,70,70,70,70,70,70,70,70,70,70,70,80,80,76,76,76,76,76,76],"card_choices":[{"not_picked":["Blizzard","Darkness"],"picked":"Steam","floor":1.0},{"not_picked":["Turbo","Hologram"],"picked":"Streamline","floor":4.0},{"not_picked":["Chill","Auto Shields"],"picked":"Go for the Eyes","floor":5.0},{"not_picked":["Defragment","Hello World","Auto Shields"],"picked":"SKIP","floor":7.0},{"not_picked":["Undo","FTL"],"picked":"Beam Cell","floor":11.0},{"not_picked":["Hologram","Beam Cell","Redo"],"picked":"SKIP","floor":14.0},{"not_picked":["Hyperbeam","Meteor Strike"],"picked":"All For One","floor":16.0},{"not_picked":["Sweeping Beam+1","Stack"],"picked":"Gash","floor":18.0},{"not_picked":["Barrage","Darkness+1"],"picked":"Sweeping Beam+1","floor":21.0},{"not_picked":["Go for the Eyes","Aggregate","Stack"],"picked":"SKIP","floor":22.0},{"not_picked":["Steam Power","Turbo+1"],"picked":"Conserve Battery+1","floor":25.0},{"not_picked":["Go for the Eyes","Heatsinks"],"picked":"Gash+1","floor":27.0},{"not_picked":["Recycle","Storm+1","Stack"],"picked":"SKIP","floor":28.0},{"not_picked":["Auto Shields","Chill"],"picked":"Scrape+1","floor":29.0},{"not_picked":["Chaos","Lockon","Skim"],"picked":"SKIP","floor":30.0},{"not_picked":["Electrodynamics","Biased Cognition"],"picked":"Machine Learning","floor":33.0},{"not_picked":["Steam Power","Redo"],"picked":"Gash+1","floor":35.0},{"not_picked":["Aggregate+1","Blizzard+1","Barrage+1"],"picked":"SKIP","floor":36.0},{"not_picked":["Steam Power","Storm"],"picked":"Skim+1","floor":38},{"not_picked":["Rebound+1","Self Repair"],"picked":"Leap","floor":39},{"not_picked":["Beam Cell","Consume+1","Melter"],"picked":"SKIP","floor":47},{"not_picked":["Hello World","Stack+1","Auto Shields+1"],"picked":"SKIP","floor":48}],"player_experience":591777,"relics_obtained":[{"floor":7.0,"key":"War Paint"},{"floor":9.0,"key":"Bronze Scales"},{"floor":11.0,"key":"Whetstone"},{"floor":26.0,"key":"Pocketwatch"},{"floor":28.0,"key":"Strawberry"},{"floor":30.0,"key":"Bird Faced Urn"},{"floor":42,"key":"Thread and Needle"},{"floor":43,"key":"Pear"},{"floor":47,"key":"Juzu Bracelet"}],"event_choices":[{"damage_healed":0.0,"max_hp_gain":0.0,"max_hp_loss":0.0,"gold_gain":0.0,"event_name":"Scrap Ooze","player_choice":"Success","floor":2.0,"gold_loss":0.0,"damage_taken":7.0,"relics_obtained":["Bag of Marbles"]},{"cards_removed":["Defend_B"],"damage_healed":0.0,"max_hp_gain":0.0,"max_hp_loss":0.0,"gold_gain":0.0,"event_name":"Golden Wing","player_choice":"Card Removal","floor":3.0,"gold_loss":0.0,"damage_taken":7.0},{"damage_healed":0.0,"max_hp_gain":0.0,"max_hp_loss":0.0,"gold_gain":0.0,"cards_transformed":["Hello World"],"event_name":"Living Wall","player_choice":"Change","floor":10.0,"gold_loss":0.0,"damage_taken":0.0,"cards_obtained":["Conserve Battery"]},{"damage_healed":0.0,"max_hp_gain":0.0,"max_hp_loss":5.0,"gold_gain":0.0,"event_name":"Golden Idol","player_choice":"Lose Max HP","floor":13.0,"gold_loss":0.0,"damage_taken":0.0,"relics_obtained":["Golden Idol"]},{"damage_healed":0.0,"max_hp_gain":0.0,"max_hp_loss":0.0,"gold_gain":0.0,"event_name":"The Library","player_choice":"Read","floor":20.0,"gold_loss":0.0,"damage_taken":0.0,"cards_obtained":["Skim"]},{"cards_removed":["Defend_B"],"damage_healed":0.0,"max_hp_gain":0.0,"max_hp_loss":0.0,"gold_gain":0.0,"event_name":"Beggar","player_choice":"Gave Gold","floor":31.0,"gold_loss":75.0,"damage_taken":0.0},{"damage_healed":0,"gold_gain":0,"player_choice":"Fight","damage_taken":0,"max_hp_gain":0,"max_hp_loss":0,"event_name":"MindBloom","floor":42,"gold_loss":0},{"damage_healed":0,"gold_gain":0,"player_choice":"Max HP","damage_taken":0,"max_hp_gain":0,"max_hp_loss":4,"event_name":"Winding Halls","floor":45,"gold_loss":0}],"is_beta":false,"boss_relics":[{"not_picked":["Black Star","Nuclear Battery"],"picked":"Empty Cage"},{"not_picked":["Velvet Choker","Pandora\u0027s Box"],"picked":"Runic Dome"}],"items_purged_floors":[24,41],"is_endless":false,"potions_floor_spawned":[1,4,5,11,18,28,29,30,38,39,47],"ascension_level":11}