{"gold_per_floor":[118,132,143,143,163,163,173,173,228,246,277,277,295,370,370,474,474,491,511,511],"floor_reached":20,"playtime":1408,"items_purged":[],"score":214,"play_id":"a769f139-237a-4d75-b15b-ef856c5d256d","local_time":"20190111222736","is_ascension_mode":true,"campfire_choices":[{"floor":6,"key":"RECALL"},{"floor":12,"key":"REST"},{"floor":15,"key":"REST"}],"neow_cost":"NONE","seed_source_timestamp":247824445127359,"circlet_count":0,"master_deck":["Strike_B","Strike_B","Defend_B","Defend_B","Defend_B","Defend_B","Zap","Dualcast","Undo","Ball Lightning","Storm","Redo","Go for the Eyes","Conserve Battery","Double Energy","Machine Learning","Sweeping Beam","Fission","White Noise","Capacitor"],"special_seed":0,"relics":["FrozenCore","Bottled Lightning"],"potions_floor_usage":[5,13,16],"damage_taken":[{"damage":0.0,"enemies":"Small Slimes","floor":1.0,"turns":3.0},{"damage":1.0,"enemies":"Cultist","floor":2.0,"turns":3.0},{"damage":7,"enemies":"Jaw Worm","floor":3,"turns":3},{"damage":10,"enemies":"Large Slime","floor":5,"turns":5},{"damage":3,"enemies":"Blue Slaver","floor":7,"turns":4},{"damage":0,"enemies":"2 Fungi Beasts","floor":10,"turns":3},{"damage":50,"enemies":"3 Sentries","floor":11,"turns":10},{"damage":0,"enemies":"Looter","floor":13,"turns":2},{"damage":21,"enemies":"The Guardian","floor":16,"turns":10},{"damage":19,"enemies":"3 Byrds","floor":18,"turns":6},{"damage":10,"enemies":"Chosen","floor":19,"turns":4},{"damage":52,"enemies":"Masked Bandits","floor":20,"turns":3}],"seed_played":"-1308470343625720174","potions_obtained":[{"floor":3,"key":"Fire Potion"},{"floor":10,"key":"EssenceOfSteel"},{"floor":11,"key":"Fire Potion"},{"floor":13,"key":"PowerPotion"}],"is_trial":false,"path_per_floor":["M","M","M","?","M","R","M","?","T","M","E","R","M","?","R","B",null,"M","M","?"],"character_chosen":"DEFECT","items_purchased":[],"campfire_rested":2,"item_purchase_floors":[],"current_hp_per_floor":[75,74,67,67,57,57,54,59,59,59,9,33,33,22,46,25,80,61,51,0],"gold":511,"neow_bonus":"TRANSFORM_CARD","is_prod":false,"is_daily":false,"chose_seed":false,"campfire_upgraded":0,"win_rate":0,"timestamp":1547263656,"path_taken":["M","M","M","?","?","R","M","?","T","M","E","R","M","?","R","BOSS","M","M","?"],"build_version":"2019-01-10","purchased_purges":0,"victory":false,"max_hp_per_floor":[75,75,75,75,75,75,75,80,80,80,80,80,80,80,80,80,80,80,80,80],"card_choices":[{"not_picked":["Compile Driver","Stack"],"picked":"Ball Lightning","floor":1.0},{"not_picked":["Hologram","Coolheaded"],"picked":"Storm","floor":2},{"not_picked":["Recycle","Compile Driver"],"picked":"Redo","floor":3},{"not_picked":["Tempest","Leap"],"picked":"Conserve Battery","floor":5},{"not_picked":["Rebound","Force Field"],"picked":"Double Energy","floor":7},{"not_picked":["Cold Snap","Streamline"],"picked":"Machine Learning","floor":10},{"not_picked":["Consume","Steam"],"picked":"Sweeping Beam","floor":11},{"not_picked":["Gash","Barrage","Sweeping Beam"],"picked":"SKIP","floor":13},{"not_picked":["Electrodynamics","Hyperbeam"],"picked":"Fission","floor":16},{"not_picked":["Sunder","Barrage"],"picked":"White Noise","floor":18},{"not_picked":["Turbo","Sunder"],"picked":"Capacitor","floor":19}],"player_experience":309989,"relics_obtained":[{"floor":11,"key":"Bottled Lightning"}],"event_choices":[{"damage_healed":0,"gold_gain":0,"cards_transformed":["Strike_B"],"player_choice":"Transformed","damage_taken":0,"max_hp_gain":0,"max_hp_loss":0,"event_name":"Transmorgrifier","floor":4,"gold_loss":0,"cards_obtained":["Go for the Eyes"]},{"damage_healed":0,"gold_gain":0,"player_choice":"Donut","damage_taken":0,"max_hp_gain":5,"max_hp_loss":0,"event_name":"Big Fish","floor":8,"gold_loss":0},{"damage_healed":0,"gold_gain":75,"player_choice":"Gather Gold","damage_taken":11,"max_hp_gain":0,"max_hp_loss":0,"event_name":"World of Goop","floor":14,"gold_loss":0},{"damage_healed":0,"gold_gain":0,"player_choice":"Fought Bandits","damage_taken":0,"max_hp_gain":0,"max_hp_loss":0,"event_name":"Masked Bandits","floor":20,"gold_loss":0}],"is_beta":false,"boss_relics":[{"not_picked":["Snecko Eye","White Beast Statue"],"picked":"FrozenCore"}],"items_purged_floors":[],"is_endless":false,"potions_floor_spawned":[3,10,11,13],"killed_by":"Masked Bandits","ascension_level":4}