{"gold_per_floor":[209,10,23,23,38,38,64,64,89,115,127,153,176,24,24,102,102,115,127,52,52,102,102,116,16,316,331,341,341,341,8,8,8],"floor_reached":33,"playtime":1678,"items_purged":["Strike_G","Strike_G"],"score":522,"play_id":"56785f18-8409-484d-8cba-a37d02fb2a4c","local_time":"20190521012433","is_ascension_mode":true,"campfire_choices":[{"floor":6.0,"key":"REST"},{"floor":8.0,"key":"REST"},{"floor":11.0,"key":"REST"},{"data":"Deadly Poison","floor":15.0,"key":"SMITH"},{"floor":23,"key":"REST"},{"floor":29,"key":"REST"},{"data":"Apotheosis","floor":32,"key":"SMITH"}],"neow_cost":"NONE","seed_source_timestamp":0,"circlet_count":0,"master_deck":["AscendersBane","Defend_G+1","Defend_G+1","Defend_G+1","Defend_G+1","Defend_G+1","Strike_G+1","Strike_G+1","Strike_G+1","Survivor","Neutralize","Deadly Poison+1","Sadistic Nature","Poisoned Stab","Escape Plan","Well Laid Plans","Leg Sweep","Dagger Spray+1","Deadly Poison","Leg Sweep","Deadly Poison+1","Deadly Poison","Backflip","Escape Plan","Backflip","After Image","Apotheosis+1"],"special_seed":0,"relics":["Ring of the Snake","Dream Catcher","Molten Egg 2","Boot","MawBank","Regal Pillow","Runic Pyramid","Old Coin"],"potions_floor_usage":[28],"damage_taken":[{"damage":0.0,"enemies":"2 Louse","floor":1.0,"turns":4.0},{"damage":4.0,"enemies":"Cultist","floor":3.0,"turns":4.0},{"damage":1.0,"enemies":"Small Slimes","floor":5.0,"turns":3.0},{"damage":32.0,"enemies":"Lagavulin","floor":7.0,"turns":7.0},{"damage":11.0,"enemies":"3 Sentries","floor":10.0,"turns":9.0},{"damage":0.0,"enemies":"Exordium Wildlife","floor":12.0,"turns":3.0},{"damage":0.0,"enemies":"Looter","floor":13.0,"turns":3.0},{"damage":32.0,"enemies":"Hexaghost","floor":16.0,"turns":10.0},{"damage":26.0,"enemies":"Chosen","floor":18.0,"turns":6.0},{"damage":18,"enemies":"3 Byrds","floor":19,"turns":5},{"damage":10,"enemies":"Cultist and Chosen","floor":24,"turns":7},{"damage":12,"enemies":"Snake Plant","floor":27,"turns":4},{"damage":6,"enemies":"Snecko","floor":28,"turns":5},{"damage":69,"enemies":"Collector","floor":33,"turns":5}],"seed_played":"7216975757400745223","potions_obtained":[{"floor":3.0,"key":"Regen Potion"},{"floor":7.0,"key":"FearPotion"},{"floor":19,"key":"LiquidBronze"},{"floor":27,"key":"Energy Potion"}],"is_trial":false,"path_per_floor":["M","$","M","?","M","R","E","R","T","E","R","M","M","$","R","B",null,"M","M","$","?","?","R","M","$","T","M","M","R","?","$","R","B"],"character_chosen":"THE_SILENT","items_purchased":["Sadistic Nature","Regal Pillow","After Image","Apotheosis"],"campfire_rested":5,"item_purchase_floors":[2,14,31,31],"current_hp_per_floor":[59,59,55,20,19,38,21,40,40,29,48,48,48,48,48,16,54,28,10,10,10,10,44,34,34,34,22,16,50,50,50,50,0],"gold":8,"neow_bonus":"HUNDRED_GOLD","is_prod":false,"is_daily":false,"chose_seed":false,"campfire_upgraded":2,"win_rate":0,"timestamp":1558419873,"path_taken":["M","$","M","?","M","R","E","R","T","E","R","M","M","$","R","BOSS","M","M","$","?","?","R","M","$","T","?","M","R","?","?","R","BOSS"],"build_version":"2019-01-23","purchased_purges":2,"victory":false,"max_hp_per_floor":[66,66,66,66,66,66,66,66,66,66,66,66,66,66,66,66,66,66,66,66,66,66,66,66,66,66,66,66,66,66,66,66,66],"card_choices":[{"not_picked":["Slice","Blur"],"picked":"Deadly Poison","floor":1.0},{"not_picked":["Blade Dance","Choke"],"picked":"Poisoned Stab","floor":3.0},{"not_picked":["Slice","Quick Slash"],"picked":"Escape Plan","floor":5.0},{"not_picked":["Backflip","Acrobatics"],"picked":"Well Laid Plans","floor":6.0},{"not_picked":["Predator","Sucker Punch"],"picked":"Leg Sweep","floor":7.0},{"not_picked":["Deflect","Phantasmal Killer"],"picked":"Dagger Spray+1","floor":8.0},{"not_picked":["Blade Dance","Sucker Punch+1"],"picked":"Deadly Poison","floor":10.0},{"not_picked":["Flying Knee+1","Sucker Punch+1","Dodge and Roll"],"picked":"SKIP","floor":12.0},{"not_picked":["Dash+1","Backflip"],"picked":"Leg Sweep","floor":13.0},{"not_picked":["Prepared","Poisoned Stab+1"],"picked":"Deadly Poison+1","floor":18.0},{"not_picked":["Backflip","Dodge and Roll"],"picked":"Deadly Poison","floor":19},{"not_picked":["Eviscerate+1","Quick Slash+1"],"picked":"Backflip","floor":24},{"not_picked":["Blade Dance","Bane+1","Flying Knee+1"],"picked":"SKIP","floor":27},{"not_picked":["Poisoned Stab+1","Slice+1"],"picked":"Escape Plan","floor":28},{"not_picked":["Outmaneuver","All Out Attack+1"],"picked":"Backflip","floor":29}],"player_experience":705363,"relics_obtained":[{"floor":7.0,"key":"Molten Egg 2"},{"floor":9.0,"key":"Boot"},{"floor":10.0,"key":"MawBank"},{"floor":26,"key":"Old Coin"}],"event_choices":[{"damage_healed":0.0,"max_hp_gain":0.0,"max_hp_loss":0.0,"gold_gain":0.0,"event_name":"Scrap Ooze","player_choice":"Success","floor":4.0,"gold_loss":0.0,"damage_taken":35.0,"relics_obtained":["Dream Catcher"]},{"damage_healed":0,"gold_gain":0,"player_choice":"Ignored","damage_taken":0,"max_hp_gain":0,"max_hp_loss":0,"event_name":"Vampires","floor":21,"gold_loss":0},{"damage_healed":0,"gold_gain":100,"player_choice":"Bet on Murderer","damage_taken":0,"max_hp_gain":0,"max_hp_loss":0,"event_name":"The Joust","floor":22,"gold_loss":50},{"damage_healed":0,"gold_gain":0,"player_choice":"Simplicity","damage_taken":0,"max_hp_gain":0,"max_hp_loss":0,"event_name":"Back to Basics","floor":30,"gold_loss":0,"cards_upgraded":["Defend_G","Defend_G","Defend_G","Defend_G","Defend_G","Strike_G","Strike_G","Strike_G"]}],"is_beta":false,"boss_relics":[{"not_picked":["Snecko Eye","Empty Cage"],"picked":"Runic Pyramid"}],"items_purged_floors":[20,25],"is_endless":false,"potions_floor_spawned":[3,7,19,27],"killed_by":"Collector","ascension_level":19}