{"gold_per_floor":[109,122,138,152,164,164,198,215,215,256,268,360,372,409,421,533,545,545,545,545,545,58,58,58,58,58,58],"floor_reached":27,"playtime":2034,"items_purged":[],"score":470,"play_id":"b9d1c9bf-8a3b-4ab9-8f8f-ba959f3c0727","local_time":"20190515011411","is_ascension_mode":true,"campfire_choices":[{"floor":6,"key":"REST"},{"floor":11,"key":"REST"},{"floor":13,"key":"REST"},{"data":"Caltrops","floor":15,"key":"SMITH"},{"data":"Well Laid Plans","floor":24,"key":"SMITH"}],"neow_cost":"PERCENT_DAMAGE","seed_source_timestamp":55150762674893,"circlet_count":0,"master_deck":["AscendersBane","Defend_G","Defend_G","Defend_G","Defend_G","Defend_G","Survivor","Neutralize","Malaise","Quick Slash","Dash","Predator","Escape Plan","Dash","Caltrops+1","Poisoned Stab","Infinite Blades","Infinite Blades","Burst","Bouncing Flask","Backflip","Bite","Bite","Bite","Bite","Bite","Escape Plan","Well Laid Plans+1","Malaise"],"relics":["Ring of the Snake","Thread and Needle","MawBank","Snake Skull","PreservedInsect","Ectoplasm","Singing Bowl","Lee\u0027s Waffle","Frozen Egg 2","Nilry\u0027s Codex","Ancient Tea Set"],"potions_floor_usage":[7,7,7,7,10,14,23],"damage_taken":[{"damage":2,"enemies":"Cultist","floor":1,"turns":7},{"damage":0,"enemies":"Jaw Worm","floor":2,"turns":5},{"damage":0,"enemies":"2 Louse","floor":3,"turns":3},{"damage":3,"enemies":"Looter","floor":4,"turns":4},{"damage":4,"enemies":"Exordium Wildlife","floor":5,"turns":5},{"damage":23,"enemies":"3 Sentries","floor":7,"turns":11},{"damage":21,"enemies":"Large Slime","floor":8,"turns":9},{"damage":4,"enemies":"Gremlin Nob","floor":10,"turns":7},{"damage":0,"enemies":"Lagavulin","floor":14,"turns":6},{"damage":32,"enemies":"Slime Boss","floor":16,"turns":12},{"damage":15,"enemies":"Spheric Guardian","floor":18,"turns":7},{"damage":0,"enemies":"Shell Parasite","floor":19,"turns":6},{"damage":5,"enemies":"Cultist and Chosen","floor":21,"turns":8},{"damage":11,"enemies":"Gremlin Leader","floor":23,"turns":7},{"damage":41,"enemies":"Slavers","floor":27,"turns":4}],"seed_played":"1657919366875547180","potions_obtained":[{"floor":2,"key":"EntropicBrew"},{"floor":4,"key":"PowerPotion"},{"floor":8,"key":"SkillPotion"},{"floor":10,"key":"Fire Potion"},{"floor":18,"key":"Poison Potion"},{"floor":21,"key":"FearPotion"}],"is_trial":false,"path_per_floor":["M","M","M","M","M","R","E","M","T","E","R","?","R","E","R","B",null,"M","M","?","M","$","E","R","?","T","E"],"character_chosen":"THE_SILENT","items_purchased":["Well Laid Plans","Singing Bowl","Lee\u0027s Waffle"],"campfire_rested":3,"item_purchase_floors":[22,22,22],"current_hp_per_floor":[43,43,43,40,36,57,34,13,13,9,30,30,51,51,51,19,57,42,42,42,43,56,53,53,37,37,0],"gold":58,"neow_bonus":"THREE_RARE_CARDS","is_prod":false,"is_daily":false,"chose_seed":false,"campfire_upgraded":2,"win_rate":0,"timestamp":1557900851,"path_taken":["M","M","M","M","?","R","E","M","T","E","R","?","R","E","R","BOSS","M","M","?","M","$","E","R","?","T","E"],"build_version":"2019-01-23","purchased_purges":0,"victory":false,"max_hp_per_floor":[70,70,70,70,70,70,70,70,70,70,70,70,70,70,70,70,70,70,70,49,49,56,56,56,56,56,56],"card_choices":[{"not_picked":["Night Terror","Unload"],"picked":"Malaise","floor":0},{"not_picked":["Dagger Throw","All Out Attack"],"picked":"Quick Slash","floor":1},{"not_picked":["Acrobatics","Dodge and Roll"],"picked":"Dash","floor":2},{"not_picked":["Backflip","Quick Slash"],"picked":"Predator","floor":3},{"not_picked":["Slice","Skewer"],"picked":"Escape Plan","floor":4},{"not_picked":["Blade Dance","Dodge and Roll"],"picked":"Dash","floor":5},{"not_picked":["Tactician","Deflect"],"picked":"Caltrops","floor":7},{"not_picked":["Catalyst","Slice"],"picked":"Poisoned Stab","floor":8},{"not_picked":["All Out Attack","PiercingWail"],"picked":"Infinite Blades","floor":10},{"not_picked":["Accuracy","Escape Plan"],"picked":"Infinite Blades","floor":14},{"not_picked":["Phantasmal Killer","Night Terror"],"picked":"Burst","floor":16},{"not_picked":["Expertise","Sucker Punch"],"picked":"Bouncing Flask","floor":18},{"not_picked":["Slice","Bane"],"picked":"Backflip","floor":19},{"not_picked":["Prepared","Cloak And Dagger"],"picked":"Escape Plan","floor":21},{"not_picked":["Deadly Poison","Catalyst"],"picked":"Malaise","floor":23}],"player_experience":664472,"relics_obtained":[{"floor":7,"key":"Thread and Needle"},{"floor":9,"key":"MawBank"},{"floor":10,"key":"Snake Skull"},{"floor":14,"key":"PreservedInsect"},{"floor":23,"key":"Frozen Egg 2"},{"floor":25,"key":"Nilry\u0027s Codex"},{"floor":26,"key":"Ancient Tea Set"}],"event_choices":[{"damage_healed":0,"gold_gain":80,"player_choice":"Gained Gold","damage_taken":0,"max_hp_gain":0,"max_hp_loss":0,"event_name":"Golden Wing","floor":12,"gold_loss":0},{"damage_healed":0,"gold_gain":0,"player_choice":"Became a vampire","damage_taken":0,"max_hp_gain":0,"max_hp_loss":21,"event_name":"Vampires","floor":20,"gold_loss":0,"cards_obtained":["Bite","Bite","Bite","Bite","Bite"]},{"damage_healed":0,"gold_gain":0,"player_choice":"Obtained Book","damage_taken":16,"max_hp_gain":0,"max_hp_loss":0,"event_name":"Cursed Tome","floor":25,"gold_loss":0}],"is_beta":false,"boss_relics":[{"not_picked":["Eternal Feather","Lizard Tail"],"picked":"Ectoplasm"}],"items_purged_floors":[],"is_endless":false,"potions_floor_spawned":[2,4,5,8,10,18,21],"killed_by":"Slavers","ascension_level":12}