{"gold_per_floor":[119,44,44,64,79,79,91,121,121,121,147,161,161,190,190,291,291,302,318,22,41,116,116,132,150,150,175,103,103,128,156,168,275,287,311,323,349,374,149,149,159,159,182,182,182,207,207,227,227,227],"floor_reached":51,"playtime":2630,"items_purged":["Strike_R","Strike_R"],"score":919,"play_id":"ef689163-9e9e-44a0-b10e-d38764d474ed","local_time":"20180909014626","is_ascension_mode":true,"campfire_choices":[{"data":"Twin Strike","floor":6,"key":"SMITH"},{"floor":10,"key":"REST"},{"data":"Feed","floor":13,"key":"SMITH"},{"floor":15,"key":"REST"},{"data":"Armaments","floor":23,"key":"SMITH"},{"floor":32,"key":"REST"},{"floor":40,"key":"REST"},{"data":"Rage","floor":45,"key":"SMITH"},{"floor":49,"key":"REST"}],"neow_cost":"","seed_source_timestamp":13542241047498,"circlet_count":0,"master_deck":["Strike_R","Strike_R","Strike_R","Defend_R","Defend_R","Defend_R","Defend_R","Bash","Wild Strike","Twin Strike","Twin Strike+1","Feed+1","Wild Strike","Inflame","Pummel+1","Offering","Heavy Blade+1","Pommel Strike+1","Armaments+1","Flex","Fire Breathing","Rage+1","J.A.X.","Inflame+1","Fiend Fire+1","Shrug It Off+1","Pummel+1","Rage+1","Good Instincts","Dark Shackles","Body Slam+1","Madness","Madness"],"relics":["Burning Blood","Omamori","Self Forming Clay","Vajra","Centennial Puzzle","Molten Egg 2","Sozu","HandDrill","Mercury Hourglass","Question Card","MawBank","Busted Crown","Champion Belt","Brimstone","Blood Vial","Regal Pillow"],"potions_floor_usage":[7,18,18,27],"damage_taken":[{"damage":10,"enemies":"2 Louse","floor":1,"turns":3},{"damage":1,"enemies":"Cultist","floor":4,"turns":3},{"damage":2,"enemies":"Jaw Worm","floor":5,"turns":3},{"damage":9,"enemies":"Red Slaver","floor":7,"turns":2},{"damage":50,"enemies":"Lagavulin","floor":8,"turns":6},{"damage":17,"enemies":"3 Sentries","floor":11,"turns":6},{"damage":4,"enemies":"Looter","floor":12,"turns":3},{"damage":16,"enemies":"Gremlin Nob","floor":14,"turns":3},{"damage":45,"enemies":"Hexaghost","floor":16,"turns":9},{"damage":0,"enemies":"3 Byrds","floor":18,"turns":3},{"damage":8,"enemies":"Chosen","floor":19,"turns":3},{"damage":11,"enemies":"Sentry and Sphere","floor":21,"turns":3},{"damage":18,"enemies":"Centurion and Healer","floor":24,"turns":5},{"damage":17,"enemies":"Cultist and Chosen","floor":25,"turns":5},{"damage":5,"enemies":"Gremlin Leader","floor":27,"turns":4},{"damage":18,"enemies":"Book of Stabbing","floor":30,"turns":2},{"damage":21,"enemies":"Snake Plant","floor":31,"turns":2},{"damage":44,"enemies":"Collector","floor":33,"turns":6},{"damage":51,"enemies":"3 Darklings","floor":35,"turns":5},{"damage":32,"enemies":"Mind Bloom Boss Battle","floor":36,"turns":3},{"damage":0,"enemies":"Orb Walker","floor":37,"turns":3},{"damage":17,"enemies":"Sphere and 2 Shapes","floor":38,"turns":3},{"damage":9,"enemies":"Reptomancer","floor":41,"turns":3},{"damage":25,"enemies":"Nemesis","floor":46,"turns":3},{"damage":9,"enemies":"3 Darklings","floor":48,"turns":3},{"damage":76,"enemies":"Donu and Deca","floor":50,"turns":6}],"seed_played":"-6768265657457130549","potions_obtained":[{"floor":4,"key":"Energy Potion"},{"floor":7,"key":"LiquidBronze"},{"floor":12,"key":"PowerPotion"},{"floor":14,"key":"LiquidBronze"},{"floor":16,"key":"Fire Potion"}],"is_trial":false,"path_per_floor":["M","$","?","M","M","R","M","E","T","R","E","M","R","E","R","B",null,"M","M","$","M","?","R","M","M","T","E","$","?","E","M","R","B",null,"M","?","M","M","$","R","M","?","T","?","R","E","?","M","R","B"],"character_chosen":"IRONCLAD","items_purchased":["HandDrill","Rage","Brimstone","Pummel+1"],"campfire_rested":5,"item_purchase_floors":[20,28,39,39],"current_hp_per_floor":[76,76,76,80,80,80,77,33,33,57,49,51,51,45,71,36,91,91,89,89,88,79,79,71,64,64,69,69,69,57,42,74,40,111,66,40,50,39,39,73,70,70,70,65,65,48,34,37,87,19],"gold":227,"neow_bonus":"","is_prod":false,"is_daily":false,"chose_seed":false,"campfire_upgraded":4,"win_rate":0,"timestamp":1536471986,"path_taken":["M","$","?","M","M","R","?","E","T","R","E","M","R","E","R","BOSS","M","M","$","M","?","R","M","M","T","E","$","?","E","M","R","BOSS","M","?","M","M","$","R","M","?","T","?","R","E","?","M","R","BOSS"],"build_version":"2018-09-06","purchased_purges":2,"victory":true,"max_hp_per_floor":[80,80,80,80,80,80,80,80,80,80,83,83,83,87,87,91,91,91,91,91,95,95,95,99,103,103,107,107,107,107,107,107,111,111,111,111,115,115,115,115,115,115,115,115,115,115,115,119,119,119],"card_choices":[{"not_picked":["Anger","Body Slam"],"picked":"Wild Strike","floor":1},{"not_picked":["Dual Wield","Combust"],"picked":"Twin Strike","floor":4},{"not_picked":["Dual Wield","Infernal Blade"],"picked":"Twin Strike","floor":5},{"not_picked":["Rage","Clothesline"],"picked":"Feed","floor":7},{"not_picked":["Warcry","Reckless Charge"],"picked":"Wild Strike","floor":8},{"not_picked":["Dropkick","Havoc"],"picked":"Exhume","floor":11},{"not_picked":["Clash","Spot Weakness"],"picked":"Inflame","floor":12},{"not_picked":["True Grit","Bloodletting"],"picked":"Pummel","floor":14},{"not_picked":["Limit Break","Brutality"],"picked":"Offering","floor":16},{"not_picked":["Anger+1","Headbutt+1"],"picked":"Heavy Blade+1","floor":18},{"not_picked":["Body Slam+1","Cleave+1"],"picked":"Pommel Strike+1","floor":19},{"not_picked":["Intimidate","Shrug It Off"],"picked":"Armaments","floor":21},{"not_picked":["Havoc+1","Second Wind","Blood for Blood+1"],"picked":"SKIP","floor":24},{"not_picked":["Iron Wave+1","Sentinel+1"],"picked":"Flex","floor":25},{"not_picked":["Hemokinesis+1","Brutality"],"picked":"Fire Breathing","floor":27},{"not_picked":["Sever Soul+1","Clash+1","Anger+1","Corruption"],"picked":"SKIP","floor":30},{"not_picked":["Disarm","Flex","Pommel Strike+1"],"picked":"Inflame+1","floor":31},{"not_picked":["Berserk","Reaper+1","Exhume"],"picked":"Fiend Fire+1","floor":33},{"not_picked":["Anger+1","Bloodletting"],"picked":"SKIP","floor":35},{"not_picked":["Sentinel"],"picked":"Shrug It Off+1","floor":36},{"not_picked":["Cleave+1","True Grit"],"picked":"SKIP","floor":37},{"not_picked":["Combust+1","Burning Pact"],"picked":"SKIP","floor":38},{"not_picked":["Heavy Blade+1"],"picked":"Rage+1","floor":41},{"not_picked":["PanicButton"],"picked":"Good Instincts","floor":44},{"not_picked":["Swift Strike+1"],"picked":"Dark Shackles","floor":44},{"not_picked":["Burning Pact+1"],"picked":"Body Slam+1","floor":46},{"not_picked":["Sentinel+1","Ghostly Armor"],"picked":"SKIP","floor":48}],"player_experience":784286,"relics_obtained":[{"floor":3,"key":"Omamori"},{"floor":8,"key":"Self Forming Clay"},{"floor":9,"key":"Vajra"},{"floor":11,"key":"Centennial Puzzle"},{"floor":14,"key":"Molten Egg 2"},{"floor":26,"key":"Mercury Hourglass"},{"floor":27,"key":"Question Card"},{"floor":30,"key":"MawBank"},{"floor":36,"key":"Champion Belt"},{"floor":43,"key":"Blood Vial"},{"floor":46,"key":"Regal Pillow"}],"event_choices":[{"event_name":"Wheel of Change","player_choice":"Relic","floor":3,"damage_taken":0},{"event_name":"FaceTrader","player_choice":"Touch","floor":22,"damage_taken":0},{"event_name":"Drug Dealer","player_choice":"Got JAX","floor":29,"damage_taken":0},{"event_name":"MindBloom","player_choice":"Fight","floor":36,"damage_taken":0},{"event_name":"Falling","player_choice":"Removed Skill","floor":42,"damage_taken":0},{"event_name":"SensoryStone","player_choice":"Memory 2","floor":44,"damage_taken":0},{"event_name":"Winding Halls","player_choice":"Embrace Madness","floor":47,"damage_taken":0}],"is_beta":false,"boss_relics":[{"not_picked":["Fusion Hammer","Calling Bell"],"picked":"Sozu"},{"not_picked":["Black Star","Eternal Feather"],"picked":"Busted Crown"}],"items_purged_floors":[2,20],"is_endless":false,"potions_floor_spawned":[4,7,12,14,16,19,25,27,35,38,41],"ascension_level":3}