{"gold_per_floor":[116,129,148,323,46,46,73,73,73,73,102,2,2,2,2,2],"floor_reached":16,"playtime":860,"items_purged":["Doubt","Strike_R"],"score":180,"play_id":"b5b804e9-a333-484f-bf94-aeede9614a7f","local_time":"20190513203903","is_ascension_mode":true,"campfire_choices":[{"data":"Shrug It Off","floor":6.0,"key":"SMITH"},{"data":"Infernal Blade","floor":8.0,"key":"SMITH"},{"data":"Thunderclap","floor":10.0,"key":"SMITH"},{"floor":13.0,"key":"REST"},{"data":"Bash","floor":15.0,"key":"SMITH"}],"neow_cost":"PERCENT_DAMAGE","seed_source_timestamp":0,"circlet_count":0,"master_deck":["AscendersBane","Strike_R","Strike_R","Strike_R","Defend_R","Defend_R+1","Defend_R+1","Bash+1","Thunderclap+1","Shrug It Off+1","Infernal Blade+1"],"special_seed":0,"relics":["Burning Blood","War Paint","Ornamental Fan","Dream Catcher","Bag of Preparation","Bird Faced Urn"],"potions_floor_usage":[16,16],"damage_taken":[{"damage":0.0,"enemies":"Small Slimes","floor":1.0,"turns":3.0},{"damage":7.0,"enemies":"Jaw Worm","floor":2.0,"turns":3.0},{"damage":6.0,"enemies":"Cultist","floor":3.0,"turns":4.0},{"damage":29.0,"enemies":"3 Sentries","floor":7.0,"turns":11.0},{"damage":25.0,"enemies":"Lagavulin","floor":11.0,"turns":9.0},{"damage":66,"enemies":"The Guardian","floor":16,"turns":18}],"seed_played":"3054371828973634158","potions_obtained":[{"floor":2.0,"key":"Dexterity Potion"},{"floor":3.0,"key":"EssenceOfSteel"}],"is_trial":false,"path_per_floor":["M","M","M","?","$","R","E","R","T","R","E","$","R","?","R","B"],"character_chosen":"IRONCLAD","items_purchased":["Shrug It Off","War Paint"],"campfire_rested":1,"item_purchase_floors":[5,5],"current_hp_per_floor":[56,55,55,55,55,55,32,32,32,32,13,13,35,35,35,0],"gold":2,"neow_bonus":"REMOVE_TWO","is_prod":false,"is_daily":false,"chose_seed":false,"campfire_upgraded":4,"win_rate":0,"timestamp":1557772743,"path_taken":["M","M","M","?","$","R","E","R","T","R","E","$","R","?","R","BOSS"],"build_version":"2019-01-23","purchased_purges":2,"victory":false,"max_hp_per_floor":[75,75,75,75,75,75,75,75,75,75,75,75,75,75,75,75],"card_choices":[{"not_picked":["Clothesline","Second Wind"],"picked":"Thunderclap","floor":1.0},{"not_picked":["Warcry","Clothesline","Searing Blow"],"picked":"SKIP","floor":2.0},{"not_picked":["Body Slam","Pommel Strike","Rupture"],"picked":"SKIP","floor":3.0},{"not_picked":["Sword Boomerang","Corruption"],"picked":"Infernal Blade","floor":7.0},{"not_picked":["Havoc","Warcry","Clothesline"],"picked":"SKIP","floor":11.0}],"player_experience":547306,"relics_obtained":[{"floor":7.0,"key":"Ornamental Fan"},{"floor":9.0,"key":"Dream Catcher"},{"floor":11.0,"key":"Bag of Preparation"}],"event_choices":[{"damage_healed":0.0,"max_hp_gain":0.0,"max_hp_loss":0.0,"gold_gain":175.0,"event_name":"Liars Game","player_choice":"AGREE","floor":4.0,"gold_loss":0.0,"damage_taken":0.0,"cards_obtained":["Doubt"]},{"damage_healed":0.0,"max_hp_gain":0.0,"max_hp_loss":0.0,"gold_gain":0.0,"event_name":"Dead Adventurer","player_choice":"Searched \u00271\u0027 times","floor":14.0,"gold_loss":0.0,"damage_taken":0.0,"relics_obtained":["Bird Faced Urn"]}],"is_beta":false,"boss_relics":[],"items_purged_floors":[5,12],"is_endless":false,"potions_floor_spawned":[2,3,11],"killed_by":"The Guardian","ascension_level":14}