{"gold_per_floor":[115,290,306,381,98,98,128,56,56,75,86,86,96,125,125,199,199,215,235,64,77,77,77,77,77,77,91,108,108,118,131,131,202,202,216,261,261,136,136,136,153,165,165,21,32,43,74,74,74,74],"floor_reached":51,"playtime":14738,"items_purged":["Doubt","Strike_G","Injury"],"score":1222,"play_id":"ef1e2cb2-8af9-497e-bab8-2e51b3dbe13a","local_time":"20180811033127","is_ascension_mode":true,"campfire_choices":[{"data":"Blur","floor":6,"key":"SMITH"},{"data":"Blur","floor":12,"key":"SMITH"},{"floor":15,"key":"REST"},{"data":"Adrenaline","floor":23,"key":"SMITH"},{"data":"Noxious Fumes","floor":25,"key":"SMITH"},{"data":"Well Laid Plans","floor":29,"key":"SMITH"},{"floor":32,"key":"REST"},{"floor":40,"key":"REST"},{"floor":49,"key":"REST"}],"neow_cost":"NONE","seed_source_timestamp":4759531786940698,"circlet_count":0,"master_deck":["Defend_G+1","Defend_G+1","Defend_G+1","Defend_G+1","Defend_G+1","Strike_G+1","Strike_G+1","Strike_G+1","Strike_G+1","Survivor","Neutralize","AscendersBane","Well Laid Plans+1","Blur+1","Blur+1","Noxious Fumes+1","Noxious Fumes","Footwork+1","Leg Sweep","Expertise","Adrenaline+1","Acrobatics+1","Predator","Blur","After Image","Burst","Escape Plan","Noxious Fumes","Footwork+1"],"relics":["Ring of the Snake","Vajra","DollysMirror","Odd Mushroom","Bottled Flame","Incense Burner","HoveringKite","Question Card","Fusion Hammer","StoneCalendar","The Specimen","Pen Nib","Art of War","Regal Pillow"],"potions_floor_usage":[7,47],"damage_taken":[{"damage":0,"enemies":"Small Slimes","floor":1,"turns":3},{"damage":6,"enemies":"Cultist","floor":3,"turns":4},{"damage":5,"floor":7,"turns":6},{"damage":0,"enemies":"Jaw Worm","floor":10,"turns":5},{"damage":0,"enemies":"Blue Slaver","floor":11,"turns":6},{"damage":6,"enemies":"Looter","floor":13,"turns":5},{"damage":29,"enemies":"Gremlin Nob","floor":14,"turns":6},{"damage":0,"enemies":"The Guardian","floor":16,"turns":15},{"damage":1,"enemies":"Chosen","floor":18,"turns":8},{"damage":0,"enemies":"Shell Parasite","floor":19,"turns":9},{"damage":7,"enemies":"Chosen and Byrds","floor":21,"turns":8},{"damage":0,"enemies":"Centurion and Healer","floor":27,"turns":8},{"damage":0,"enemies":"Snake Plant","floor":28,"turns":6},{"damage":5,"enemies":"3 Cultists","floor":30,"turns":7},{"damage":13,"enemies":"Sentry and Sphere","floor":31,"turns":9},{"damage":6,"enemies":"Collector","floor":33,"turns":15},{"damage":18,"enemies":"Flame Bruiser 1 Orb","floor":35,"turns":10},{"damage":10,"floor":36,"turns":8},{"damage":0,"enemies":"3 Darklings","floor":41,"turns":6},{"damage":0,"enemies":"Maw","floor":42,"turns":11},{"damage":0,"enemies":"4 Shapes","floor":45,"turns":6},{"damage":0,"enemies":"Spire Growth","floor":46,"turns":7},{"damage":0,"enemies":"Nemesis","floor":47,"turns":9},{"damage":19,"enemies":"Donu and Deca","floor":50,"turns":11}],"seed_played":"687219033978376428","potions_obtained":[{"floor":1,"key":"SteroidPotion"},{"floor":7,"key":"GamblersBrew"},{"floor":14,"key":"FairyPotion"}],"is_trial":false,"path_per_floor":["M","?","M","?","$","R","?","$","T","M","M","R","M","E","R","B",null,"M","M","$","M","?","R","?","R","T","M","M","R","M","M","R","B",null,"M","?","?","$","T","R","M","M","T","$","M","M","E","$","R","B"],"character_chosen":"THE_SILENT","items_purchased":["DollysMirror","Noxious Fumes","Predator","Art of War"],"campfire_rested":4,"item_purchase_floors":[5,8,20,44],"current_hp_per_floor":[59,59,53,42,42,42,37,37,37,37,37,37,31,2,21,21,55,54,54,54,47,47,47,47,47,47,47,47,47,42,29,48,42,60,42,32,32,32,32,51,51,51,51,51,51,51,51,51,66,47],"gold":74,"neow_bonus":"RANDOM_COMMON_RELIC","is_prod":false,"is_daily":false,"chose_seed":false,"campfire_upgraded":5,"win_rate":0,"timestamp":1533951087,"path_taken":["M","?","M","?","$","R","?","?","T","M","M","R","M","E","R","BOSS","M","M","$","?","?","R","?","R","T","M","?","R","?","M","R","BOSS","M","?","?","?","?","R","M","M","T","$","?","?","E","$","R","BOSS"],"build_version":"2018-08-09","purchased_purges":3,"victory":true,"max_hp_per_floor":[66,66,66,66,66,66,66,66,66,66,66,66,66,66,66,66,66,66,66,66,66,66,66,66,66,66,66,66,66,66,66,66,66,66,66,66,66,66,66,66,66,66,66,66,66,66,66,66,66,66],"card_choices":[{"not_picked":["Heel Hook","Dodge and Roll"],"picked":"Well Laid Plans","floor":1},{"not_picked":["Cloak And Dagger","Reflex"],"picked":"Blur","floor":3},{"not_picked":["Cloak And Dagger","Masterful Stab"],"picked":"Noxious Fumes","floor":7},{"not_picked":["Prepared","Leg Sweep"],"picked":"Footwork","floor":10},{"not_picked":["Slice","Backstab","Sucker Punch"],"picked":"SKIP","floor":11},{"not_picked":["Tactician","Eviscerate"],"picked":"Leg Sweep","floor":13},{"not_picked":["Flechettes","Deadly Poison"],"picked":"Expertise","floor":14},{"not_picked":["Venomology","Grand Finale"],"picked":"Adrenaline","floor":16},{"not_picked":["PiercingWail","Blur+1"],"picked":"Acrobatics+1","floor":18},{"not_picked":["Deadly Poison","Quick Slash","Poisoned Stab"],"picked":"SKIP","floor":19},{"not_picked":["Outmaneuver","Prepared"],"picked":"Blur","floor":21},{"not_picked":["Blade Dance","Terror","Outmaneuver","Heel Hook"],"picked":"SKIP","floor":27},{"not_picked":["Quick Slash","Acrobatics","Calculated Gamble","Poisoned Stab"],"picked":"SKIP","floor":28},{"not_picked":["Poisoned Stab","Riddle With Holes","Flying Knee"],"picked":"After Image","floor":30},{"not_picked":["Outmaneuver","Deadly Poison","Tactician","Dodge and Roll"],"picked":"SKIP","floor":31},{"not_picked":["Venomology","Die Die Die","Adrenaline"],"picked":"Burst","floor":33},{"not_picked":["Deadly Poison","Cloak And Dagger","Dagger Spray"],"picked":"Escape Plan","floor":35},{"not_picked":["Prepared","Bane+1","Poisoned Stab+1","Flechettes"],"picked":"SKIP","floor":41},{"not_picked":["Dagger Throw","Deflect","PiercingWail"],"picked":"Noxious Fumes","floor":42},{"not_picked":["PiercingWail","All Out Attack+1","Predator","Cloak And Dagger"],"picked":"SKIP","floor":45},{"not_picked":["Bullet Time","Prepared+1","Eviscerate","Deflect+1"],"picked":"SKIP","floor":46},{"not_picked":["Leg Sweep+1","Eviscerate","Terror"],"picked":"Footwork+1","floor":47}],"player_experience":457570,"relics_obtained":[{"floor":7,"key":"Odd Mushroom"},{"floor":9,"key":"Bottled Flame"},{"floor":14,"key":"Incense Burner"},{"floor":26,"key":"Question Card"},{"floor":36,"key":"StoneCalendar"},{"floor":39,"key":"The Specimen"},{"floor":43,"key":"Pen Nib"},{"floor":47,"key":"Regal Pillow"}],"event_choices":[{"event_name":"Liars Game","player_choice":"agreed","floor":2,"damage_taken":0},{"event_name":"World of Goop","player_choice":"Gather Gold","floor":4,"damage_taken":0},{"event_name":"Mushrooms","player_choice":"Fought Mushrooms","floor":7,"damage_taken":0},{"event_name":"Back to Basics","player_choice":"Simplicity","floor":22,"damage_taken":0},{"event_name":"Accursed Blacksmith","player_choice":"Forge","floor":24,"damage_taken":0},{"event_name":"Mysterious Sphere","player_choice":"Fight","floor":36,"damage_taken":0},{"event_name":"The Moai Head","player_choice":"Ignored","floor":37,"damage_taken":0}],"is_beta":false,"boss_relics":[{"not_picked":["Ring of the Serpent","Ectoplasm"],"picked":"HoveringKite"},{"not_picked":["White Beast Statue","Coffee Dripper"],"picked":"Fusion Hammer"}],"items_purged_floors":[5,20,38],"is_endless":false,"potions_floor_spawned":[1,7,14,18,21,27,31,33,36,42],"ascension_level":14}