{"gold_per_floor":[15,26,26,40,40,40,40,40,40,40,60,80,95,95,95,196,196,208,227,241,241,140,166,166,166],"floor_reached":25,"playtime":2410,"items_purged":["Strike_B"],"score":245,"play_id":"7a02791b-0339-44bf-8cba-3688456de631","local_time":"20190111233755","is_ascension_mode":true,"campfire_choices":[{"data":"Zap","floor":6,"key":"SMITH"},{"data":"Dualcast","floor":8,"key":"SMITH"},{"data":"Reboot","floor":10,"key":"SMITH"},{"data":"Cold Snap","floor":15,"key":"SMITH"},{"data":"RitualDagger","floor":24,"key":"SMITH"}],"neow_cost":"NO_GOLD","seed_source_timestamp":204756222067932,"circlet_count":0,"master_deck":["Strike_B","Defend_B","Defend_B","Defend_B","Defend_B+1","Zap+1","Dualcast+1","Reboot+1","Leap+1","Cold Snap","Chaos+1","Cold Snap+1","Conserve Battery+1","Glacier+1","Redo+1","Seek+1","Redo+1","White Noise+1","Rebound+1","RitualDagger+1","Redo+1","Chaos+1"],"relics":["Cracked Core","Toxic Egg 2","Cursed Key","Vajra"],"potions_floor_usage":[19,25,25,25],"damage_taken":[{"damage":4,"enemies":"Small Slimes","floor":1,"turns":4},{"damage":0,"enemies":"Cultist","floor":2,"turns":3},{"damage":0,"enemies":"2 Louse","floor":4,"turns":2},{"damage":0,"enemies":"Blue Slaver","floor":11,"turns":2},{"damage":0,"enemies":"Large Slime","floor":12,"turns":7},{"damage":0,"enemies":"Exordium Thugs","floor":13,"turns":5},{"damage":21,"enemies":"The Guardian","floor":16,"turns":15},{"damage":3,"enemies":"Spheric Guardian","floor":18,"turns":4},{"damage":0,"enemies":"Shell Parasite","floor":19,"turns":6},{"damage":0,"enemies":"Snecko","floor":20,"turns":6},{"damage":14,"enemies":"Slavers","floor":23,"turns":6},{"damage":12,"enemies":"Colosseum Slavers","floor":25,"turns":4},{"damage":68,"enemies":"Colosseum Nobs","floor":25,"turns":4}],"seed_played":"1843693648266615808","potions_obtained":[{"floor":11,"key":"FearPotion"},{"floor":12,"key":"Poison Potion"},{"floor":13,"key":"FearPotion"},{"floor":16,"key":"Dexterity Potion"},{"floor":18,"key":"Fruit Juice"},{"floor":20,"key":"Weak Potion"},{"floor":23,"key":"Explosive Potion"}],"is_trial":false,"path_per_floor":["M","M","?","M","$","R","$","R","T","R","M","M","M","?","R","B",null,"M","M","M","?","$","E","R","?"],"character_chosen":"DEFECT","items_purchased":["Redo+1"],"campfire_rested":0,"item_purchase_floors":[22],"current_hp_per_floor":[71,71,71,71,71,71,71,71,71,71,71,71,71,56,56,35,75,72,77,77,71,71,57,57,0],"gold":166,"neow_bonus":"TRANSFORM_TWO_CARDS","is_prod":false,"is_daily":false,"chose_seed":false,"campfire_upgraded":5,"win_rate":0,"timestamp":1547271475,"path_taken":["M","M","?","?","$","R","?","R","T","R","M","M","M","?","R","BOSS","M","M","M","?","$","E","R","?"],"build_version":"2019-01-10","purchased_purges":1,"victory":false,"max_hp_per_floor":[75,75,75,75,75,75,75,75,75,75,75,75,75,75,75,75,75,75,80,80,80,80,80,80,80],"card_choices":[{"not_picked":["Coolheaded","Conserve Battery"],"picked":"Cold Snap","floor":1},{"not_picked":["Gash","Sunder"],"picked":"Chaos","floor":2},{"not_picked":["Thunder Strike","Beam Cell"],"picked":"Cold Snap","floor":4},{"not_picked":["Streamline","Force Field+1"],"picked":"Conserve Battery+1","floor":11},{"not_picked":["Coolheaded+1","All For One"],"picked":"Glacier+1","floor":12},{"not_picked":["Force Field+1","Sweeping Beam"],"picked":"Redo+1","floor":13},{"not_picked":["Meteor Strike","Biased Cognition"],"picked":"Seek+1","floor":16},{"not_picked":["Steam+1","Conserve Battery+1"],"picked":"Redo+1","floor":18},{"not_picked":["Reprogram+1","Self Repair"],"picked":"White Noise+1","floor":19},{"not_picked":["Turbo+1","Barrage"],"picked":"Rebound+1","floor":20},{"not_picked":["Creative AI","Chill+1"],"picked":"Chaos+1","floor":23}],"player_experience":516037,"relics_obtained":[{"floor":9,"key":"Toxic Egg 2"},{"floor":23,"key":"Vajra"}],"event_choices":[{"damage_healed":0,"gold_gain":0,"player_choice":"Upgraded","damage_taken":0,"max_hp_gain":0,"max_hp_loss":0,"event_name":"Upgrade Shrine","floor":3,"gold_loss":0,"cards_upgraded":["Chaos"]},{"damage_healed":0,"gold_gain":0,"player_choice":"Entered Light","damage_taken":15,"max_hp_gain":0,"max_hp_loss":0,"event_name":"Shining Light","floor":14,"gold_loss":0,"cards_upgraded":["Defend_B","Leap"]},{"damage_healed":0,"gold_gain":0,"player_choice":"Joined the Cult","damage_taken":6,"max_hp_gain":0,"max_hp_loss":0,"event_name":"Nest","floor":21,"gold_loss":0,"cards_obtained":["RitualDagger"]},{"damage_healed":0,"gold_gain":0,"player_choice":"Fight","damage_taken":0,"max_hp_gain":0,"max_hp_loss":0,"event_name":"Colosseum","floor":25,"gold_loss":0},{"damage_healed":0,"gold_gain":0,"player_choice":"Fought Nobs","damage_taken":0,"max_hp_gain":0,"max_hp_loss":0,"event_name":"Colosseum","floor":25,"gold_loss":0}],"is_beta":false,"boss_relics":[{"not_picked":["Snecko Eye","Ectoplasm"],"picked":"Cursed Key"}],"items_purged_floors":[22],"is_endless":false,"potions_floor_spawned":[11,12,13,16,18,20,23],"killed_by":"Colosseum Nobs","ascension_level":3}