{"gold_per_floor":[112,132,105,119,136,136,155,155,227,227,227,227,245,274,274,347,347,364,364,53,53,65,90,90],"floor_reached":24,"playtime":978,"items_purged":[],"score":367,"play_id":"4d51f978-74c6-4e9b-993d-99c8a936b240","local_time":"20190419171244","is_ascension_mode":true,"campfire_choices":[{"data":"Static Discharge","floor":6.0,"key":"SMITH"},{"floor":10.0,"key":"REST"},{"floor":12.0,"key":"REST"},{"data":"Echo Form","floor":15,"key":"SMITH"}],"neow_cost":"PERCENT_DAMAGE","seed_source_timestamp":0,"circlet_count":0,"master_deck":["AscendersBane","Strike_B","Strike_B","Defend_B","Defend_B","Defend_B","Defend_B","Zap","Dualcast","Flash of Steel","PanicButton","Static Discharge+1","Coolheaded","Redo","Ball Lightning","Leap","Echo Form+1","FTL","Capacitor","Thunder Strike","Tempest","Steam+1","Chaos","Multi-Cast","Capacitor","Sweeping Beam","Pain","Redo","Conserve Battery","Conserve Battery"],"special_seed":0,"relics":["Cracked Core","Cables","Prayer Wheel","White Beast Statue","Lee\u0027s Waffle","WarpedTongs","Blood Vial"],"potions_floor_usage":[16,16,22,24,24],"damage_taken":[{"damage":0.0,"enemies":"Small Slimes","floor":1.0,"turns":3.0},{"damage":0.0,"enemies":"2 Louse","floor":2.0,"turns":2.0},{"damage":0.0,"enemies":"Cultist","floor":4.0,"turns":4.0},{"damage":14.0,"enemies":"Exordium Thugs","floor":5.0,"turns":5.0},{"damage":17.0,"enemies":"3 Louse","floor":7.0,"turns":3.0},{"damage":4.0,"enemies":"Blue Slaver","floor":13.0,"turns":2.0},{"damage":15.0,"enemies":"Lagavulin","floor":14.0,"turns":7.0},{"damage":29,"enemies":"The Guardian","floor":16,"turns":9},{"damage":27,"enemies":"2 Thieves","floor":18,"turns":4},{"damage":32,"enemies":"Shell Parasite","floor":22,"turns":6},{"damage":44,"enemies":"Slavers","floor":23,"turns":3},{"damage":14,"enemies":"Shelled Parasite and Fungi","floor":24,"turns":2}],"seed_played":"4563050305820422267","potions_obtained":[{"floor":5.0,"key":"Block Potion"},{"floor":7.0,"key":"LiquidBronze"},{"floor":18,"key":"Regen Potion"},{"floor":22,"key":"SpeedPotion"},{"floor":23,"key":"Weak Potion"}],"is_trial":false,"path_per_floor":["M","M","$","M","M","R","M","$","T","R","?","R","M","E","R","B",null,"M","?","$","?","M","E","M"],"character_chosen":"DEFECT","items_purchased":["Redo","Lee\u0027s Waffle","Capacitor","Sweeping Beam"],"campfire_rested":2,"item_purchase_floors":[3,20,20,20],"current_hp_per_floor":[46,46,46,46,32,32,15,15,15,36,36,57,53,38,38,9,56,29,29,78,78,55,11,0],"gold":90,"neow_bonus":"RANDOM_COLORLESS_2","is_prod":false,"is_daily":false,"chose_seed":false,"campfire_upgraded":2,"win_rate":0,"timestamp":1555708364,"path_taken":["M","M","$","M","M","R","M","$","T","R","?","R","M","E","R","BOSS","M","?","$","?","M","E","M"],"build_version":"2019-01-23","purchased_purges":0,"victory":false,"max_hp_per_floor":[71,71,71,71,71,71,71,71,71,71,71,71,71,71,71,71,71,71,71,78,78,78,78,78],"card_choices":[{"not_picked":["Turbo","Coolheaded"],"picked":"Static Discharge","floor":1.0},{"not_picked":["Beam Cell","Gash"],"picked":"Coolheaded","floor":2.0},{"not_picked":["Compile Driver","Hologram"],"picked":"Ball Lightning","floor":4.0},{"not_picked":["Gash","Barrage"],"picked":"Leap","floor":5.0},{"not_picked":["Leap","Fusion"],"picked":"Echo Form","floor":7.0},{"not_picked":["Compile Driver","Gash"],"picked":"FTL","floor":13.0},{"not_picked":["Fission","Redo"],"picked":"Capacitor","floor":14.0},{"not_picked":["Biased Cognition","Echo Form"],"picked":"Thunder Strike","floor":16},{"not_picked":["Streamline","Cold Snap"],"picked":"Tempest","floor":18},{"not_picked":["Beam Cell","FTL"],"picked":"Steam+1","floor":18},{"not_picked":["Go for the Eyes","Steam Power"],"picked":"Redo","floor":22},{"not_picked":["Go for the Eyes","Sweeping Beam"],"picked":"Conserve Battery","floor":22},{"not_picked":["Ball Lightning","Streamline+1"],"picked":"Conserve Battery","floor":23}],"player_experience":2778338,"relics_obtained":[{"floor":9.0,"key":"Cables"},{"floor":14.0,"key":"Prayer Wheel"},{"floor":23,"key":"Blood Vial"}],"event_choices":[{"damage_healed":0.0,"max_hp_gain":0.0,"max_hp_loss":0.0,"gold_gain":0.0,"event_name":"Golden Wing","player_choice":"Ignored","floor":11.0,"gold_loss":0.0,"damage_taken":0.0},{"damage_healed":0,"gold_gain":0,"cards_transformed":["Strike_B","Strike_B"],"player_choice":"Became Test Subject","damage_taken":0,"max_hp_gain":0,"max_hp_loss":0,"event_name":"Drug Dealer","floor":19,"gold_loss":0,"cards_obtained":["Chaos","Multi-Cast"]},{"damage_healed":0,"gold_gain":0,"player_choice":"Rummage","damage_taken":0,"relics_obtained":["WarpedTongs"],"max_hp_gain":0,"max_hp_loss":0,"event_name":"Accursed Blacksmith","floor":21,"gold_loss":0,"cards_obtained":["Pain"]}],"is_beta":false,"boss_relics":[{"not_picked":["Coffee Dripper","Snecko Eye"],"picked":"White Beast Statue"}],"items_purged_floors":[],"is_endless":false,"potions_floor_spawned":[5,7,13,18,22,23],"killed_by":"Shelled Parasite and Fungi","ascension_level":14}