{"gold_per_floor":[116,133,147,120,140,168,168,94,94,110,120,120,120,120,120,197,197,211,211,310,45,0],"floor_reached":22,"playtime":1252,"items_purged":[],"score":313,"play_id":"978d52f9-906b-4a68-a4a5-cd3a7c9b809f","local_time":"20190419204923","is_ascension_mode":true,"campfire_choices":[{"floor":7,"key":"REST"},{"data":"Defragment","floor":12,"key":"SMITH"},{"data":"Creative AI","floor":15,"key":"SMITH"}],"neow_cost":"NONE","seed_source_timestamp":0,"circlet_count":0,"master_deck":["AscendersBane","Strike_B","Strike_B","Strike_B","Strike_B","Defend_B","Defend_B","Defend_B","Defend_B","Zap","Dualcast","Undo","Defragment+1","Glacier","Conserve Battery","Fusion","Tempest","Creative AI+1","Compile Driver","Barrage","Thunder Strike","Ball Lightning","Electrodynamics"],"special_seed":0,"relics":["Cracked Core","Letter Opener","Pantograph","Question Card","Eternal Feather","Membership Card"],"potions_floor_usage":[6,10,18,19,22],"damage_taken":[{"damage":1.0,"enemies":"Cultist","floor":1.0,"turns":3.0},{"damage":7.0,"enemies":"Jaw Worm","floor":2.0,"turns":3.0},{"damage":0.0,"enemies":"Small Slimes","floor":3.0,"turns":3.0},{"damage":4.0,"enemies":"3 Louse","floor":5.0,"turns":5.0},{"damage":40,"enemies":"Gremlin Nob","floor":6,"turns":5},{"damage":0,"enemies":"Large Slime","floor":10,"turns":6},{"damage":20,"enemies":"Exordium Wildlife","floor":11,"turns":5},{"damage":28,"enemies":"Hexaghost","floor":16,"turns":13},{"damage":12,"enemies":"3 Byrds","floor":18,"turns":4},{"damage":34,"enemies":"Colosseum Slavers","floor":19,"turns":5},{"damage":22,"enemies":"2 Thieves","floor":22,"turns":3}],"seed_played":"6689334997613937897","potions_obtained":[{"floor":2.0,"key":"Weak Potion"},{"floor":5.0,"key":"LiquidBronze"},{"floor":6,"key":"Poison Potion"},{"floor":10,"key":"FocusPotion"},{"floor":18,"key":"GamblersBrew"}],"is_trial":false,"path_per_floor":["M","M","M","$","M","E","R","$","T","M","M","R","?","?","R","B",null,"M","?","?","$","M"],"character_chosen":"DEFECT","items_purchased":["Conserve Battery","Creative AI","Membership Card","Electrodynamics"],"campfire_rested":1,"item_purchase_floors":[4,8,21,21],"current_hp_per_floor":[70,63,63,63,59,19,42,42,42,42,22,22,22,19,19,16,63,51,17,17,17,0],"gold":0,"neow_bonus":"TEN_PERCENT_HP_BONUS","is_prod":false,"is_daily":false,"chose_seed":false,"campfire_upgraded":2,"win_rate":0,"timestamp":1555721363,"path_taken":["M","?","M","$","M","E","R","$","T","M","M","R","?","?","R","BOSS","M","?","?","?","M"],"build_version":"2019-01-23","purchased_purges":0,"victory":false,"max_hp_per_floor":[78,78,78,78,78,78,78,78,78,78,78,78,78,78,78,78,78,78,78,78,78,78],"card_choices":[{"not_picked":["Beam Cell","Scrape"],"picked":"Undo","floor":1.0},{"not_picked":["Coolheaded","Chill"],"picked":"Defragment","floor":2.0},{"not_picked":["Stack","Compile Driver"],"picked":"Glacier","floor":3.0},{"not_picked":["Rebound","Ball Lightning"],"picked":"Fusion","floor":5.0},{"not_picked":["Coolheaded","Cold Snap"],"picked":"Tempest","floor":6},{"not_picked":["Aggregate","Cold Snap"],"picked":"Compile Driver","floor":10},{"not_picked":["Steam","Coolheaded"],"picked":"Barrage","floor":11},{"not_picked":["Reboot","Fission","Creative AI"],"picked":"Thunder Strike","floor":16},{"not_picked":["Gash","Redo","Cold Snap"],"picked":"Ball Lightning","floor":18}],"player_experience":2779595,"relics_obtained":[{"floor":6,"key":"Letter Opener"},{"floor":9,"key":"Pantograph"}],"event_choices":[{"damage_healed":0,"gold_gain":0,"player_choice":"Ignored","damage_taken":0,"max_hp_gain":0,"max_hp_loss":0,"event_name":"Shining Light","floor":13,"gold_loss":0},{"damage_healed":0,"gold_gain":0,"player_choice":"Success","damage_taken":3,"relics_obtained":["Question Card"],"max_hp_gain":0,"max_hp_loss":0,"event_name":"Scrap Ooze","floor":14,"gold_loss":0},{"damage_healed":0,"gold_gain":0,"player_choice":"Fight","damage_taken":0,"max_hp_gain":0,"max_hp_loss":0,"event_name":"Colosseum","floor":19,"gold_loss":0},{"damage_healed":0,"gold_gain":0,"player_choice":"Fled From Nobs","damage_taken":0,"max_hp_gain":0,"max_hp_loss":0,"event_name":"Colosseum","floor":19,"gold_loss":0},{"damage_healed":0,"gold_gain":99,"player_choice":"Stole From Cult","damage_taken":0,"max_hp_gain":0,"max_hp_loss":0,"event_name":"Nest","floor":20,"gold_loss":0}],"is_beta":false,"boss_relics":[{"not_picked":["Cursed Key","Tiny House"],"picked":"Eternal Feather"}],"items_purged_floors":[],"is_endless":false,"potions_floor_spawned":[2,5,6,10,18],"killed_by":"2 Thieves","ascension_level":14}