{"gold_per_floor":[12,12,37,50,64,64,84,84,109,109,125,144,62,76,76,200,200,215,0,15,30,30],"floor_reached":22,"playtime":40254,"items_purged":[],"score":255,"play_id":"c8dc20f9-d26d-4d4b-982b-5acd780a3f47","local_time":"20181020074957","is_ascension_mode":true,"campfire_choices":[{"data":"Armaments","floor":6,"key":"SMITH"},{"data":"Combust","floor":8,"key":"SMITH"},{"data":"Immolate","floor":15,"key":"SMITH"}],"neow_cost":"NO_GOLD","seed_source_timestamp":33013586878867,"circlet_count":0,"master_deck":["Strike_R","Strike_R","Strike_R","Defend_R","Defend_R","Defend_R","Defend_R","Bash","Immolate+1","Hemokinesis","Evolve","Combust+1","Warcry","Armaments+1","Rupture","Demon Form","Intimidate+1","Offering","Heavy Blade","Infernal Blade"],"relics":["Burning Blood","Golden Idol","Omamori","Snecko Eye","Vajra"],"potions_floor_usage":[14],"damage_taken":[{"damage":5,"enemies":"Jaw Worm","floor":1,"turns":3},{"damage":9,"enemies":"Small Slimes","floor":3,"turns":3},{"damage":3,"enemies":"Cultist","floor":4,"turns":3},{"damage":6,"enemies":"Large Slime","floor":5,"turns":3},{"damage":9,"enemies":"Looter","floor":7,"turns":3},{"damage":0,"enemies":"3 Louse","floor":11,"turns":2},{"damage":3,"enemies":"Exordium Wildlife","floor":12,"turns":3},{"damage":12,"enemies":"Gremlin Gang","floor":14,"turns":3},{"damage":37,"enemies":"Slime Boss","floor":16,"turns":9},{"damage":11,"enemies":"Shell Parasite","floor":18,"turns":4},{"damage":3,"enemies":"Spheric Guardian","floor":20,"turns":3},{"damage":28,"enemies":"Snake Plant","floor":21,"turns":2},{"damage":47,"enemies":"Shelled Parasite and Fungi","floor":22,"turns":4}],"seed_played":"5173082546052516594","potions_obtained":[{"floor":3,"key":"Energy Potion"},{"floor":5,"key":"SpeedPotion"},{"floor":12,"key":"FearPotion"}],"is_trial":false,"path_per_floor":["M","?","M","M","M","R","M","R","T","?","M","M","$","M","R","B",null,"M","$","M","M"],"character_chosen":"IRONCLAD","items_purchased":["Rupture","Offering","Vajra"],"campfire_rested":0,"item_purchase_floors":[13,19,19],"current_hp_per_floor":[73,73,70,73,73,73,70,70,70,63,69,72,72,66,66,35,69,64,64,67,45,0],"gold":30,"neow_bonus":"TRANSFORM_TWO_CARDS","is_prod":false,"is_daily":false,"chose_seed":false,"campfire_upgraded":3,"win_rate":0,"timestamp":1540036197,"path_taken":["M","?","M","M","M","R","M","R","T","?","M","M","$","M","R","BOSS","M","$","M","M","M"],"build_version":"2018-10-18","purchased_purges":0,"victory":false,"max_hp_per_floor":[80,80,80,80,80,80,80,80,80,80,80,80,80,80,80,80,80,80,80,80,80,80],"card_choices":[{"not_picked":["Armaments","True Grit"],"picked":"Evolve","floor":1},{"not_picked":["Clothesline","Warcry"],"picked":"Combust","floor":3},{"not_picked":["Heavy Blade","True Grit"],"picked":"Warcry","floor":4},{"not_picked":["Reckless Charge","Havoc"],"picked":"Armaments","floor":5},{"not_picked":["Clash","Clothesline","Flame Barrier"],"picked":"SKIP","floor":7},{"not_picked":["Fire Breathing","Perfected Strike","Iron Wave"],"picked":"SKIP","floor":11},{"not_picked":["Heavy Blade","True Grit","Barricade"],"picked":"SKIP","floor":12},{"not_picked":["Twin Strike","Sword Boomerang","Anger"],"picked":"SKIP","floor":14},{"not_picked":["Berserk","Barricade"],"picked":"Demon Form","floor":16},{"not_picked":["Carnage","Thunderclap"],"picked":"Intimidate+1","floor":18},{"not_picked":["Pommel Strike","Perfected Strike"],"picked":"Heavy Blade","floor":20},{"not_picked":["Corruption","Heavy Blade"],"picked":"Infernal Blade","floor":21}],"player_experience":1297981,"relics_obtained":[{"floor":9,"key":"Omamori"}],"event_choices":[{"damage_healed":0,"gold_gain":0,"player_choice":"Take Wound","damage_taken":0,"relics_obtained":["Golden Idol"],"max_hp_gain":0,"max_hp_loss":0,"event_name":"Golden Idol","floor":2,"gold_loss":0,"cards_obtained":["Injury"]},{"cards_removed":["Injury"],"damage_healed":0,"gold_gain":0,"player_choice":"Card Removal","damage_taken":7,"max_hp_gain":0,"max_hp_loss":0,"event_name":"Golden Wing","floor":10,"gold_loss":0}],"is_beta":false,"boss_relics":[{"not_picked":["Runic Dome","Calling Bell"],"picked":"Snecko Eye"}],"items_purged_floors":[],"is_endless":false,"potions_floor_spawned":[3,5,12],"killed_by":"Shelled Parasite and Fungi","ascension_level":8}