{"gold_per_floor":[112,127,302,315,82,82,111,111,111,144,124,124,139,149,149,245,245,263,263,170,183,197,197,228,503,529,529,541,541,254,37,37,141,141,157,107,120,136,136,136,147,147,147,157,0,12,30,30],"floor_reached":48,"playtime":2407,"items_purged":["Doubt","Strike_G","Strike_G","Strike_G"],"score":669,"play_id":"db95d779-ad70-43d6-9444-1981f37245cb","local_time":"20190202230046","is_ascension_mode":true,"campfire_choices":[{"data":"Glass Knife","floor":6,"key":"SMITH"},{"data":"Neutralize","floor":8,"key":"SMITH"},{"data":"Footwork","floor":12,"key":"SMITH"},{"data":"Bouncing Flask","floor":15,"key":"SMITH"},{"data":"Catalyst","floor":23,"key":"SMITH"},{"floor":27,"key":"REST"},{"data":"Bouncing Flask","floor":32,"key":"SMITH"},{"data":"Bandage Up","floor":40,"key":"SMITH"}],"neow_cost":"NONE","seed_source_timestamp":20209861585470,"circlet_count":0,"master_deck":["Defend_G","Defend_G","Defend_G","Defend_G","Defend_G","Strike_G","Strike_G","Survivor","Neutralize+1","Flechettes","Glass Knife+1","PiercingWail","Catalyst+1","Footwork+1","Backflip","Bouncing Flask+1","Blur","Corpse Explosion","Deadly Poison","Bandage Up+1","Outmaneuver+1","Poisoned Stab","Dodge and Roll+1","Backstab","Bouncing Flask+1","The Bomb","Night Terror","Acrobatics+1","Dodge and Roll+1","Madness","Madness","Transmutation","The Bomb","Parasite","Bouncing Flask","Well Laid Plans","Parasite"],"relics":["Ring of the Snake","Pocketwatch","Girya","The Specimen","Eternal Feather","Smiling Mask","Boot","Strange Spoon","Velvet Choker","Centennial Puzzle","Snake Skull"],"potions_floor_usage":[18,18,22,24,33,41,47,47,48,48],"damage_taken":[{"damage":0,"enemies":"Cultist","floor":1,"turns":4},{"damage":4,"enemies":"2 Louse","floor":2,"turns":4},{"damage":5,"enemies":"Small Slimes","floor":4,"turns":3},{"damage":12,"enemies":"Gremlin Nob","floor":7,"turns":4},{"damage":6,"enemies":"3 Sentries","floor":10,"turns":7},{"damage":5,"enemies":"Exordium Thugs","floor":13,"turns":3},{"damage":3,"enemies":"Blue Slaver","floor":14,"turns":3},{"damage":0,"enemies":"Slime Boss","floor":16,"turns":5},{"damage":15,"enemies":"Shell Parasite","floor":18,"turns":3},{"damage":3,"enemies":"Chosen","floor":21,"turns":5},{"damage":17,"enemies":"Snecko","floor":22,"turns":4},{"damage":40,"enemies":"Book of Stabbing","floor":24,"turns":6},{"damage":8,"enemies":"Chosen and Byrds","floor":28,"turns":5},{"damage":49,"enemies":"Collector","floor":33,"turns":6},{"damage":17,"enemies":"3 Darklings","floor":35,"turns":4},{"damage":6,"enemies":"Orb Walker","floor":37,"turns":4},{"damage":8,"enemies":"Maw","floor":38,"turns":6},{"damage":9,"enemies":"4 Shapes","floor":41,"turns":3},{"damage":14,"enemies":"Writhing Mass","floor":44,"turns":6},{"damage":8,"enemies":"3 Darklings","floor":46,"turns":3},{"damage":25,"enemies":"Maw","floor":47,"turns":5},{"damage":63,"enemies":"Writhing Mass","floor":48,"turns":4}],"seed_played":"2463632755887018935","potions_obtained":[{"floor":2,"key":"Dexterity Potion"},{"floor":11,"key":"Poison Potion"},{"floor":14,"key":"PowerPotion"},{"floor":16,"key":"AttackPotion"},{"floor":18,"key":"Poison Potion"},{"floor":24,"key":"Dexterity Potion"},{"floor":28,"key":"Explosive Potion"},{"floor":33,"key":"Regen Potion"},{"floor":37,"key":"Energy Potion"},{"floor":41,"key":"AttackPotion"},{"floor":47,"key":"Dexterity Potion"}],"is_trial":false,"path_per_floor":["M","M","?","M","$","R","E","R","T","E","?","R","M","M","R","B",null,"M","?","$","M","M","R","E","?","T","R","M","?","$","$","R","B",null,"M","$","M","M","?","R","M","?","T","M","$","M","M","M"],"character_chosen":"THE_SILENT","items_purchased":["Catalyst","Footwork","Bandage Up","Bouncing Flask","Strange Spoon","The Bomb","Snake Skull"],"campfire_rested":1,"item_purchase_floors":[5,5,20,30,30,31,45],"current_hp_per_floor":[77,73,73,68,68,68,56,56,56,50,50,50,45,42,42,42,77,62,62,62,63,46,61,25,25,25,63,59,59,59,59,74,29,77,60,60,58,54,44,62,59,54,54,46,46,44,25,0],"gold":30,"neow_bonus":"TEN_PERCENT_HP_BONUS","is_prod":false,"is_daily":false,"chose_seed":false,"campfire_upgraded":7,"win_rate":0,"timestamp":1549166446,"path_taken":["M","?","?","M","$","R","E","R","T","E","?","R","M","M","R","BOSS","M","?","$","M","M","R","E","?","T","R","?","?","?","$","R","BOSS","M","$","M","M","?","R","M","?","T","M","$","M","M","M"],"build_version":"2019-01-23","purchased_purges":4,"victory":false,"max_hp_per_floor":[77,77,77,77,77,77,77,77,77,77,77,77,77,77,77,77,77,77,77,77,77,77,77,77,77,77,77,77,77,77,77,77,77,77,77,77,77,77,77,77,77,77,77,77,77,77,77,77],"card_choices":[{"not_picked":["Bane","Poisoned Stab"],"picked":"Flechettes","floor":1},{"not_picked":["Outmaneuver","Heel Hook"],"picked":"Glass Knife","floor":2},{"not_picked":["Blade Dance","Sucker Punch"],"picked":"PiercingWail","floor":4},{"not_picked":["Reflex","Quick Slash"],"picked":"Backflip","floor":7},{"not_picked":["Concentrate","All Out Attack"],"picked":"Bouncing Flask","floor":10},{"not_picked":["Underhanded Strike","Choke"],"picked":"Blur","floor":13},{"not_picked":["Blade Dance","Cloak And Dagger","Backflip"],"picked":"SKIP","floor":14},{"not_picked":["Night Terror","Wraith Form v2"],"picked":"Corpse Explosion","floor":16},{"not_picked":["Underhanded Strike+1","Concentrate"],"picked":"Deadly Poison","floor":18},{"not_picked":["Distraction","Masterful Stab"],"picked":"Outmaneuver+1","floor":21},{"not_picked":["Endless Agony+1","Cloak And Dagger"],"picked":"Poisoned Stab","floor":22},{"not_picked":["Malaise","Dagger Spray"],"picked":"Dodge and Roll+1","floor":24},{"not_picked":["Infinite Blades","Distraction"],"picked":"Backstab","floor":28},{"not_picked":["A Thousand Cuts","Grand Finale"],"picked":"Night Terror","floor":33},{"not_picked":["Blade Dance","Dagger Spray+1"],"picked":"Acrobatics+1","floor":35},{"not_picked":["Dagger Spray+1","Cloak And Dagger+1","Choke+1"],"picked":"SKIP","floor":37},{"not_picked":["Backstab","Blade Dance"],"picked":"Dodge and Roll+1","floor":38},{"not_picked":["Slice+1","Choke+1","Underhanded Strike+1"],"picked":"SKIP","floor":41},{"not_picked":["Master of Strategy","Flash of Steel"],"picked":"Transmutation","floor":42},{"not_picked":["Flash of Steel","Good Instincts"],"picked":"The Bomb","floor":42},{"not_picked":["Dodge and Roll+1","Deflect+1"],"picked":"Bouncing Flask","floor":44},{"not_picked":["Underhanded Strike+1","Bouncing Flask"],"picked":"Well Laid Plans","floor":46},{"not_picked":["Outmaneuver","Distraction","Heel Hook"],"picked":"SKIP","floor":47}],"player_experience":2080941,"relics_obtained":[{"floor":7,"key":"Pocketwatch"},{"floor":9,"key":"Girya"},{"floor":10,"key":"The Specimen"},{"floor":24,"key":"Smiling Mask"},{"floor":26,"key":"Boot"},{"floor":43,"key":"Centennial Puzzle"}],"event_choices":[{"damage_healed":0,"gold_gain":175,"player_choice":"AGREE","damage_taken":0,"max_hp_gain":0,"max_hp_loss":0,"event_name":"Liars Game","floor":3,"gold_loss":0,"cards_obtained":["Doubt"]},{"damage_healed":0,"gold_gain":0,"player_choice":"Bought 1 Potion","damage_taken":0,"max_hp_gain":0,"max_hp_loss":0,"event_name":"The Woman in Blue","floor":11,"gold_loss":0},{"damage_healed":0,"gold_gain":0,"player_choice":"Ignored","damage_taken":0,"max_hp_gain":0,"max_hp_loss":0,"event_name":"Beggar","floor":19,"gold_loss":0},{"damage_healed":0,"gold_gain":275,"player_choice":"Desecrate","damage_taken":0,"max_hp_gain":0,"max_hp_loss":0,"event_name":"Golden Shrine","floor":25,"gold_loss":0,"cards_obtained":["Regret"]},{"cards_removed":["Regret"],"damage_healed":0,"gold_gain":0,"player_choice":"Purged","damage_taken":0,"max_hp_gain":0,"max_hp_loss":0,"event_name":"Purifier","floor":29,"gold_loss":0},{"damage_healed":0,"gold_gain":0,"player_choice":"Embrace Madness","damage_taken":10,"max_hp_gain":0,"max_hp_loss":0,"event_name":"Winding Halls","floor":39,"gold_loss":0,"cards_obtained":["Madness","Madness"]},{"damage_healed":0,"gold_gain":0,"player_choice":"Memory 2","damage_taken":5,"max_hp_gain":0,"max_hp_loss":0,"event_name":"SensoryStone","floor":42,"gold_loss":0}],"is_beta":false,"boss_relics":[{"not_picked":["Pandora\u0027s Box","Ring of the Serpent"],"picked":"Eternal Feather"},{"not_picked":["Coffee Dripper","Fusion Hammer"],"picked":"Velvet Choker"}],"items_purged_floors":[5,30,31,36],"is_endless":false,"potions_floor_spawned":[2,14,16,18,24,28,33,37,41,44,46,47],"killed_by":"Writhing Mass","ascension_level":4}