{"gold_per_floor":[118,118,118,137,137,137,157,191,239,255,255,268,284,19,19,150,150,163,163,184,184,200,200,200,215,215,229,229,248,109,122,122,243,243,267,237,35,54,69,69,89,107,155,12,12,33,33,56,56,56],"floor_reached":51,"playtime":5088,"items_purged":["Injury","Writhe"],"score":869,"play_id":"04528b29-d56c-4955-8802-6a0b41710c06","local_time":"20190120233427","is_ascension_mode":true,"campfire_choices":[{"data":"Zap","floor":6,"key":"SMITH"},{"data":"Fusion","floor":11,"key":"SMITH"},{"data":"Redo","floor":15,"key":"SMITH"},{"data":"Dualcast","floor":23,"key":"SMITH"},{"floor":28,"key":"REST"},{"floor":32,"key":"REST"},{"data":"Creative AI","floor":40,"key":"SMITH"},{"floor":49,"key":"REST"}],"neow_cost":"NONE","seed_source_timestamp":279452902974029,"circlet_count":0,"master_deck":["Strike_B+1","Strike_B+1","Strike_B+1","Defend_B+1","Defend_B+1","Defend_B+1","Defend_B+1","Zap+1","Dualcast+1","Redo+1","Tempest","Ball Lightning","Buffer","Seek","Fusion+1","FTL","Genetic Algorithm","Core Surge","Rebound+1","Defragment","Coolheaded","Creative AI+1","Hologram+1","Lockon+1","Defragment","Conserve Battery","Multi-Cast","Skim+1","FTL","Cold Snap","Undo","Parasite","Coolheaded+1","Writhe","Buffer","Capacitor","White Noise+1"],"relics":["Cracked Core","NeowsBlessing","Golden Idol","Anchor","Ancient Tea Set","ClockworkSouvenir","Eternal Feather","Pear","Nilry\u0027s Codex","Happy Flower","Inserter","Lee\u0027s Waffle","Bag of Marbles","Oddly Smooth Stone"],"potions_floor_usage":[8,16,16,16,18,25,29,33,33,38,39,39,41,48,48],"damage_taken":[{"damage":0,"enemies":"Small Slimes","floor":1,"turns":1},{"damage":0,"enemies":"2 Louse","floor":4,"turns":1},{"damage":0,"enemies":"Cultist","floor":7,"turns":1},{"damage":2,"enemies":"Gremlin Nob","floor":8,"turns":3},{"damage":0,"enemies":"Looter","floor":10,"turns":3},{"damage":0,"enemies":"Lots of Slimes","floor":12,"turns":2},{"damage":0,"enemies":"2 Fungi Beasts","floor":13,"turns":2},{"damage":3,"enemies":"Slime Boss","floor":16,"turns":9},{"damage":5,"enemies":"Shell Parasite","floor":18,"turns":5},{"damage":5,"enemies":"3 Byrds","floor":20,"turns":5},{"damage":20,"enemies":"Cultist and Chosen","floor":22,"turns":5},{"damage":2,"enemies":"Snecko","floor":25,"turns":5},{"damage":26,"enemies":"Centurion and Healer","floor":27,"turns":5},{"damage":0,"enemies":"Chosen and Byrds","floor":29,"turns":5},{"damage":32,"enemies":"Sentry and Sphere","floor":31,"turns":4},{"damage":0,"enemies":"Automaton","floor":33,"turns":10},{"damage":46,"enemies":"Orb Walker","floor":35,"turns":5},{"damage":12,"enemies":"3 Shapes","floor":38,"turns":5},{"damage":6,"enemies":"Spire Growth","floor":39,"turns":5},{"damage":11,"enemies":"4 Shapes","floor":41,"turns":5},{"damage":36,"enemies":"Writhing Mass","floor":42,"turns":8},{"damage":25,"enemies":"Spire Growth","floor":46,"turns":8},{"damage":14,"enemies":"4 Shapes","floor":48,"turns":4},{"damage":75,"enemies":"Time Eater","floor":50,"turns":16}],"seed_played":"7626243922438919855","potions_obtained":[{"floor":5,"key":"SteroidPotion"},{"floor":5,"key":"SpeedPotion"},{"floor":5,"key":"Energy Potion"},{"floor":7,"key":"Block Potion"},{"floor":12,"key":"Strength Potion"},{"floor":16,"key":"Fruit Juice"},{"floor":22,"key":"Energy Potion"},{"floor":25,"key":"Dexterity Potion"},{"floor":27,"key":"Fire Potion"},{"floor":31,"key":"Energy Potion"},{"floor":35,"key":"PowerPotion"},{"floor":36,"key":"SkillPotion"},{"floor":36,"key":"Strength Potion"},{"floor":39,"key":"Explosive Potion"},{"floor":42,"key":"Explosive Potion"},{"floor":46,"key":"AttackPotion"}],"is_trial":false,"path_per_floor":["M","?","?","M","?","R","M","E","T","M","R","M","M","$","R","B",null,"M","?","M","?","M","R","?","M","T","M","R","M","$","M","R","B",null,"M","?","$","M","M","R","M","M","T","$","?","M","?","M","R","B",null],"character_chosen":"DEFECT","items_purchased":["ClockworkSouvenir","Defragment","Lee\u0027s Waffle","Oddly Smooth Stone"],"campfire_rested":3,"item_purchase_floors":[14,30,37,44],"current_hp_per_floor":[75,75,75,75,75,75,75,73,73,73,73,73,73,73,73,70,74,74,74,69,79,59,71,55,53,53,27,66,66,66,34,76,76,87,41,41,97,85,79,97,86,50,50,50,74,49,49,35,85,10],"gold":56,"neow_bonus":"THREE_ENEMY_KILL","is_prod":false,"is_daily":false,"chose_seed":false,"campfire_upgraded":5,"win_rate":0,"timestamp":1548045267,"path_taken":["M","?","?","?","?","R","?","E","T","M","R","M","M","$","R","BOSS","M","?","M","?","M","R","?","M","T","M","R","M","$","M","R","BOSS","M","?","$","M","M","R","M","M","T","?","?","M","?","?","R","BOSS"],"build_version":"2019-01-17v2","purchased_purges":2,"victory":true,"max_hp_per_floor":[75,75,75,75,75,75,75,75,75,75,75,75,75,75,75,75,75,80,80,80,90,90,90,90,90,90,90,90,90,90,90,90,90,90,90,90,97,97,97,97,97,97,97,97,97,97,97,97,97,97],"card_choices":[{"not_picked":["Steam","Rebound"],"picked":"Redo","floor":1},{"not_picked":["Streamline","Steam"],"picked":"Ball Lightning","floor":4},{"not_picked":["Cold Snap","Hologram"],"picked":"Buffer","floor":7},{"not_picked":["Reprogram","Darkness"],"picked":"Seek","floor":8},{"not_picked":["Tempest","Streamline"],"picked":"Fusion","floor":10},{"not_picked":["Barrage","Gash"],"picked":"FTL","floor":12},{"not_picked":["Sweeping Beam","Skim"],"picked":"Genetic Algorithm","floor":13},{"not_picked":["Reboot","Seek"],"picked":"Core Surge","floor":16},{"not_picked":["Sweeping Beam","Streamline"],"picked":"Rebound+1","floor":18},{"not_picked":["Barrage","Ball Lightning"],"picked":"Defragment","floor":20},{"not_picked":["Reprogram","Fusion"],"picked":"Coolheaded","floor":22},{"not_picked":["Beam Cell","Stack"],"picked":"Creative AI","floor":25},{"not_picked":["Barrage","Tempest"],"picked":"Hologram+1","floor":27},{"not_picked":["Heatsinks","Compile Driver"],"picked":"Lockon+1","floor":29},{"not_picked":["Rebound","Auto Shields+1"],"picked":"Conserve Battery","floor":31},{"not_picked":["Buffer","Creative AI"],"picked":"Multi-Cast","floor":33},{"not_picked":["Streamline+1","Auto Shields"],"picked":"Skim+1","floor":35},{"not_picked":["Turbo","Rebound+1"],"picked":"FTL","floor":38},{"not_picked":["Blizzard","Steam Power+1"],"picked":"Cold Snap","floor":39},{"not_picked":["Reprogram","Compile Driver+1"],"picked":"Undo","floor":41},{"not_picked":["Hologram","BootSequence"],"picked":"Coolheaded+1","floor":42},{"not_picked":["Leap+1","Streamline+1"],"picked":"Buffer","floor":46},{"not_picked":["Sweeping Beam","Melter"],"picked":"White Noise+1","floor":48}],"player_experience":401892,"relics_obtained":[{"floor":8,"key":"Anchor"},{"floor":9,"key":"Ancient Tea Set"},{"floor":24,"key":"Nilry\u0027s Codex"},{"floor":26,"key":"Happy Flower"},{"floor":43,"key":"Bag of Marbles"}],"event_choices":[{"damage_healed":0,"gold_gain":0,"player_choice":"Take Wound","damage_taken":0,"relics_obtained":["Golden Idol"],"max_hp_gain":0,"max_hp_loss":0,"event_name":"Golden Idol","floor":2,"gold_loss":0,"cards_obtained":["Injury"]},{"damage_healed":0,"gold_gain":0,"cards_transformed":["Strike_B"],"player_choice":"Transformed","damage_taken":0,"max_hp_gain":0,"max_hp_loss":0,"event_name":"Transmorgrifier","floor":3,"gold_loss":0,"cards_obtained":["Tempest"]},{"damage_healed":0,"gold_gain":0,"player_choice":"Got Potions","damage_taken":0,"max_hp_gain":0,"max_hp_loss":0,"event_name":"Lab","floor":5,"gold_loss":0},{"damage_healed":0,"gold_gain":0,"player_choice":"Simplicity","damage_taken":0,"max_hp_gain":0,"max_hp_loss":0,"event_name":"Back to Basics","floor":19,"gold_loss":0,"cards_upgraded":["Strike_B","Strike_B","Strike_B","Defend_B","Defend_B","Defend_B","Defend_B"]},{"damage_healed":0,"gold_gain":0,"player_choice":"Opened","damage_taken":0,"relics_obtained":["Pear"],"max_hp_gain":0,"max_hp_loss":0,"event_name":"The Mausoleum","floor":21,"gold_loss":0,"cards_obtained":["Writhe"]},{"damage_healed":0,"gold_gain":0,"player_choice":"Obtained Book","damage_taken":16,"max_hp_gain":0,"max_hp_loss":0,"event_name":"Cursed Tome","floor":24,"gold_loss":0},{"damage_healed":0,"gold_gain":0,"player_choice":"Bought 2 Potions","damage_taken":0,"max_hp_gain":0,"max_hp_loss":0,"event_name":"The Woman in Blue","floor":36,"gold_loss":0},{"damage_healed":24,"gold_gain":0,"player_choice":"Writhe","damage_taken":0,"max_hp_gain":0,"max_hp_loss":0,"event_name":"Winding Halls","floor":45,"gold_loss":0,"cards_obtained":["Writhe"]},{"damage_healed":0,"gold_gain":0,"player_choice":"1 cards matched","damage_taken":0,"max_hp_gain":0,"max_hp_loss":0,"event_name":"Match and Keep!","floor":47,"gold_loss":0,"cards_obtained":["Capacitor"]}],"is_beta":false,"boss_relics":[{"not_picked":["Runic Pyramid","Ectoplasm"],"picked":"Eternal Feather"},{"not_picked":["Runic Dome","Fusion Hammer"],"picked":"Inserter"}],"items_purged_floors":[14,30],"is_endless":false,"potions_floor_spawned":[7,12,16,22,25,27,31,35,39,42,46],"ascension_level":5}