{"gold_per_floor":[112,127,127,145,155,155,184,184,184,184,211,227,148,148,148,221,221,236,248,266,276,118,118,118],"floor_reached":24,"playtime":1311,"items_purged":[],"score":395,"play_id":"b5e6191f-2e72-46ab-b2f8-5f3cfc90435a","local_time":"20190520221932","is_ascension_mode":true,"campfire_choices":[{"data":"Machine Learning","floor":6.0,"key":"SMITH"},{"floor":8.0,"key":"REST"},{"data":"White Noise","floor":10.0,"key":"SMITH"},{"data":"Defragment","floor":15.0,"key":"SMITH"},{"floor":23.0,"key":"REST"}],"neow_cost":"CURSE","seed_source_timestamp":49556081871570,"circlet_count":0,"master_deck":["AscendersBane","Strike_B","Strike_B","Strike_B","Defend_B","Defend_B","Defend_B","Zap","Dualcast","Machine Learning+1","Electrodynamics","Sweeping Beam","Melter","BootSequence","Ball Lightning","White Noise+1","Ball Lightning+1","Ball Lightning+1","Defragment+1","Cold Snap+1","Core Surge+1","Fission","Chaos+1","Leap","Consume","Genetic Algorithm"],"special_seed":0,"relics":["Cracked Core","Pantograph","Molten Egg 2","Incense Burner","Inserter","PreservedInsect"],"potions_floor_usage":[24],"damage_taken":[{"damage":1.0,"enemies":"Small Slimes","floor":1.0,"turns":2.0},{"damage":2.0,"enemies":"Cultist","floor":2.0,"turns":3.0},{"damage":9.0,"enemies":"Jaw Worm","floor":4.0,"turns":3.0},{"damage":0.0,"enemies":"Blue Slaver","floor":5.0,"turns":3.0},{"damage":31.0,"enemies":"Gremlin Nob","floor":7.0,"turns":4.0},{"damage":15.0,"enemies":"Lagavulin","floor":11.0,"turns":6.0},{"damage":4.0,"enemies":"Red Slaver","floor":12.0,"turns":2.0},{"damage":24.0,"enemies":"The Guardian","floor":16.0,"turns":8.0},{"damage":0.0,"enemies":"Chosen","floor":18.0,"turns":3.0},{"damage":30.0,"enemies":"2 Thieves","floor":19.0,"turns":3.0},{"damage":20.0,"enemies":"Shelled Parasite and Fungi","floor":20.0,"turns":5.0},{"damage":12.0,"enemies":"Snecko","floor":21.0,"turns":4.0},{"damage":34,"enemies":"Book of Stabbing","floor":24,"turns":3}],"seed_played":"-4434583676807637480","potions_obtained":[{"floor":4.0,"key":"SpeedPotion"},{"floor":5.0,"key":"Strength Potion"},{"floor":12.0,"key":"Regen Potion"},{"floor":21.0,"key":"SkillPotion"}],"is_trial":false,"path_per_floor":["M","M","?","M","M","R","E","R","T","R","E","M","$","?","R","B",null,"M","M","M","M","$","R","E"],"character_chosen":"DEFECT","items_purchased":["Defragment","PreservedInsect"],"campfire_rested":2,"item_purchase_floors":[13,22],"current_hp_per_floor":[63,61,61,52,52,52,21,42,42,42,27,23,23,23,23,24,59,59,29,23,11,11,32,0],"gold":118,"neow_bonus":"TRANSFORM_TWO_CARDS","is_prod":false,"is_daily":false,"chose_seed":false,"campfire_upgraded":3,"win_rate":0,"timestamp":1558415972,"path_taken":["M","M","?","M","?","R","E","R","T","R","E","M","$","?","R","BOSS","M","M","M","M","$","R","E"],"build_version":"2019-01-23","purchased_purges":0,"victory":false,"max_hp_per_floor":[71,71,71,71,71,71,71,71,71,71,71,71,71,71,71,71,71,71,71,71,71,71,71,71],"card_choices":[{"not_picked":["Go for the Eyes","Double Energy"],"picked":"Sweeping Beam","floor":1.0},{"not_picked":["Hologram","Biased Cognition"],"picked":"Melter","floor":2.0},{"not_picked":["Go for the Eyes","Steam Power"],"picked":"BootSequence","floor":4.0},{"not_picked":["Tempest","Auto Shields"],"picked":"Ball Lightning","floor":5.0},{"not_picked":["Rip and Tear","Streamline"],"picked":"White Noise","floor":7.0},{"not_picked":["Turbo","Streamline+1"],"picked":"Ball Lightning+1","floor":11.0},{"not_picked":["Heatsinks","Streamline+1"],"picked":"Ball Lightning+1","floor":12.0},{"not_picked":["Seek","All For One+1"],"picked":"Fission","floor":16.0},{"not_picked":["Sweeping Beam+1","Self Repair"],"picked":"Chaos+1","floor":18.0},{"not_picked":["Redo+1","Streamline+1"],"picked":"Leap","floor":19.0},{"not_picked":["Barrage+1","Sunder+1"],"picked":"Consume","floor":20.0},{"not_picked":["Self Repair","Turbo+1"],"picked":"Genetic Algorithm","floor":21.0}],"player_experience":732369,"relics_obtained":[{"floor":7.0,"key":"Pantograph"},{"floor":9.0,"key":"Molten Egg 2"},{"floor":11.0,"key":"Incense Burner"}],"event_choices":[{"cards_removed":["Pain"],"damage_healed":0.0,"max_hp_gain":0.0,"max_hp_loss":0.0,"gold_gain":0.0,"event_name":"Purifier","player_choice":"Purged","floor":3.0,"gold_loss":0.0,"damage_taken":0.0},{"damage_healed":0.0,"max_hp_gain":0.0,"max_hp_loss":0.0,"gold_gain":0.0,"event_name":"Match and Keep!","player_choice":"2 cards matched","floor":14.0,"gold_loss":0.0,"damage_taken":0.0,"cards_obtained":["Cold Snap","Core Surge"]}],"is_beta":false,"boss_relics":[{"not_picked":["Coffee Dripper","Orrery"],"picked":"Inserter"}],"items_purged_floors":[],"is_endless":false,"potions_floor_spawned":[4,5,12,21],"killed_by":"Book of Stabbing","ascension_level":18}