{"path_per_floor":["M","?","?","$","M","R","?","E","T","R","M","M","E","$","R","B",null,"M","?","?","$","M","R","M","E","T"],"character_chosen":"THE_SILENT","items_purchased":["Backflip","Noxious Fumes","Poisoned Stab"],"gold_per_floor":[113,113,63,40,51,51,51,90,113,113,131,147,187,28,28,152,152,172,172,172,72,87,87,101,142,192,192],"floor_reached":27,"campfire_rested":0,"playtime":2323,"item_purchase_floors":[4,14,14],"current_hp_per_floor":[62,62,62,62,62,62,62,47,47,47,49,51,37,37,37,23,65,40,40,40,40,30,30,14,2,2,0],"items_purged":["Defend_G","Strike_G"],"gold":192,"score":263,"play_id":"9d51475b-4426-4485-b56c-645cc9d84f79","local_time":"20180602160730","is_prod":false,"is_daily":false,"chose_seed":false,"is_ascension_mode":true,"campfire_upgraded":4,"win_rate":0,"timestamp":1527948450,"campfire_choices":[{"data":"Phantasmal Killer","floor":6,"key":"SMITH"},{"data":"Noxious Fumes","floor":10,"key":"SMITH"},{"data":"Neutralize","floor":15,"key":"SMITH"},{"data":"Backflip","floor":23,"key":"SMITH"}],"path_taken":["M","?","?","$","M","R","?","E","T","R","M","M","E","?","R","BOSS","M","?","?","$","?","R","M","E","T","E"],"build_version":"2018-05-31","seed_source_timestamp":1446439544955475,"purchased_purges":2,"victory":false,"master_deck":["Defend_G","Defend_G","Defend_G","Defend_G","Strike_G","Strike_G","Strike_G","Survivor","Neutralize+1","Phantasmal Killer+1","Dagger Spray","Backflip+1","Noxious Fumes+1","Acrobatics","Poisoned Stab","Noxious Fumes","Poisoned Stab","After Image","Crippling Poison","Backstab+1"],"max_hp_per_floor":[70,70,70,70,70,70,65,65,65,65,65,65,65,65,65,65,65,65,65,65,65,65,65,65,65,65,65],"relics":["Ring of the Snake","The Specimen","Golden Idol","Anchor","Blood Vial","Black Star","Nloth\u0027s Gift","Orichalcum","Bag of Preparation","Dream Catcher"],"card_choices":[{"not_picked":["Underhanded Strike","Bane"],"picked":"Dagger Spray","floor":1},{"not_picked":["Sucker Punch","PiercingWail","Dagger Spray"],"picked":"SKIP","floor":5},{"not_picked":["Outmaneuver","Acrobatics"],"picked":"Noxious Fumes","floor":8},{"not_picked":["Outmaneuver","Unload"],"picked":"Acrobatics","floor":11},{"not_picked":["Deflect","Escape Plan"],"picked":"Poisoned Stab","floor":12},{"not_picked":["Predator","Storm of Steel","Choke"],"picked":"SKIP","floor":13},{"not_picked":["Grand Finale","Night Terror"],"picked":"After Image","floor":16},{"not_picked":["Prepared","Masterful Stab+1"],"picked":"Crippling Poison","floor":18},{"not_picked":["Dagger Throw","Dodge and Roll","Quick Slash"],"picked":"SKIP","floor":22},{"not_picked":["Bane+1","Slice","Cloak And Dagger+1"],"picked":"SKIP","floor":24},{"not_picked":["Tactician","Prepared"],"picked":"Backstab+1","floor":25}],"player_experience":178656,"potions_floor_usage":[13,25],"damage_taken":[{"damage":8,"enemies":"Cultist","floor":1,"turns":6},{"damage":0,"enemies":"Jaw Worm","floor":5,"turns":4},{"damage":15,"enemies":"3 Sentries","floor":8,"turns":10},{"damage":0,"enemies":"2 Louse","floor":11,"turns":4},{"damage":0,"enemies":"Exordium Wildlife","floor":12,"turns":3},{"damage":16,"enemies":"Gremlin Nob","floor":13,"turns":5},{"damage":16,"enemies":"The Guardian","floor":16,"turns":9},{"damage":25,"enemies":"2 Thieves","floor":18,"turns":4},{"damage":12,"enemies":"Shell Parasite","floor":22,"turns":6},{"damage":18,"enemies":"Centurion and Healer","floor":24,"turns":6},{"damage":14,"enemies":"Gremlin Leader","floor":25,"turns":7},{"damage":8,"enemies":"Slavers","floor":27,"turns":2}],"relics_obtained":[{"floor":8,"key":"Anchor"},{"floor":9,"key":"Blood Vial"},{"floor":13,"key":"Bag of Marbles"},{"floor":25,"key":"Orichalcum"},{"floor":25,"key":"Bag of Preparation"},{"floor":26,"key":"Dream Catcher"}],"event_choices":[{"event_name":"Big Fish","player_choice":"Box","floor":2,"damage_taken":0},{"event_name":"The Cleric","player_choice":"Card Removal","floor":3,"damage_taken":0},{"event_name":"Golden Idol","player_choice":"Lose Max HP","floor":7,"damage_taken":0},{"event_name":"N\u0027loth","player_choice":"Traded a Bag of Marbles","floor":19,"damage_taken":0},{"event_name":"Wheel of Change","player_choice":"Card Removal","floor":20,"damage_taken":0}],"boss_relics":[{"not_picked":["White Beast Statue","Runic Pyramid"],"picked":"Black Star"}],"items_purged_floors":[14,21],"potions_floor_spawned":[8,13,18],"seed_played":"-3629269822318602928","killed_by":"Slavers","ascension_level":2,"potions_obtained":[{"floor":8,"key":"GhostInAJar"},{"floor":13,"key":"Weak Potion"},{"floor":18,"key":"FearPotion"}],"is_trial":false}