{"gold_per_floor":[119,119,133,83,83,109,40,40,40,68,68,68,84,102,102,199,199,217,217,217,228,243,243,259,275,328,328,340,367,367,386,386,486,486,503,603,620,530,543,543,578,594,594,162,172,172,187,198,198,198],"floor_reached":51,"playtime":7728,"items_purged":[],"score":819,"play_id":"7f77f7c0-ae21-4643-a91b-4b6991594085","local_time":"20190213030032","is_ascension_mode":true,"campfire_choices":[{"floor":8,"key":"REST"},{"floor":15,"key":"REST"},{"data":"Adrenaline","floor":23,"key":"SMITH"},{"floor":27,"key":"REST"},{"data":"Blade Dance","floor":30,"key":"SMITH"},{"floor":32,"key":"REST"},{"floor":40,"key":"REST"},{"floor":46,"key":"REST"},{"floor":49,"key":"REST"}],"neow_cost":"CURSE","seed_source_timestamp":523328962879400,"circlet_count":0,"master_deck":["Survivor","Neutralize","Accuracy","Dagger Spray","After Image","Caltrops","Blade Dance+1","PiercingWail+1","Bullet Time","Choke","Prepared","After Image","Malaise","Flying Knee","Adrenaline+1","Distraction","Well Laid Plans","Deadly Poison","Dash","Backstab","Reflex","Bouncing Flask+1","Heel Hook","Expertise+1","Bouncing Flask","Deadly Poison+1","Caltrops","Cloak And Dagger+1","Footwork","Envenom","Blur","Underhanded Strike","Noxious Fumes","Parasite","Caltrops","Dash+1","Cloak And Dagger+1","Metamorphosis","PiercingWail+1","Footwork","Poisoned Stab"],"relics":["Ring of the Snake","Bird Faced Urn","Strawberry","Mercury Hourglass","Darkstone Periapt","Paper Crane","Pandora\u0027s Box","Blue Candle","Tiny Chest","War Paint","White Beast Statue","Girya","Bottled Flame","Meat on the Bone","Mummified Hand"],"potions_floor_usage":[6,18,24,28,33,35,36,39,39,41,41,50,50,50],"damage_taken":[{"damage":2,"enemies":"2 Louse","floor":1,"turns":3},{"damage":1,"enemies":"Small Slimes","floor":3,"turns":4},{"damage":46,"enemies":"Lagavulin","floor":6,"turns":10},{"damage":27,"enemies":"3 Sentries","floor":10,"turns":6},{"damage":1,"enemies":"Cultist","floor":13,"turns":3},{"damage":10,"enemies":"Looter","floor":14,"turns":3},{"damage":26,"enemies":"Hexaghost","floor":16,"turns":11},{"damage":19,"enemies":"2 Thieves","floor":18,"turns":4},{"damage":14,"enemies":"3 Byrds","floor":21,"turns":4},{"damage":10,"enemies":"Centurion and Healer","floor":22,"turns":7},{"damage":26,"enemies":"Shelled Parasite and Fungi","floor":24,"turns":4},{"damage":20,"enemies":"3 Cultists","floor":25,"turns":5},{"damage":21,"enemies":"Centurion and Healer","floor":28,"turns":6},{"damage":6,"enemies":"Chosen and Byrds","floor":31,"turns":4},{"damage":81,"enemies":"Automaton","floor":33,"turns":10},{"damage":24,"enemies":"Orb Walker","floor":35,"turns":5},{"damage":24,"enemies":"Mind Bloom Boss Battle","floor":36,"turns":8},{"damage":13,"enemies":"3 Shapes","floor":37,"turns":7},{"damage":48,"enemies":"Writhing Mass","floor":39,"turns":5},{"damage":58,"enemies":"Nemesis","floor":41,"turns":9},{"damage":14,"enemies":"3 Darklings","floor":42,"turns":6},{"damage":36,"enemies":"Spire Growth","floor":45,"turns":5},{"damage":44,"enemies":"Transient","floor":47,"turns":5},{"damage":25,"enemies":"Jaw Worm Horde","floor":48,"turns":4},{"damage":72,"enemies":"Donu and Deca","floor":50,"turns":10}],"seed_played":"1881416389219787074","potions_obtained":[{"floor":3,"key":"Poison Potion"},{"floor":6,"key":"GamblersBrew"},{"floor":13,"key":"Explosive Potion"},{"floor":14,"key":"Energy Potion"},{"floor":18,"key":"FearPotion"},{"floor":25,"key":"GamblersBrew"},{"floor":28,"key":"GamblersBrew"},{"floor":35,"key":"Dexterity Potion"},{"floor":36,"key":"Energy Potion"},{"floor":37,"key":"PowerPotion"},{"floor":39,"key":"Regen Potion"},{"floor":41,"key":"Dexterity Potion"},{"floor":42,"key":"GamblersBrew"},{"floor":45,"key":"SpeedPotion"},{"floor":47,"key":"SkillPotion"}],"is_trial":false,"path_per_floor":["M","?","M","?","?","E","$","R","T","E","?","$","M","M","R","B",null,"M","?","?","M","M","R","M","M","T","R","M","T","R","M","R","B",null,"M","?","M","?","M","R","E","M","T","$","M","R","M","M","R","B",null],"character_chosen":"THE_SILENT","items_purchased":["Caltrops","Mummified Hand","Metamorphosis"],"campfire_rested":7,"item_purchase_floors":[7,44,44],"current_hp_per_floor":[68,75,76,76,61,17,17,40,40,17,17,17,18,14,37,17,77,64,70,70,66,66,66,50,38,38,62,53,53,53,55,79,8,83,73,65,66,66,44,70,47,51,51,51,39,65,45,48,74,36],"gold":198,"neow_bonus":"ONE_RARE_RELIC","is_prod":false,"is_daily":false,"chose_seed":false,"campfire_upgraded":2,"win_rate":0,"timestamp":1550044832,"path_taken":["M","?","M","?","?","E","$","R","T","E","?","$","?","M","R","BOSS","M","?","?","M","?","R","M","M","T","R","M","?","R","M","R","BOSS","M","?","M","?","M","R","E","M","T","$","M","R","M","M","R","BOSS"],"build_version":"2019-01-23","purchased_purges":0,"victory":true,"max_hp_per_floor":[70,77,77,77,77,77,77,77,77,77,77,77,77,77,77,77,77,77,83,83,83,83,83,83,83,83,83,83,83,83,83,83,83,83,83,83,83,83,89,89,89,89,89,89,89,89,89,89,89,89],"card_choices":[{"not_picked":["Cloak And Dagger","Concentrate"],"picked":"Accuracy","floor":1},{"not_picked":["Backflip","Noxious Fumes"],"picked":"Dagger Spray","floor":3},{"not_picked":["Underhanded Strike","Blur"],"picked":"After Image","floor":6},{"not_picked":["Dodge and Roll","Cloak And Dagger"],"picked":"Blade Dance","floor":10},{"not_picked":["Riddle With Holes","Cloak And Dagger"],"picked":"Choke","floor":13},{"not_picked":["Slice","Dagger Throw"],"picked":"Prepared","floor":14},{"not_picked":["Adrenaline","Venomology"],"picked":"After Image","floor":16},{"not_picked":["Deflect","Prepared"],"picked":"Heel Hook","floor":18},{"not_picked":["Choke+1","Leg Sweep+1"],"picked":"Expertise+1","floor":21},{"not_picked":["All Out Attack+1","Crippling Poison"],"picked":"Bouncing Flask","floor":22},{"not_picked":["PiercingWail","Dagger Spray"],"picked":"Deadly Poison+1","floor":24},{"not_picked":["Skewer","Flying Knee"],"picked":"Caltrops","floor":25},{"not_picked":["Deflect","Dagger Spray"],"picked":"Cloak And Dagger","floor":28},{"not_picked":["Setup","Prepared"],"picked":"Footwork","floor":31},{"not_picked":["After Image","Phantasmal Killer"],"picked":"Envenom","floor":33},{"not_picked":["Dodge and Roll+1","Deflect"],"picked":"Blur","floor":35},{"not_picked":["Dagger Spray","Choke+1"],"picked":"Underhanded Strike","floor":36},{"not_picked":["Riddle With Holes+1","Heel Hook"],"picked":"Noxious Fumes","floor":37},{"not_picked":["Dagger Spray+1","Slice+1"],"picked":"Caltrops","floor":39},{"not_picked":["Glass Knife","Crippling Poison"],"picked":"Dash+1","floor":41},{"not_picked":["Bouncing Flask+1","Flying Knee"],"picked":"Cloak And Dagger+1","floor":42},{"not_picked":["Blur","Heel Hook+1"],"picked":"PiercingWail+1","floor":45},{"not_picked":["Expertise+1","Dagger Throw+1"],"picked":"Footwork","floor":47},{"not_picked":["Dagger Throw","Flying Knee"],"picked":"Poisoned Stab","floor":48}],"player_experience":2125601,"relics_obtained":[{"floor":6,"key":"Mercury Hourglass"},{"floor":9,"key":"Darkstone Periapt"},{"floor":10,"key":"Paper Crane"},{"floor":26,"key":"Tiny Chest"},{"floor":29,"key":"War Paint"},{"floor":36,"key":"Girya"},{"floor":41,"key":"Bottled Flame"},{"floor":43,"key":"Meat on the Bone"}],"event_choices":[{"damage_healed":0,"gold_gain":0,"player_choice":"Box","damage_taken":0,"relics_obtained":["Strawberry"],"max_hp_gain":0,"max_hp_loss":0,"event_name":"Big Fish","floor":2,"gold_loss":0,"cards_obtained":["Regret"]},{"cards_removed":["Regret"],"damage_healed":0,"gold_gain":0,"player_choice":"Card Removal","damage_taken":0,"max_hp_gain":0,"max_hp_loss":0,"event_name":"The Cleric","floor":4,"gold_loss":50},{"damage_healed":0,"gold_gain":0,"player_choice":"Entered Light","damage_taken":15,"max_hp_gain":0,"max_hp_loss":0,"event_name":"Shining Light","floor":5,"gold_loss":0,"cards_upgraded":["Strike_G","Strike_G"]},{"damage_healed":0,"gold_gain":0,"player_choice":"2 cards matched","damage_taken":0,"max_hp_gain":0,"max_hp_loss":0,"event_name":"Match and Keep!","floor":11,"gold_loss":0,"cards_obtained":["PiercingWail","Bullet Time"]},{"damage_healed":0,"gold_gain":0,"player_choice":"Stole Relic","damage_taken":0,"relics_obtained":["Blue Candle"],"max_hp_gain":0,"max_hp_loss":0,"event_name":"Addict","floor":19,"gold_loss":0,"cards_obtained":["Shame"]},{"cards_removed":["Shame"],"damage_healed":0,"gold_gain":0,"player_choice":"Elegance","damage_taken":0,"max_hp_gain":0,"max_hp_loss":0,"event_name":"Back to Basics","floor":20,"gold_loss":0},{"damage_healed":0,"gold_gain":0,"player_choice":"Fight","damage_taken":0,"max_hp_gain":0,"max_hp_loss":0,"event_name":"MindBloom","floor":36,"gold_loss":0},{"cards_removed":["Clumsy"],"damage_healed":0,"gold_gain":0,"player_choice":"Upgrade and Remove","damage_taken":0,"max_hp_gain":0,"max_hp_loss":0,"event_name":"Designer","floor":38,"gold_loss":90,"cards_upgraded":["PiercingWail"]}],"is_beta":false,"boss_relics":[{"not_picked":["Busted Crown","Fusion Hammer"],"picked":"Pandora\u0027s Box"},{"not_picked":["Snecko Eye","Orrery"],"picked":"White Beast Statue"}],"items_purged_floors":[],"is_endless":false,"potions_floor_spawned":[3,6,13,14,18,25,28,31,35,36,37,39,41,42,45,47,48],"ascension_level":4}