{"gold_per_floor":[113,133,144,154,173,201,189,154,154,154,167,167,198,215,215,312,312,330,104,120,120,130,157,172,182,212,243,243,269,285,304,304,402,402,418,418,433,447,465,497,497,532,532,550,567,567,583,602,602,602],"floor_reached":50,"playtime":7910,"items_purged":["Strike_G"],"score":686,"play_id":"7eda199f-3753-4c05-b5e5-090571ed9551","local_time":"20180703230610","is_ascension_mode":false,"campfire_choices":[{"data":"A Thousand Cuts","floor":10,"key":"SMITH"},{"floor":15,"key":"REST"},{"floor":32,"key":"REST"},{"floor":46,"key":"REST"},{"floor":49,"key":"REST"}],"neow_cost":"","seed_source_timestamp":54698058650570,"circlet_count":0,"master_deck":["Defend_G","Defend_G","Defend_G","Defend_G","Defend_G","Strike_G","Strike_G","Survivor","Neutralize","Riddle With Holes","Blur","Infinite Blades","A Thousand Cuts+1","Deflect","Blade Dance","Quick Slash","A Thousand Cuts","Deflect+1","Choke+1","Flying Knee","Footwork+1","Dagger Throw+1","Riddle With Holes+1","After Image","Slice+1","Deflect+1","Doppelganger","Backflip","Acrobatics+1","Deflect","Caltrops+1","Slice+1","Choke+1"],"relics":["Ring of the Snake","Ornamental Fan","Question Card","Incense Burner","Sozu","Vajra","Ninja Scroll","Molten Egg 2","Tiny Chest","Smiling Mask","Pear","Black Star","Boot","Orichalcum","Shovel","Ginger","Singing Bowl"],"potions_floor_usage":[13,13,29,29,30],"damage_taken":[{"damage":4,"enemies":"2 Louse","floor":1,"turns":3},{"damage":2,"enemies":"Small Slimes","floor":2,"turns":4},{"damage":0,"enemies":"Cultist","floor":3,"turns":5},{"damage":12,"enemies":"Looter","floor":4,"turns":4},{"damage":5,"enemies":"2 Fungi Beasts","floor":5,"turns":4},{"damage":15,"enemies":"3 Sentries","floor":6,"turns":7},{"damage":7,"enemies":"Exordium Thugs","floor":7,"turns":6},{"damage":0,"enemies":"Large Slime","floor":11,"turns":5},{"damage":17,"enemies":"Gremlin Nob","floor":13,"turns":5},{"damage":5,"enemies":"Red Slaver","floor":14,"turns":4},{"damage":28,"enemies":"Hexaghost","floor":16,"turns":13},{"damage":0,"enemies":"Shell Parasite","floor":18,"turns":5},{"damage":0,"enemies":"Spheric Guardian","floor":20,"turns":4},{"damage":0,"enemies":"Chosen and Byrds","floor":22,"turns":5},{"damage":24,"enemies":"Slavers","floor":23,"turns":5},{"damage":0,"enemies":"3 Cultists","floor":24,"turns":3},{"damage":2,"enemies":"Snake Plant","floor":25,"turns":3},{"damage":0,"enemies":"Gremlin Leader","floor":27,"turns":5},{"damage":0,"enemies":"Book of Stabbing","floor":29,"turns":4},{"damage":11,"enemies":"Slaver and Parasite","floor":30,"turns":4},{"damage":3,"enemies":"Snecko","floor":31,"turns":4},{"damage":61,"enemies":"Automaton","floor":33,"turns":14},{"damage":0,"enemies":"Orb Walker","floor":35,"turns":3},{"damage":12,"enemies":"3 Darklings","floor":37,"turns":5},{"damage":6,"enemies":"Sphere and 2 Shapes","floor":38,"turns":6},{"damage":8,"enemies":"Maw","floor":39,"turns":8},{"damage":36,"enemies":"2 Orb Walkers","floor":40,"turns":6},{"damage":30,"enemies":"Nemesis","floor":42,"turns":6},{"damage":16,"enemies":"4 Shapes","floor":44,"turns":5},{"damage":0,"enemies":"Sphere and 2 Shapes","floor":45,"turns":4},{"damage":17,"enemies":"3 Darklings","floor":47,"turns":4},{"damage":0,"enemies":"Maw","floor":48,"turns":9},{"damage":102,"enemies":"Donu and Deca","floor":50,"turns":9}],"seed_played":"-7267659683995735256","potions_obtained":[{"floor":3,"key":"SteroidPotion"},{"floor":6,"key":"LiquidBronze"},{"floor":7,"key":"LiquidBronze"},{"floor":13,"key":"Ancient Potion"},{"floor":14,"key":"Dexterity Potion"}],"is_trial":false,"path_per_floor":["M","M","M","M","M","E","M","?","T","R","M","?","E","M","R","B",null,"M","$","M","?","M","E","M","M","T","E","?","E","M","M","R","B",null,"M","?","M","M","M","E","?","E","T","M","M","R","M","M","R"],"character_chosen":"THE_SILENT","items_purchased":["Vajra"],"campfire_rested":4,"item_purchase_floors":[19],"current_hp_per_floor":[66,64,64,52,47,32,25,42,42,42,42,42,25,20,41,13,70,70,70,70,70,70,46,46,44,44,44,44,54,43,40,64,3,80,80,80,68,62,54,18,90,60,60,46,48,76,61,61,89,0],"gold":602,"neow_bonus":"","is_prod":false,"is_daily":false,"chose_seed":false,"campfire_upgraded":1,"win_rate":0.0,"timestamp":1530673570,"path_taken":["M","M","M","M","M","E","M","?","T","R","M","?","E","M","R","BOSS","M","$","M","?","M","E","M","?","T","E","?","E","M","M","R","BOSS","M","?","M","?","M","E","?","E","T","M","M","R","M","M","R","BOSS"],"build_version":"2018-06-28","purchased_purges":1,"victory":false,"max_hp_per_floor":[70,70,70,70,70,70,70,70,70,70,70,70,70,70,70,70,70,70,70,70,70,70,70,70,70,70,70,70,80,80,80,80,80,80,80,80,80,80,80,80,90,90,90,92,94,94,96,96,96,96],"card_choices":[{"not_picked":["Deflect","Dagger Throw"],"picked":"Riddle With Holes","floor":1},{"not_picked":["Poisoned Stab","Quick Slash"],"picked":"Blur","floor":2},{"not_picked":["Footwork","Slice"],"picked":"Infinite Blades","floor":3},{"not_picked":["Outmaneuver","Dagger Throw"],"picked":"A Thousand Cuts","floor":4},{"not_picked":["Dagger Spray","Dagger Throw"],"picked":"Deflect","floor":5},{"not_picked":["Poisoned Stab","Deadly Poison","Bouncing Flask"],"picked":"SKIP","floor":6},{"not_picked":["Well Laid Plans","Slice","Flechettes"],"picked":"SKIP","floor":7},{"not_picked":["PiercingWail","Riddle With Holes","Blur","Distraction"],"picked":"SKIP","floor":11},{"not_picked":["Underhanded Strike","Prepared","Expertise"],"picked":"Blade Dance","floor":13},{"not_picked":["Backflip","Crippling Poison","Reflex"],"picked":"Quick Slash","floor":14},{"not_picked":["Corpse Explosion","Venomology","Glass Knife"],"picked":"A Thousand Cuts","floor":16},{"not_picked":["Heel Hook","Outmaneuver+1","Dagger Throw"],"picked":"Deflect+1","floor":18},{"not_picked":["Deadly Poison","Backstab","Calculated Gamble"],"picked":"Choke+1","floor":20},{"not_picked":["Poisoned Stab+1","PiercingWail","Dagger Spray"],"picked":"Flying Knee","floor":22},{"not_picked":["Envenom","Crippling Poison","Masterful Stab+1"],"picked":"Footwork+1","floor":23},{"not_picked":["All Out Attack+1","Underhanded Strike+1","Acrobatics"],"picked":"Dagger Throw+1","floor":24},{"not_picked":["Outmaneuver","Backflip","Flying Knee+1"],"picked":"Riddle With Holes+1","floor":25},{"not_picked":["Masterful Stab+1","Predator+1","Deadly Poison+1"],"picked":"After Image","floor":27},{"not_picked":["Dodge and Roll","Night Terror","Sucker Punch+1","PiercingWail"],"picked":"SKIP","floor":29},{"not_picked":["Poisoned Stab+1","Blur+1","Dodge and Roll"],"picked":"Slice+1","floor":30},{"not_picked":["Well Laid Plans","Sucker Punch+1","Bane+1"],"picked":"Deflect+1","floor":31},{"not_picked":["Wraith Form v2","Burst","Tactician"],"picked":"Doppelganger","floor":33},{"not_picked":["Sucker Punch+1","Noxious Fumes","Heel Hook+1"],"picked":"Backflip","floor":35},{"not_picked":["Dodge and Roll","Calculated Gamble","Heel Hook+1"],"picked":"Acrobatics+1","floor":37},{"not_picked":["Crippling Poison","Predator+1","Deflect","Prepared"],"picked":"SKIP","floor":38},{"not_picked":["Prepared+1","Skewer+1","Envenom"],"picked":"Deflect","floor":39},{"not_picked":["Backflip+1","Distraction","Deflect"],"picked":"Caltrops+1","floor":40},{"not_picked":["Noxious Fumes","Wraith Form v2","Flying Knee+1"],"picked":"Slice+1","floor":42},{"not_picked":["Leg Sweep+1","Flechettes+1","Slice+1","Prepared+1"],"picked":"Singing Bowl","floor":44},{"not_picked":["Quick Slash+1","Underhanded Strike+1","Noxious Fumes+1","Flying Knee+1"],"picked":"Singing Bowl","floor":45},{"not_picked":["Noxious Fumes+1","Underhanded Strike+1","Endless Agony+1","Blur+1"],"picked":"Singing Bowl","floor":47},{"not_picked":["Poisoned Stab+1","Slice+1","Footwork"],"picked":"Choke+1","floor":48}],"player_experience":135309,"relics_obtained":[{"floor":6,"key":"Ornamental Fan"},{"floor":9,"key":"Question Card"},{"floor":13,"key":"Incense Burner"},{"floor":23,"key":"Molten Egg 2"},{"floor":26,"key":"Tiny Chest"},{"floor":27,"key":"Smiling Mask"},{"floor":29,"key":"Pear"},{"floor":40,"key":"Boot"},{"floor":40,"key":"Orichalcum"},{"floor":42,"key":"Shovel"},{"floor":42,"key":"Ginger"},{"floor":43,"key":"Singing Bowl"}],"event_choices":[{"event_name":"The Cleric","player_choice":"Healed","floor":8,"damage_taken":0},{"event_name":"Living Wall","player_choice":"Forget","floor":12,"damage_taken":0},{"event_name":"The Mausoleum","player_choice":"Yes","floor":21,"damage_taken":0},{"event_name":"Ghosts","player_choice":"Ignored","floor":28,"damage_taken":0},{"event_name":"Transmorgrifier","player_choice":"Transform","floor":36,"damage_taken":0},{"event_name":"Bonfire Elementals","player_choice":"RARE","floor":41,"damage_taken":0}],"boss_relics":[{"not_picked":["Velvet Choker","Lizard Tail"],"picked":"Sozu"},{"not_picked":["Tiny House","Calling Bell"],"picked":"Black Star"}],"items_purged_floors":[19],"is_endless":false,"potions_floor_spawned":[3,6,7,13,14,18,20,24,29,30,35,37,44,45,48],"killed_by":"Donu and Deca","ascension_level":0}