{"gold_per_floor":[117,130,130,145,145,179,197,197],"floor_reached":8,"playtime":593,"items_purged":[],"score":67,"play_id":"0eb0e2af-1dd2-4d42-9f4b-7500df821998","local_time":"20190112133712","is_ascension_mode":true,"campfire_choices":[],"neow_cost":"NONE","seed_source_timestamp":256932914118513,"circlet_count":0,"master_deck":["Strike_B","Strike_B","Strike_B","Strike_B","Defend_B","Defend_B","Defend_B+1","Defend_B","Zap+1","Dualcast","Impatience","Streamline","Ball Lightning","Darkness","Ball Lightning"],"relics":["Cracked Core","Golden Idol","Vajra"],"potions_floor_usage":[6,8],"damage_taken":[{"damage":9,"enemies":"Jaw Worm","floor":1,"turns":3},{"damage":0,"enemies":"Small Slimes","floor":2,"turns":3},{"damage":0,"enemies":"2 Louse","floor":4,"turns":2},{"damage":17,"enemies":"3 Sentries","floor":6,"turns":5},{"damage":28,"enemies":"Large Slime","floor":7,"turns":4},{"damage":18,"enemies":"Gremlin Nob","floor":8,"turns":2}],"seed_played":"-6812178410648729390","potions_obtained":[{"floor":2,"key":"SteroidPotion"},{"floor":6,"key":"SkillPotion"}],"is_trial":false,"path_per_floor":["M","M","?","M","?","E","M","E"],"character_chosen":"DEFECT","items_purchased":[],"campfire_rested":0,"item_purchase_floors":[],"current_hp_per_floor":[66,66,51,51,51,34,6,0],"gold":197,"neow_bonus":"RANDOM_COLORLESS","is_prod":false,"is_daily":false,"chose_seed":false,"campfire_upgraded":0,"win_rate":0,"timestamp":1547321832,"path_taken":["M","M","?","M","?","E","M","E"],"build_version":"2019-01-10","purchased_purges":0,"victory":false,"max_hp_per_floor":[75,75,75,75,69,69,69,69],"card_choices":[{"not_picked":["Steam","Stack"],"picked":"Streamline","floor":1},{"not_picked":["Auto Shields","Blizzard"],"picked":"Ball Lightning","floor":2},{"not_picked":["Steam","Stack","Compile Driver"],"picked":"SKIP","floor":4},{"not_picked":["Turbo","Beam Cell"],"picked":"Darkness","floor":6},{"not_picked":["Fusion","Reprogram"],"picked":"Ball Lightning","floor":7}],"player_experience":520353,"relics_obtained":[{"floor":6,"key":"Vajra"}],"event_choices":[{"damage_healed":0,"gold_gain":0,"player_choice":"Entered Light","damage_taken":15,"max_hp_gain":0,"max_hp_loss":0,"event_name":"Shining Light","floor":3,"gold_loss":0,"cards_upgraded":["Defend_B","Zap"]},{"damage_healed":0,"gold_gain":0,"player_choice":"Lose Max HP","damage_taken":0,"relics_obtained":["Golden Idol"],"max_hp_gain":0,"max_hp_loss":6,"event_name":"Golden Idol","floor":5,"gold_loss":0}],"is_beta":false,"boss_relics":[],"items_purged_floors":[],"is_endless":false,"potions_floor_spawned":[2,6],"killed_by":"Gremlin Nob","ascension_level":3}