{"gold_per_floor":[109,109,120,45,45,45,73,73,142,142,155,78,88,100,100,195,195,213,312,312,325,325,325,339,339,364,364],"floor_reached":27,"playtime":12918,"items_purged":[],"score":320,"play_id":"f85d2b00-2dc0-4a15-80a7-63bcea0ea400","local_time":"20190307230958","is_ascension_mode":true,"campfire_choices":[{"data":"Corpse Explosion","floor":6.0,"key":"SMITH"},{"floor":10.0,"key":"REST"},{"floor":15.0,"key":"REST"},{"floor":23,"key":"REST"}],"neow_cost":"TEN_PERCENT_HP_LOSS","seed_source_timestamp":0,"circlet_count":0,"master_deck":["AscendersBane","Defend_G","Defend_G+1","Defend_G","Defend_G+1","Defend_G","Strike_G","Strike_G","Strike_G","Strike_G","Strike_G","Survivor","Neutralize","Corpse Explosion+1","Prepared","Flying Knee","Catalyst","Bane","Catalyst","Catalyst","Sucker Punch","Bullet Time","Bouncing Flask","Deadly Poison","Outmaneuver+1","Decay"],"special_seed":0,"relics":["Ring of the Snake","War Paint","Mummified Hand","Sundial","Eternal Feather","Unceasing Top","Anchor"],"potions_floor_usage":[22],"damage_taken":[{"damage":0.0,"enemies":"Small Slimes","floor":1.0,"turns":3.0},{"damage":7.0,"enemies":"Jaw Worm","floor":3.0,"turns":5.0},{"damage":31.0,"enemies":"3 Sentries","floor":7.0,"turns":10.0},{"damage":6.0,"enemies":"2 Louse","floor":11.0,"turns":2.0},{"damage":4.0,"enemies":"Exordium Wildlife","floor":13.0,"turns":3.0},{"damage":2.0,"enemies":"Red Slaver","floor":14.0,"turns":3.0},{"damage":8.0,"enemies":"The Guardian","floor":16.0,"turns":7.0},{"damage":13.0,"enemies":"Shell Parasite","floor":18.0,"turns":6.0},{"damage":13.0,"enemies":"2 Thieves","floor":21.0,"turns":3.0},{"damage":24,"enemies":"Sentry and Sphere","floor":22,"turns":4},{"damage":20,"enemies":"Shelled Parasite and Fungi","floor":24,"turns":3},{"damage":19,"enemies":"Snake Plant","floor":27,"turns":2}],"seed_played":"5544418325659645749","potions_obtained":[{"floor":3.0,"key":"Dexterity Potion"},{"floor":13.0,"key":"SmokeBomb"},{"floor":14.0,"key":"SkillPotion"}],"is_trial":false,"path_per_floor":["M","?","M","$","?","R","E","?","T","R","M","$","M","M","R","B",null,"M","?","T","M","M","R","M","?","T","M"],"character_chosen":"THE_SILENT","items_purchased":["Catalyst","Catalyst"],"campfire_rested":3,"item_purchase_floors":[4,12],"current_hp_per_floor":[63,63,56,56,56,56,25,18,18,36,30,30,26,24,42,34,56,43,43,43,30,6,36,16,16,16,0],"gold":364,"neow_bonus":"THREE_RARE_CARDS","is_prod":false,"is_daily":false,"chose_seed":false,"campfire_upgraded":1,"win_rate":0,"timestamp":1552018198,"path_taken":["M","?","M","$","?","R","E","?","T","R","M","$","M","M","R","BOSS","M","?","?","?","M","R","M","?","T","M"],"build_version":"2019-01-23","purchased_purges":0,"victory":false,"max_hp_per_floor":[63,63,63,63,63,63,63,63,63,63,63,63,63,63,63,63,63,63,63,63,63,63,63,63,63,63,63],"card_choices":[{"not_picked":["Wraith Form v2","Venomology"],"picked":"Corpse Explosion","floor":0.0},{"not_picked":["Reflex","Dodge and Roll"],"picked":"Prepared","floor":1.0},{"not_picked":["Heel Hook","Calculated Gamble"],"picked":"Flying Knee","floor":3.0},{"not_picked":["Corpse Explosion","Escape Plan"],"picked":"Bane","floor":7.0},{"not_picked":["Dagger Spray","Deadly Poison"],"picked":"Catalyst","floor":11.0},{"not_picked":["Heel Hook","Prepared"],"picked":"Sucker Punch","floor":13.0},{"not_picked":["Outmaneuver","Quick Slash","All Out Attack"],"picked":"SKIP","floor":14.0},{"not_picked":["Die Die Die","Glass Knife"],"picked":"Bullet Time","floor":16.0},{"not_picked":["Dagger Throw","Bane"],"picked":"Bouncing Flask","floor":18.0},{"not_picked":["Expertise+1","Dodge and Roll"],"picked":"Deadly Poison","floor":21.0},{"not_picked":["Blade Dance","Heel Hook"],"picked":"Outmaneuver+1","floor":24}],"player_experience":2365022,"relics_obtained":[{"floor":7.0,"key":"War Paint"},{"floor":9.0,"key":"Sundial"},{"floor":20.0,"key":"Unceasing Top"},{"floor":26,"key":"Anchor"}],"event_choices":[{"damage_healed":0.0,"max_hp_gain":0.0,"max_hp_loss":0.0,"gold_gain":0.0,"event_name":"Shining Light","player_choice":"Ignored","floor":2.0,"gold_loss":0.0,"damage_taken":0.0},{"damage_healed":0.0,"max_hp_gain":0.0,"max_hp_loss":0.0,"gold_gain":0.0,"event_name":"Golden Idol","player_choice":"Ignored","floor":5.0,"gold_loss":0.0,"damage_taken":0.0},{"damage_healed":0.0,"max_hp_gain":0.0,"max_hp_loss":0.0,"gold_gain":0.0,"event_name":"Scrap Ooze","player_choice":"Success","floor":8.0,"gold_loss":0.0,"damage_taken":7.0,"relics_obtained":["Mummified Hand"]},{"damage_healed":0.0,"max_hp_gain":0.0,"max_hp_loss":0.0,"gold_gain":99.0,"event_name":"Nest","player_choice":"Stole From Cult","floor":19.0,"gold_loss":0.0,"damage_taken":0.0},{"damage_healed":0,"gold_gain":0,"player_choice":"Smashed Altar","damage_taken":0,"max_hp_gain":0,"max_hp_loss":0,"event_name":"Forgotten Altar","floor":25,"gold_loss":0,"cards_obtained":["Decay"]}],"is_beta":false,"boss_relics":[{"not_picked":["Runic Dome","HoveringKite"],"picked":"Eternal Feather"}],"items_purged_floors":[],"is_endless":false,"potions_floor_spawned":[3,13,14,22],"killed_by":"Snake Plant","ascension_level":10}