{"gold_per_floor":[15,29,29,41,41,41,59,59,105,133,153,153,170,183,183,183],"floor_reached":16,"playtime":1016,"items_purged":[],"score":150,"play_id":"a7bf459a-a8cb-4c55-956f-adb4c5506e98","local_time":"20180923020136","is_ascension_mode":true,"campfire_choices":[{"data":"Whirlwind","floor":6,"key":"SMITH"},{"floor":8,"key":"REST"},{"floor":12,"key":"REST"},{"data":"Barricade","floor":15,"key":"SMITH"}],"neow_cost":"NO_GOLD","seed_source_timestamp":148149962839794,"circlet_count":0,"master_deck":["Strike_R","Strike_R","Strike_R","Strike_R","Defend_R","Defend_R","Defend_R","Defend_R","Bash","Whirlwind+1","Battle Trance","Shrug It Off","Warcry","Barricade+1","Shrug It Off","Body Slam","Fire Breathing"],"relics":["Burning Blood","Bag of Preparation","Vajra"],"potions_floor_usage":[7,10,14,16],"damage_taken":[{"damage":6,"enemies":"Jaw Worm","floor":1,"turns":5},{"damage":1,"enemies":"Cultist","floor":2,"turns":3},{"damage":4,"enemies":"Small Slimes","floor":4,"turns":4},{"damage":59,"enemies":"Exordium Thugs","floor":7,"turns":8},{"damage":59,"enemies":"Lagavulin","floor":10,"turns":8},{"damage":11,"enemies":"Exordium Wildlife","floor":11,"turns":4},{"damage":0,"enemies":"Lots of Slimes","floor":13,"turns":1},{"damage":13,"enemies":"Exordium Thugs","floor":14,"turns":7},{"damage":58,"enemies":"Hexaghost","floor":16,"turns":14}],"seed_played":"-5151565677584491478","potions_obtained":[{"floor":1,"key":"Regen Potion"},{"floor":2,"key":"FearPotion"},{"floor":4,"key":"Energy Potion"},{"floor":13,"key":"Block Potion"}],"is_trial":false,"path_per_floor":["M","M","?","M","$","R","M","R","T","E","M","R","M","M","R"],"character_chosen":"IRONCLAD","items_purchased":[],"campfire_rested":2,"item_purchase_floors":[],"current_hp_per_floor":[96,96,96,96,96,96,43,71,71,33,28,56,62,55,55,0],"gold":183,"neow_bonus":"TWENTY_PERCENT_HP_BONUS","is_prod":false,"is_daily":false,"chose_seed":false,"campfire_upgraded":2,"win_rate":0,"timestamp":1537682496,"path_taken":["M","M","?","M","?","R","?","R","T","E","M","R","M","M","R","BOSS"],"build_version":"2018-09-20","purchased_purges":0,"victory":false,"max_hp_per_floor":[96,96,96,96,96,96,96,96,96,96,96,96,96,96,96,96],"card_choices":[{"not_picked":["Sword Boomerang","Headbutt"],"picked":"Whirlwind","floor":1},{"not_picked":["Corruption","Dropkick","Clothesline"],"picked":"SKIP","floor":2},{"not_picked":["Corruption","Dropkick","Clothesline"],"picked":"SKIP","floor":2},{"not_picked":["Sword Boomerang","Body Slam"],"picked":"Shrug It Off","floor":4},{"not_picked":["Sentinel","Uppercut"],"picked":"Warcry","floor":7},{"not_picked":["Pommel Strike","Corruption"],"picked":"Barricade","floor":10},{"not_picked":["Flame Barrier","Blood for Blood"],"picked":"Shrug It Off","floor":11},{"not_picked":["Iron Wave","Shockwave"],"picked":"Body Slam","floor":13},{"not_picked":["True Grit","Perfected Strike"],"picked":"Fire Breathing","floor":14}],"player_experience":889185,"relics_obtained":[{"floor":9,"key":"Bag of Preparation"},{"floor":10,"key":"Vajra"}],"event_choices":[{"event_name":"Transmorgrifier","player_choice":"Transform","floor":3,"damage_taken":0}],"is_beta":false,"boss_relics":[],"items_purged_floors":[],"is_endless":false,"potions_floor_spawned":[1,2,4,13],"killed_by":"Hexaghost","ascension_level":4}