{"gold_per_floor":[116,116,191,205,205,205,217,229,229,179,33,67,92,103,103,204,204,220,236,255,10,21,21,37,37,118,38,38,71,84,103,103,207,207,222,222,322,336,346,346,364,364,364,399,65,79,104,118,118,118],"floor_reached":51,"playtime":2815,"items_purged":[],"score":1098,"play_id":"5dc2da94-9391-4c6d-bfae-c79393b4e22b","local_time":"20190330182447","is_ascension_mode":true,"campfire_choices":[{"data":"Doom and Gloom","floor":6,"key":"SMITH"},{"data":"Dualcast","floor":15,"key":"SMITH"},{"floor":23,"key":"REST"},{"data":"Barrage","floor":25,"key":"SMITH"},{"data":"Echo Form","floor":28,"key":"SMITH"},{"floor":32,"key":"REST"},{"data":"Creative AI","floor":40,"key":"SMITH"},{"data":"Electrodynamics","floor":42,"key":"SMITH"},{"floor":49,"key":"REST"}],"neow_cost":"NONE","seed_source_timestamp":68878914535400,"circlet_count":0,"master_deck":["AscendersBane","Strike_B","Strike_B","Strike_B","Strike_B","Defend_B","Defend_B+1","Defend_B","Defend_B+1","Zap","Dualcast+1","Doom and Gloom+1","Cold Snap","Hologram","Barrage+1","Capacitor","Hologram+1","Electrodynamics+1","Coolheaded+1","Darkness+1","Lockon+1","Darkness+1","Echo Form+1","Darkness+1","BootSequence+1","Reinforced Body+1","Creative AI+1","Steam+1","Madness+1","Madness+1","Redo+1","Tempest+1","Leap+1","Leap+1","Glacier+1"],"relics":["Cracked Core","War Paint","Meat on the Bone","WarpedTongs","Toxic Egg 2","Anchor","Molten Egg 2","PreservedInsect","Eternal Feather","Symbiotic Virus","Mercury Hourglass","Strawberry","Busted Crown","Gambling Chip","Singing Bowl","Lantern","StoneCalendar","Happy Flower"],"potions_floor_usage":[8,33,41,50],"damage_taken":[{"damage":2,"enemies":"2 Louse","floor":1,"turns":2},{"damage":0,"enemies":"Cultist","floor":4,"turns":3},{"damage":6,"enemies":"Jaw Worm","floor":7,"turns":2},{"damage":1,"enemies":"Lots of Slimes","floor":8,"turns":1},{"damage":0,"enemies":"Gremlin Nob","floor":12,"turns":3},{"damage":16,"enemies":"Large Slime","floor":14,"turns":6},{"damage":30,"enemies":"The Guardian","floor":16,"turns":11},{"damage":0,"enemies":"Chosen","floor":18,"turns":4},{"damage":22,"enemies":"2 Thieves","floor":19,"turns":4},{"damage":16,"enemies":"3 Cultists","floor":20,"turns":3},{"damage":22,"enemies":"Shelled Parasite and Fungi","floor":22,"turns":8},{"damage":33,"enemies":"Snake Plant","floor":24,"turns":4},{"damage":34,"enemies":"Slavers","floor":29,"turns":3},{"damage":2,"enemies":"Cultist and Chosen","floor":30,"turns":4},{"damage":15,"enemies":"3 Cultists","floor":31,"turns":4},{"damage":39,"enemies":"Champ","floor":33,"turns":9},{"damage":4,"enemies":"3 Darklings","floor":35,"turns":4},{"damage":5,"enemies":"Mind Bloom Boss Battle","floor":37,"turns":6},{"damage":19,"enemies":"Orb Walker","floor":38,"turns":3},{"damage":0,"enemies":"3 Darklings","floor":39,"turns":4},{"damage":24,"enemies":"Transient","floor":41,"turns":5},{"damage":44,"enemies":"Nemesis","floor":44,"turns":5},{"damage":7,"enemies":"Sphere and 2 Shapes","floor":46,"turns":3},{"damage":14,"enemies":"Jaw Worm Horde","floor":48,"turns":4},{"damage":53,"enemies":"Time Eater","floor":50,"turns":11}],"seed_played":"-7571140896515436433","potions_obtained":[{"floor":1,"key":"AttackPotion"},{"floor":4,"key":"GamblersBrew"},{"floor":12,"key":"Swift Potion"},{"floor":19,"key":"FocusPotion"},{"floor":38,"key":"Weak Potion"},{"floor":44,"key":"Regen Potion"}],"is_trial":false,"path_per_floor":["M","?","?","M","?","R","M","M","T","?","$","E","T","M","R","B",null,"M","M","M","$","M","R","M","R","T","$","R","E","M","M","R","B",null,"M","?","?","M","M","R","M","R","T","E","$","M","T","M","R","B",null],"character_chosen":"DEFECT","items_purchased":["Anchor","Symbiotic Virus","Echo Form","StoneCalendar","Leap+1"],"campfire_rested":3,"item_purchase_floors":[11,21,27,45,45],"current_hp_per_floor":[66,63,56,56,56,56,50,49,49,49,49,49,49,45,45,27,63,63,41,37,37,27,61,40,52,52,52,64,49,47,44,82,43,72,68,58,53,46,46,64,52,70,70,40,40,47,47,45,86,47],"gold":118,"neow_bonus":"RANDOM_COMMON_RELIC","is_prod":false,"is_daily":false,"chose_seed":false,"campfire_upgraded":6,"win_rate":0,"timestamp":1553984687,"path_taken":["M","?","?","?","?","R","M","?","T","?","$","E","?","M","R","BOSS","M","M","M","$","M","R","M","R","T","$","R","E","?","M","R","BOSS","M","?","?","?","M","R","M","R","T","E","$","M","?","M","R","BOSS"],"build_version":"2019-01-23","purchased_purges":0,"victory":true,"max_hp_per_floor":[75,75,75,75,75,75,75,75,75,75,75,75,75,75,75,75,75,75,75,75,75,75,75,75,75,75,75,75,82,82,82,82,82,82,82,82,82,82,82,82,82,82,82,84,84,86,86,86,86,86],"card_choices":[{"not_picked":["Aggregate","Streamline"],"picked":"Doom and Gloom","floor":1},{"not_picked":["Barrage","Go for the Eyes"],"picked":"Cold Snap","floor":4},{"not_picked":["Consume","Reprogram"],"picked":"Hologram","floor":7},{"not_picked":["Redo","Recycle"],"picked":"Barrage","floor":8},{"not_picked":["Rebound","Streamline"],"picked":"Capacitor","floor":12},{"not_picked":["Chaos+1","Gash+1"],"picked":"Hologram+1","floor":14},{"not_picked":["Multi-Cast+1","Meteor Strike+1"],"picked":"Electrodynamics","floor":16},{"not_picked":["Rebound+1","Gash+1"],"picked":"Coolheaded+1","floor":18},{"not_picked":["Blizzard+1","Sunder+1"],"picked":"Darkness+1","floor":19},{"not_picked":["Capacitor","Leap+1"],"picked":"Lockon+1","floor":20},{"not_picked":["Turbo+1","Reprogram+1","Gash+1"],"picked":"SKIP","floor":22},{"not_picked":["Go for the Eyes+1","Scrape+1"],"picked":"Darkness+1","floor":24},{"not_picked":["Ball Lightning+1","Blizzard+1"],"picked":"Darkness+1","floor":29},{"not_picked":["Turbo+1","Hologram+1"],"picked":"BootSequence+1","floor":30},{"not_picked":["Machine Learning","Genetic Algorithm+1"],"picked":"Reinforced Body+1","floor":31},{"not_picked":["Echo Form","Machine Learning"],"picked":"Creative AI","floor":33},{"not_picked":[],"picked":"Steam+1","floor":35},{"not_picked":[],"picked":"Redo+1","floor":38},{"not_picked":[],"picked":"Tempest+1","floor":39},{"not_picked":[],"picked":"Leap+1","floor":41},{"not_picked":["Rebound+1"],"picked":"Singing Bowl","floor":44},{"not_picked":["Rip and Tear+1"],"picked":"Singing Bowl","floor":46},{"not_picked":[],"picked":"Glacier+1","floor":48}],"player_experience":2548057,"relics_obtained":[{"floor":9,"key":"Toxic Egg 2"},{"floor":12,"key":"Molten Egg 2"},{"floor":13,"key":"PreservedInsect"},{"floor":26,"key":"Mercury Hourglass"},{"floor":29,"key":"Strawberry"},{"floor":37,"key":"Gambling Chip"},{"floor":43,"key":"Singing Bowl"},{"floor":44,"key":"Lantern"},{"floor":47,"key":"Happy Flower"}],"event_choices":[{"damage_healed":0,"gold_gain":0,"player_choice":"Success","damage_taken":3,"relics_obtained":["Meat on the Bone"],"max_hp_gain":0,"max_hp_loss":0,"event_name":"Scrap Ooze","floor":2,"gold_loss":0},{"damage_healed":0,"gold_gain":75,"player_choice":"Touch","damage_taken":7,"max_hp_gain":0,"max_hp_loss":0,"event_name":"FaceTrader","floor":3,"gold_loss":0},{"damage_healed":0,"gold_gain":0,"player_choice":"Rummage","damage_taken":0,"relics_obtained":["WarpedTongs"],"max_hp_gain":0,"max_hp_loss":0,"event_name":"Accursed Blacksmith","floor":5,"gold_loss":0,"cards_obtained":["Pain"]},{"cards_removed":["Pain"],"damage_healed":0,"gold_gain":0,"player_choice":"Card Removal","damage_taken":0,"max_hp_gain":0,"max_hp_loss":0,"event_name":"The Cleric","floor":10,"gold_loss":50},{"damage_healed":0,"gold_gain":0,"player_choice":"Embrace Madness","damage_taken":10,"max_hp_gain":0,"max_hp_loss":0,"event_name":"Winding Halls","floor":36,"gold_loss":0,"cards_obtained":["Madness","Madness"]},{"damage_healed":0,"gold_gain":0,"player_choice":"Fight","damage_taken":0,"max_hp_gain":0,"max_hp_loss":0,"event_name":"MindBloom","floor":37,"gold_loss":0}],"is_beta":false,"boss_relics":[{"not_picked":["Empty Cage","Orrery"],"picked":"Eternal Feather"},{"not_picked":["Pandora\u0027s Box","Snecko Eye"],"picked":"Busted Crown"}],"items_purged_floors":[],"is_endless":false,"potions_floor_spawned":[1,4,12,19,20,22,31,38,39,44,48],"ascension_level":11}