{"gold_per_floor":[119,139,27,37,56,56,67,23,23,33,33,33,33,45,45,117,117,128,41,53,72,72],"floor_reached":22,"playtime":853,"items_purged":["Strike_B"],"score":324,"play_id":"5529cee3-ec87-4c8f-b4e1-49a99ce9ded5","local_time":"20190517004054","is_ascension_mode":true,"campfire_choices":[{"floor":6,"key":"REST"},{"floor":13,"key":"REST"},{"floor":15,"key":"REST"}],"neow_cost":"PERCENT_DAMAGE","seed_source_timestamp":6700994685400,"circlet_count":0,"master_deck":["AscendersBane","Defend_B","Defend_B","Defend_B","Defend_B","Zap","Dualcast","Creative AI","Barrage","Lockon","White Noise","Static Discharge","Ball Lightning","Self Repair","Fusion","Storm","Melter","Thunder Strike","Defragment","Capacitor","Defragment"],"relics":["Cracked Core","Dodecahedron","Runic Pyramid"],"potions_floor_usage":[5,21],"damage_taken":[{"damage":1,"enemies":"Cultist","floor":1,"turns":4},{"damage":4,"enemies":"Small Slimes","floor":2,"turns":4},{"damage":6,"enemies":"Jaw Worm","floor":4,"turns":3},{"damage":39,"enemies":"Exordium Thugs","floor":5,"turns":4},{"damage":6,"enemies":"2 Fungi Beasts","floor":7,"turns":3},{"damage":12,"enemies":"Looter","floor":10,"turns":3},{"damage":18,"enemies":"Exordium Thugs","floor":14,"turns":3},{"damage":38,"enemies":"Slime Boss","floor":16,"turns":6},{"damage":48,"enemies":"3 Byrds","floor":18,"turns":4},{"damage":12,"enemies":"Chosen","floor":20,"turns":4},{"damage":11,"enemies":"Centurion and Healer","floor":21,"turns":6},{"damage":11,"enemies":"Snake Plant","floor":22,"turns":1}],"seed_played":"6490204924955487899","potions_obtained":[{"floor":2,"key":"Regen Potion"},{"floor":4,"key":"SteroidPotion"},{"floor":10,"key":"SteroidPotion"},{"floor":20,"key":"Dexterity Potion"}],"is_trial":false,"path_per_floor":["M","M","$","M","M","R","M","$","T","M","$","?","R","M","R","B",null,"M","$","M","M","M"],"character_chosen":"DEFECT","items_purchased":["Static Discharge","Storm","Capacitor"],"campfire_rested":3,"item_purchase_floors":[3,8,19],"current_hp_per_floor":[45,41,41,35,1,22,23,23,23,18,18,18,39,28,49,18,58,17,17,12,8,0],"gold":72,"neow_bonus":"TRANSFORM_TWO_CARDS","is_prod":false,"is_daily":false,"chose_seed":false,"campfire_upgraded":0,"win_rate":0,"timestamp":1558068054,"path_taken":["M","M","$","M","M","R","?","$","T","?","?","?","R","?","R","BOSS","M","$","M","M","M"],"build_version":"2019-01-23","purchased_purges":1,"victory":false,"max_hp_per_floor":[71,71,71,71,71,71,71,71,71,71,71,71,71,71,71,71,71,71,71,71,71,71],"card_choices":[{"not_picked":["Ball Lightning","Gash"],"picked":"Lockon","floor":1},{"not_picked":["Stack","Rip and Tear"],"picked":"White Noise","floor":2},{"not_picked":["Sweeping Beam","Fusion"],"picked":"Ball Lightning","floor":4},{"not_picked":["Machine Learning","Compile Driver"],"picked":"Self Repair","floor":5},{"not_picked":["Gash","Turbo"],"picked":"Fusion","floor":7},{"not_picked":["Stack","Streamline"],"picked":"Melter","floor":10},{"not_picked":["Redo","Steam","Go for the Eyes"],"picked":"SKIP","floor":14},{"not_picked":["Machine Learning","Fission"],"picked":"Thunder Strike","floor":16},{"not_picked":["Barrage","Gash"],"picked":"Defragment","floor":18},{"not_picked":["Redo","Sweeping Beam","Turbo"],"picked":"SKIP","floor":20},{"not_picked":["Chaos","Ball Lightning"],"picked":"Defragment","floor":21}],"player_experience":2917828,"relics_obtained":[{"floor":9,"key":"Dodecahedron"}],"event_choices":[{"cards_removed":["Strike_B"],"damage_healed":0,"gold_gain":0,"player_choice":"Purged","damage_taken":0,"max_hp_gain":0,"max_hp_loss":0,"event_name":"Purifier","floor":12,"gold_loss":0}],"is_beta":false,"boss_relics":[{"not_picked":["Velvet Choker","Philosopher\u0027s Stone"],"picked":"Runic Pyramid"}],"items_purged_floors":[3],"is_endless":false,"potions_floor_spawned":[2,4,10,20],"killed_by":"Snake Plant","ascension_level":16}