{"gold_per_floor":[111,111,111,124,134,134,150,150,174,198,226,251,263,275,287,299],"floor_reached":16,"playtime":811,"items_purged":[],"score":141,"play_id":"2c228f84-dc55-434c-a032-d0c76fa37743","local_time":"20190311012617","is_ascension_mode":true,"campfire_choices":[{"floor":6,"key":"REST"},{"floor":8,"key":"REST"},{"floor":15,"key":"REST"}],"neow_cost":"CURSE","seed_source_timestamp":688022999222000,"circlet_count":0,"master_deck":["AscendersBane","Defend_G","Defend_G","Defend_G","Defend_G","Defend_G","Strike_G","Strike_G","Strike_G","Survivor","Neutralize","Regret","Choke","Grand Finale","Leg Sweep+1","Regret","Backflip","Well Laid Plans","Calculated Gamble","Adrenaline","Parasite"],"relics":["Ring of the Snake","Art of War","MawBank"],"potions_floor_usage":[7,10,16],"damage_taken":[{"damage":10,"enemies":"2 Louse","floor":1,"turns":5},{"damage":24,"enemies":"Jaw Worm","floor":4,"turns":9},{"damage":7,"enemies":"Cultist","floor":5,"turns":5},{"damage":15,"enemies":"2 Fungi Beasts","floor":7,"turns":5},{"damage":32,"enemies":"Large Slime","floor":10,"turns":10},{"damage":14,"enemies":"Blue Slaver","floor":11,"turns":6},{"damage":2,"enemies":"Exordium Wildlife","floor":12,"turns":3},{"damage":43,"enemies":"Hexaghost","floor":16,"turns":15}],"seed_played":"9198135342968593589","potions_obtained":[{"floor":4,"key":"Explosive Potion"},{"floor":7,"key":"Fire Potion"},{"floor":11,"key":"Strength Potion"}],"is_trial":false,"path_per_floor":["M","?","?","M","M","R","M","R","T","M","M","M","?","?","R","B"],"character_chosen":"THE_SILENT","items_purchased":[],"campfire_rested":3,"item_purchase_floors":[],"current_hp_per_floor":[53,53,53,29,22,43,28,49,49,17,3,1,1,18,39,0],"gold":299,"neow_bonus":"TRANSFORM_TWO_CARDS","is_prod":false,"is_daily":false,"chose_seed":false,"campfire_upgraded":0,"win_rate":0,"timestamp":1552281977,"path_taken":["M","?","?","M","M","R","M","R","T","M","M","?","?","?","R","BOSS"],"build_version":"2019-01-23","purchased_purges":0,"victory":false,"max_hp_per_floor":[70,70,70,70,70,70,70,70,70,70,70,70,70,70,70,70],"card_choices":[{"not_picked":["Quick Slash","Blur"],"picked":"Leg Sweep","floor":1},{"not_picked":["Poisoned Stab","Flying Knee"],"picked":"Backflip","floor":4},{"not_picked":["Deflect","Bane","Blade Dance"],"picked":"SKIP","floor":5},{"not_picked":["Choke","Deflect","Leg Sweep"],"picked":"SKIP","floor":7},{"not_picked":["Slice","Caltrops"],"picked":"Well Laid Plans","floor":10},{"not_picked":["Quick Slash","Deflect"],"picked":"Calculated Gamble","floor":11},{"not_picked":["Well Laid Plans","Blade Dance"],"picked":"Adrenaline","floor":12}],"player_experience":2385306,"relics_obtained":[{"floor":9,"key":"MawBank"}],"event_choices":[{"damage_healed":0,"gold_gain":0,"player_choice":"Box","damage_taken":0,"relics_obtained":["Art of War"],"max_hp_gain":0,"max_hp_loss":0,"event_name":"Big Fish","floor":2,"gold_loss":0,"cards_obtained":["Regret"]},{"damage_healed":0,"gold_gain":0,"player_choice":"Upgraded","damage_taken":0,"max_hp_gain":0,"max_hp_loss":0,"event_name":"Upgrade Shrine","floor":3,"gold_loss":0,"cards_upgraded":["Leg Sweep"]},{"damage_healed":0,"gold_gain":0,"player_choice":"Ignored","damage_taken":0,"max_hp_gain":0,"max_hp_loss":0,"event_name":"Shining Light","floor":13,"gold_loss":0},{"damage_healed":17,"gold_gain":0,"player_choice":"Healed and dodged fight","damage_taken":0,"max_hp_gain":0,"max_hp_loss":0,"event_name":"Mushrooms","floor":14,"gold_loss":0,"cards_obtained":["Parasite"]}],"is_beta":false,"boss_relics":[],"items_purged_floors":[],"is_endless":false,"potions_floor_spawned":[4,7,11],"killed_by":"Hexaghost","ascension_level":10}