{"gold_per_floor":[109,74,92,55,55,82,101,132,132,157,132,132,146,164,164,261,261,271,271,25,44,61,61,61,76,127,157,157,167,99,99],"floor_reached":31,"playtime":1410,"items_purged":["Regret"],"score":363,"play_id":"21384e18-bc3e-4141-b75c-0253b8f5323b","local_time":"20190218175106","is_ascension_mode":true,"campfire_choices":[{"data":"Sucker Punch","floor":15,"key":"SMITH"},{"floor":23,"key":"REST"}],"neow_cost":"PERCENT_DAMAGE","seed_source_timestamp":265807081406900,"circlet_count":0,"master_deck":["Defend_G","Defend_G","Defend_G","Defend_G","Defend_G","Strike_G","Strike_G","Strike_G","Strike_G","Survivor","Neutralize","Infinite Blades","Dagger Spray+1","Terror","Prepared","Sucker Punch+1","Infinite Blades","Cloak And Dagger","Flying Knee","Riddle With Holes","Envenom","Dash","Panache","Leg Sweep+1","Setup","Dagger Spray+1","Choke+1","Footwork"],"relics":["Ring of the Snake","Calipers","Boot","Meat on the Bone","Orichalcum","Blood Vial","Ancient Tea Set","WristBlade","Enchiridion","Bag of Marbles","Nloth\u0027s Gift"],"potions_floor_usage":[6,18,18,27,27,31],"damage_taken":[{"damage":2,"enemies":"Cultist","floor":1,"turns":4},{"damage":2,"enemies":"Jaw Worm","floor":3,"turns":4},{"damage":17,"enemies":"Lagavulin","floor":6,"turns":6},{"damage":0,"enemies":"2 Louse","floor":7,"turns":2},{"damage":23,"enemies":"Gremlin Nob","floor":8,"turns":4},{"damage":5,"enemies":"Blue Slaver","floor":13,"turns":3},{"damage":0,"enemies":"3 Louse","floor":14,"turns":2},{"damage":34,"enemies":"The Guardian","floor":16,"turns":10},{"damage":23,"enemies":"Shell Parasite","floor":18,"turns":5},{"damage":0,"enemies":"2 Thieves","floor":21,"turns":3},{"damage":36,"enemies":"Sentry and Sphere","floor":22,"turns":6},{"damage":16,"enemies":"3 Cultists","floor":25,"turns":5},{"damage":0,"enemies":"Gremlin Leader","floor":27,"turns":4},{"damage":38,"enemies":"Snake Plant","floor":29,"turns":5},{"damage":24,"enemies":"Centurion and Healer","floor":31,"turns":6}],"seed_played":"983647745791623906","potions_obtained":[{"floor":1,"key":"GamblersBrew"},{"floor":3,"key":"SteroidPotion"},{"floor":8,"key":"SteroidPotion"},{"floor":18,"key":"Fruit Juice"},{"floor":25,"key":"Explosive Potion"},{"floor":27,"key":"Dexterity Potion"}],"is_trial":false,"path_per_floor":["M","?","M","$","?","E","M","E","T","T","$","?","M","M","R","B",null,"M","?","$","M","M","R","?","M","T","E","?","M","$","M"],"character_chosen":"THE_SILENT","items_purchased":["Terror","Cloak And Dagger","Panache","Footwork"],"campfire_rested":1,"item_purchase_floors":[4,11,20,30],"current_hp_per_floor":[47,64,62,62,62,45,45,22,22,22,22,22,31,45,45,25,59,43,27,27,41,19,41,41,39,39,41,41,17,17,0],"gold":99,"neow_bonus":"ONE_RARE_RELIC","is_prod":false,"is_daily":false,"chose_seed":false,"campfire_upgraded":1,"win_rate":0,"timestamp":1550530266,"path_taken":["M","?","M","$","?","E","M","E","T","?","?","?","?","M","R","BOSS","M","?","$","M","M","R","?","?","T","E","?","?","$","M"],"build_version":"2019-01-23","purchased_purges":1,"victory":false,"max_hp_per_floor":[70,70,70,70,70,70,70,70,70,70,70,70,70,70,70,70,70,75,75,75,75,75,75,75,75,75,75,75,75,75,75],"card_choices":[{"not_picked":["All Out Attack","Expertise"],"picked":"Infinite Blades","floor":1},{"not_picked":["Quick Slash","Deflect"],"picked":"Dagger Spray","floor":3},{"not_picked":["Bane","PiercingWail"],"picked":"Prepared","floor":6},{"not_picked":["Dodge and Roll","Setup"],"picked":"Sucker Punch","floor":7},{"not_picked":["Glass Knife","Underhanded Strike"],"picked":"Infinite Blades","floor":8},{"not_picked":["Outmaneuver","Deadly Poison"],"picked":"Flying Knee","floor":13},{"not_picked":["Bane","Dagger Throw"],"picked":"Riddle With Holes","floor":14},{"not_picked":["A Thousand Cuts","Bullet Time"],"picked":"Envenom","floor":16},{"not_picked":["Quick Slash","Poisoned Stab"],"picked":"Dash","floor":18},{"not_picked":["Deflect","Noxious Fumes+1"],"picked":"Leg Sweep+1","floor":21},{"not_picked":["Outmaneuver","Blur"],"picked":"Setup","floor":22},{"not_picked":["All Out Attack+1","Calculated Gamble+1"],"picked":"Dagger Spray+1","floor":25},{"not_picked":["Flying Knee","Dash","Calculated Gamble"],"picked":"SKIP","floor":27},{"not_picked":["Deflect+1","Well Laid Plans"],"picked":"Choke+1","floor":29}],"player_experience":2164279,"relics_obtained":[{"floor":6,"key":"Boot"},{"floor":8,"key":"Meat on the Bone"},{"floor":9,"key":"Orichalcum"},{"floor":10,"key":"Blood Vial"},{"floor":19,"key":"Enchiridion"},{"floor":26,"key":"Bag of Marbles"},{"floor":27,"key":"Centennial Puzzle"}],"event_choices":[{"damage_healed":17,"gold_gain":0,"player_choice":"Healed","damage_taken":0,"max_hp_gain":0,"max_hp_loss":0,"event_name":"The Cleric","floor":2,"gold_loss":35},{"damage_healed":0,"gold_gain":0,"player_choice":"Grow","damage_taken":0,"max_hp_gain":0,"max_hp_loss":0,"event_name":"Living Wall","floor":5,"gold_loss":0,"cards_upgraded":["Dagger Spray"]},{"damage_healed":0,"gold_gain":0,"player_choice":"Box","damage_taken":0,"relics_obtained":["Ancient Tea Set"],"max_hp_gain":0,"max_hp_loss":0,"event_name":"Big Fish","floor":12,"gold_loss":0,"cards_obtained":["Regret"]},{"damage_healed":0,"gold_gain":0,"player_choice":"Obtained Book","damage_taken":16,"max_hp_gain":0,"max_hp_loss":0,"event_name":"Cursed Tome","floor":19,"gold_loss":0},{"cards_removed":["Strike_G"],"damage_healed":0,"gold_gain":0,"player_choice":"Purged","damage_taken":0,"max_hp_gain":0,"max_hp_loss":0,"event_name":"Purifier","floor":24,"gold_loss":0},{"damage_healed":0,"gold_gain":0,"player_choice":"Traded Relic","damage_taken":0,"relics_obtained":["Nloth\u0027s Gift"],"max_hp_gain":0,"max_hp_loss":0,"event_name":"N\u0027loth","floor":28,"relics_lost":["Centennial Puzzle"],"gold_loss":0}],"is_beta":false,"boss_relics":[{"not_picked":["Orrery","Cursed Key"],"picked":"WristBlade"}],"items_purged_floors":[20],"is_endless":false,"potions_floor_spawned":[1,3,8,18,25,27],"killed_by":"Centurion and Healer","ascension_level":5}