{"gold_per_floor":[119,119,69,83,102,130,142,170,260,303,315,350,376,405,417,429],"floor_reached":16,"playtime":673,"items_purged":[],"score":112,"play_id":"9da6594a-a182-457e-b896-d8a479b7826d","local_time":"20180727211919","is_ascension_mode":false,"campfire_choices":[{"floor":11,"key":"REST"},{"floor":15,"key":"REST"}],"neow_cost":"CURSE","seed_source_timestamp":56790671646769,"circlet_count":0,"master_deck":["Strike_B","Strike_B","Strike_B","Strike_B","Defend_B","Defend_B","Defend_B","Defend_B","Zap","Dualcast","Streamline","Capacitor","Static Discharge","Sunder","Hologram","Biased Cognition","Leap"],"relics":["Cracked Core","Nunchaku","Girya","MawBank","The Courier","Lantern","Orichalcum"],"potions_floor_usage":[10,14,16],"damage_taken":[{"damage":5,"enemies":"Jaw Worm","floor":1,"turns":4},{"damage":5,"enemies":"Small Slimes","floor":4,"turns":3},{"damage":2,"enemies":"2 Louse","floor":5,"turns":3},{"damage":35,"enemies":"Gremlin Nob","floor":6,"turns":4},{"damage":17,"enemies":"Large Slime","floor":8,"turns":4},{"damage":8,"enemies":"3 Sentries","floor":10,"turns":4},{"damage":5,"enemies":"Looter","floor":13,"turns":3},{"damage":7,"enemies":"Red Slaver","floor":14,"turns":2},{"damage":49,"enemies":"Slime Boss","floor":16,"turns":7}],"seed_played":"37663564511255434","potions_obtained":[{"floor":4,"key":"GamblersBrew"},{"floor":5,"key":"Fire Potion"},{"floor":13,"key":"PowerPotion"}],"is_trial":false,"path_per_floor":["M","?","?","M","M","E","?","M","T","E","R","T","M","M","R"],"character_chosen":"DEFECT","items_purchased":[],"campfire_rested":2,"item_purchase_floors":[],"current_hp_per_floor":[70,58,58,53,51,16,41,24,24,16,38,38,33,26,48,0],"gold":429,"neow_bonus":"ONE_RARE_RELIC","is_prod":false,"is_daily":false,"chose_seed":false,"campfire_upgraded":0,"win_rate":0,"timestamp":1532740759,"path_taken":["M","?","?","M","M","E","?","M","T","E","R","?","?","M","R","BOSS"],"build_version":"2018-07-26","purchased_purges":0,"victory":false,"max_hp_per_floor":[75,75,75,75,75,75,75,75,75,75,75,75,75,75,75,75],"card_choices":[{"not_picked":["Hologram","Chaos"],"picked":"Streamline","floor":1},{"not_picked":["Glacier","Genetic Algorithm"],"picked":"Capacitor","floor":4},{"not_picked":["Redo","Ball Lightning"],"picked":"Static Discharge","floor":5},{"not_picked":["Redo","Rebound"],"picked":"Sunder","floor":6},{"not_picked":["Beam Cell","Ball Lightning"],"picked":"Hologram","floor":8},{"not_picked":["Ball Lightning","Double Energy"],"picked":"Biased Cognition","floor":10},{"not_picked":["Coolheaded","BootSequence"],"picked":"Leap","floor":13},{"not_picked":["Beam Cell","Redo","Hologram"],"picked":"SKIP","floor":14}],"player_experience":528658,"relics_obtained":[{"floor":6,"key":"MawBank"},{"floor":9,"key":"The Courier"},{"floor":10,"key":"Lantern"},{"floor":12,"key":"Orichalcum"}],"event_choices":[{"event_name":"Scrap Ooze","player_choice":"success","floor":2,"damage_taken":12},{"event_name":"The Cleric","player_choice":"Card Removal","floor":3,"damage_taken":0},{"event_name":"Big Fish","player_choice":"Banana","floor":7,"damage_taken":0}],"is_beta":false,"boss_relics":[],"items_purged_floors":[],"is_endless":false,"potions_floor_spawned":[4,5,13],"killed_by":"Slime Boss","ascension_level":0}