{"gold_per_floor":[117,127,127,202,213,213,60,388,388,413,423,423,423,440,440,440],"floor_reached":16,"playtime":1105,"items_purged":["Strike_G"],"score":105,"play_id":"42f1b4e4-fa54-4b30-b170-01672c1603b7","local_time":"20181206222340","is_ascension_mode":true,"campfire_choices":[{"data":"Neutralize","floor":6,"key":"SMITH"},{"floor":13,"key":"REST"},{"floor":15,"key":"REST"}],"neow_cost":"NONE","seed_source_timestamp":17069074698820,"circlet_count":0,"master_deck":["Defend_G","Defend_G","Defend_G","Defend_G","Strike_G","Strike_G","Strike_G","Strike_G","Survivor","Neutralize+1","Backflip","Infinite Blades","Tactician","Endless Agony","Flying Knee"],"relics":["Ring of the Snake","NeowsBlessing","Old Coin","Ginger","Odd Mushroom","Bronze Scales"],"potions_floor_usage":[8,11,16],"damage_taken":[{"damage":0,"enemies":"Small Slimes","floor":1,"turns":1},{"damage":0,"enemies":"2 Louse","floor":2,"turns":1},{"damage":0,"enemies":"Jaw Worm","floor":5,"turns":1},{"damage":13,"enemies":"Gremlin Nob","floor":8,"turns":4},{"damage":23,"enemies":"The Mushroom Lair","floor":10,"turns":7},{"damage":12,"enemies":"Lots of Slimes","floor":11,"turns":5},{"damage":18,"enemies":"Exordium Thugs","floor":14,"turns":5},{"damage":33,"enemies":"Slime Boss","floor":16,"turns":10}],"seed_played":"-1261388902599863439","potions_obtained":[{"floor":5,"key":"Explosive Potion"},{"floor":10,"key":"SpeedPotion"},{"floor":14,"key":"PowerPotion"}],"is_trial":false,"path_per_floor":["M","M","?","?","M","R","$","E","T","?","M","T","R","M","R","B"],"character_chosen":"THE_SILENT","items_purchased":["Infinite Blades"],"campfire_rested":2,"item_purchase_floors":[7],"current_hp_per_floor":[70,70,63,52,52,52,52,39,39,16,4,4,25,7,28,0],"gold":440,"neow_bonus":"THREE_ENEMY_KILL","is_prod":false,"is_daily":false,"chose_seed":false,"campfire_upgraded":1,"win_rate":0,"timestamp":1544156620,"path_taken":["M","M","?","?","M","R","$","E","T","?","M","?","R","M","R","BOSS"],"build_version":"2018-12-06","purchased_purges":1,"victory":false,"max_hp_per_floor":[70,70,70,70,70,70,70,70,70,70,70,70,70,70,70,70],"card_choices":[{"not_picked":["Finisher","Poisoned Stab"],"picked":"Backflip","floor":1},{"not_picked":["PiercingWail","Calculated Gamble","Flechettes"],"picked":"SKIP","floor":2},{"not_picked":["Acrobatics","Outmaneuver","Poisoned Stab"],"picked":"SKIP","floor":5},{"not_picked":["Skewer","Outmaneuver"],"picked":"Tactician","floor":8},{"not_picked":["Quick Slash","Eviscerate"],"picked":"Endless Agony","floor":11},{"not_picked":["Dodge and Roll","Underhanded Strike"],"picked":"Flying Knee","floor":14}],"player_experience":89581,"relics_obtained":[{"floor":8,"key":"Old Coin"},{"floor":9,"key":"Ginger"},{"floor":10,"key":"Odd Mushroom"},{"floor":12,"key":"Bronze Scales"}],"event_choices":[{"cards_removed":["Defend_G"],"damage_healed":0,"gold_gain":0,"player_choice":"Card Removal","damage_taken":7,"max_hp_gain":0,"max_hp_loss":0,"event_name":"Golden Wing","floor":3,"gold_loss":0},{"damage_healed":0,"gold_gain":75,"player_choice":"Gather Gold","damage_taken":11,"max_hp_gain":0,"max_hp_loss":0,"event_name":"World of Goop","floor":4,"gold_loss":0},{"damage_healed":0,"gold_gain":0,"player_choice":"Fought Mushrooms","damage_taken":0,"max_hp_gain":0,"max_hp_loss":0,"event_name":"Mushrooms","floor":10,"gold_loss":0}],"is_beta":false,"boss_relics":[],"items_purged_floors":[7],"is_endless":false,"potions_floor_spawned":[5,10,14],"killed_by":"Slime Boss","ascension_level":1}