{"gold_per_floor":[19,37,112,37,51,78,78,78,78,96,122,192,192,192,192,291,291,304,304,317,141,141,141,167,167,167,187,187,187,200,200],"floor_reached":31,"playtime":1676,"items_purged":["Defend_B","Regret"],"score":405,"play_id":"789f3526-211d-484a-920d-acf3c805a4cf","local_time":"20190330084000","is_ascension_mode":true,"campfire_choices":[{"data":"Doom and Gloom","floor":7,"key":"SMITH"},{"floor":13,"key":"REST"},{"data":"Dualcast","floor":15,"key":"SMITH"},{"floor":23,"key":"REST"},{"data":"Echo Form","floor":25,"key":"SMITH"},{"data":"Creative AI","floor":28,"key":"SMITH"}],"neow_cost":"NO_GOLD","seed_source_timestamp":34947998895099,"circlet_count":0,"master_deck":["AscendersBane","Strike_B","Defend_B","Defend_B","Defend_B","Zap+1","Dualcast+1","Doom and Gloom+1","Reinforced Body","Redo","Self Repair","FTL","Coolheaded+1","Echo Form+1","Skim","Redo","Conserve Battery","Creative AI+1","Reinforced Body","Redo"],"relics":["Cracked Core","Mango","DataDisk","Symbiotic Virus","Blue Candle","Orrery","Nilry\u0027s Codex","Kunai","War Paint"],"potions_floor_usage":[6,24,24,31],"damage_taken":[{"damage":2,"enemies":"Jaw Worm","floor":1,"turns":3},{"damage":0,"enemies":"Small Slimes","floor":2,"turns":2},{"damage":1,"enemies":"Cultist","floor":5,"turns":4},{"damage":24,"enemies":"Gremlin Nob","floor":6,"turns":4},{"damage":20,"enemies":"Looter","floor":10,"turns":3},{"damage":17,"enemies":"3 Sentries","floor":11,"turns":6},{"damage":25,"enemies":"Slime Boss","floor":16,"turns":7},{"damage":1,"enemies":"Spheric Guardian","floor":18,"turns":3},{"damage":1,"enemies":"Chosen","floor":20,"turns":3},{"damage":24,"enemies":"Slavers","floor":24,"turns":5},{"damage":22,"enemies":"Centurion and Healer","floor":27,"turns":9},{"damage":9,"enemies":"Snake Plant","floor":30,"turns":3},{"damage":57,"enemies":"Cultist and Chosen","floor":31,"turns":5}],"seed_played":"5271534696473938003","potions_obtained":[{"floor":1,"key":"PowerPotion"},{"floor":5,"key":"FearPotion"},{"floor":11,"key":"LiquidBronze"},{"floor":16,"key":"Fire Potion"},{"floor":30,"key":"FocusPotion"}],"is_trial":false,"path_per_floor":["M","M","?","$","M","E","R","?","T","M","E","?","R","?","R","B",null,"M","?","M","$","?","R","E","R","T","M","R","?","M","M"],"character_chosen":"DEFECT","items_purchased":["Reinforced Body"],"campfire_rested":2,"item_purchase_floors":[21],"current_hp_per_floor":[66,66,55,55,54,44,44,44,44,31,21,21,47,47,47,29,74,73,57,56,56,61,87,70,70,70,62,62,62,53,0],"gold":200,"neow_bonus":"REMOVE_TWO","is_prod":false,"is_daily":false,"chose_seed":false,"campfire_upgraded":4,"win_rate":0,"timestamp":1553949600,"path_taken":["M","M","?","$","M","E","R","?","T","M","E","?","R","?","R","BOSS","M","?","M","$","?","R","E","R","T","?","R","?","M","M"],"build_version":"2019-01-23","purchased_purges":2,"victory":false,"max_hp_per_floor":[75,75,75,75,75,89,89,89,89,89,89,89,89,89,89,89,89,89,89,89,89,89,89,89,89,89,89,89,89,89,89],"card_choices":[{"not_picked":["Conserve Battery","Leap"],"picked":"Doom and Gloom","floor":1},{"not_picked":["Skim","Rebound"],"picked":"Reinforced Body","floor":2},{"not_picked":["Leap","Barrage"],"picked":"Redo","floor":5},{"not_picked":["Beam Cell","Steam"],"picked":"Self Repair","floor":6},{"not_picked":["Turbo","Ball Lightning"],"picked":"FTL","floor":10},{"not_picked":["Rip and Tear","Beam Cell"],"picked":"Coolheaded","floor":11},{"not_picked":["Reboot","Fission"],"picked":"Echo Form","floor":16},{"not_picked":["Hello World","Rebound"],"picked":"Skim","floor":17},{"not_picked":["Sunder","Ball Lightning"],"picked":"Redo","floor":17},{"not_picked":["Ball Lightning","Streamline"],"picked":"Conserve Battery","floor":17},{"not_picked":["Force Field","Turbo"],"picked":"Compile Driver","floor":17},{"not_picked":["Beam Cell","Conserve Battery"],"picked":"Creative AI","floor":18},{"not_picked":["Gash","Rebound","Cold Snap"],"picked":"SKIP","floor":20},{"not_picked":["Fusion","Force Field","Turbo"],"picked":"SKIP","floor":24},{"not_picked":["Leap","Coolheaded"],"picked":"Redo","floor":27},{"not_picked":["Reprogram+1","Gash+1","Go for the Eyes"],"picked":"SKIP","floor":30}],"player_experience":2545808,"relics_obtained":[{"floor":6,"key":"Mango"},{"floor":9,"key":"Symbiotic Virus"},{"floor":11,"key":"Blue Candle"},{"floor":19,"key":"Nilry\u0027s Codex"},{"floor":24,"key":"Kunai"},{"floor":26,"key":"War Paint"}],"event_choices":[{"damage_healed":0,"gold_gain":75,"player_choice":"Gather Gold","damage_taken":11,"max_hp_gain":0,"max_hp_loss":0,"event_name":"World of Goop","floor":3,"gold_loss":0},{"damage_healed":0,"gold_gain":0,"player_choice":"Box","damage_taken":0,"relics_obtained":["DataDisk"],"max_hp_gain":0,"max_hp_loss":0,"event_name":"Big Fish","floor":8,"gold_loss":0,"cards_obtained":["Regret"]},{"damage_healed":0,"gold_gain":70,"player_choice":"Gained Gold","damage_taken":0,"max_hp_gain":0,"max_hp_loss":0,"event_name":"Golden Wing","floor":12,"gold_loss":0},{"damage_healed":0,"gold_gain":0,"player_choice":"Ignored","damage_taken":0,"max_hp_gain":0,"max_hp_loss":0,"event_name":"Shining Light","floor":14,"gold_loss":0},{"damage_healed":0,"gold_gain":0,"player_choice":"Obtained Book","damage_taken":16,"max_hp_gain":0,"max_hp_loss":0,"event_name":"Cursed Tome","floor":19,"gold_loss":0},{"cards_removed":["Compile Driver"],"damage_healed":5,"gold_gain":0,"player_choice":"Offered Common","damage_taken":0,"max_hp_gain":0,"max_hp_loss":0,"event_name":"Bonfire Elementals","floor":22,"gold_loss":0},{"cards_removed":["Compile Driver"],"damage_healed":5,"gold_gain":0,"player_choice":"Offered Special","damage_taken":0,"max_hp_gain":0,"max_hp_loss":0,"event_name":"Bonfire Elementals","floor":22,"gold_loss":0},{"cards_removed":["Strike_B"],"damage_healed":0,"gold_gain":0,"player_choice":"Purged","damage_taken":0,"max_hp_gain":0,"max_hp_loss":0,"event_name":"Purifier","floor":29,"gold_loss":0}],"is_beta":false,"boss_relics":[{"not_picked":["Philosopher\u0027s Stone","Runic Dome"],"picked":"Orrery"}],"items_purged_floors":[4,21],"is_endless":false,"potions_floor_spawned":[1,5,11,16,18,30],"killed_by":"Cultist and Chosen","ascension_level":11}