{"gold_per_floor":[118,43,63,79,4,4,4,4,84,110,110,129,155,165,165,243,243,260,310,330,23,38,72,86,86,135,135,165,39,56,85,85,163,163,173,173,19,0,19,47,47,78,78,97,97,197,228,273,273,273,273,273,273,31,56,56],"floor_reached":57,"playtime":7661,"items_purged":["Strike_B"],"score":2987,"play_id":"bf6e3b96-3b23-4460-b9e5-99c82de5b7f2","local_time":"20190520211622","is_ascension_mode":true,"campfire_choices":[{"floor":8.0,"key":"REST"},{"data":"Strike_B","floor":15.0,"key":"PURGE"},{"data":"Strike_B","floor":25.0,"key":"PURGE"},{"floor":32.0,"key":"RECALL"},{"floor":41.0,"key":"REST"},{"floor":49.0,"key":"REST"},{"floor":53.0,"key":"REST"}],"neow_cost":"NONE","seed_source_timestamp":201218149423016,"circlet_count":0,"master_deck":["AscendersBane","Defend_B+1","Defend_B+1","Defend_B+1","Zap+1","Compile Driver","Go for the Eyes","Ball Lightning+1","Steam","Go for the Eyes","Coolheaded","Steam","Chill+1","Panache","Coolheaded","Skim","Coolheaded","Gash","Leap+1","All For One","Compile Driver","All For One","White Noise+1","Loop+1","Hologram","Steam","Heatsinks","Steam Power","Gash+1","Madness","Madness","Capacitor+1","Gash","Reboot"],"special_seed":0,"relics":["Cracked Core","Anchor","Kunai","The Courier","Peace Pipe","Fusion Hammer","Mummified Hand","Smiling Mask","Potion Belt","Blue Candle","Astrolabe","Centennial Puzzle","Red Mask","Ancient Tea Set","Cables","Mercury Hourglass","Emotion Chip","Oddly Smooth Stone","Turnip","ClockworkSouvenir","Strawberry"],"potions_floor_usage":[56,56,56,56,56,56,56],"damage_taken":[{"damage":2.0,"enemies":"Small Slimes","floor":1.0,"turns":3.0},{"damage":2.0,"enemies":"Jaw Worm","floor":3.0,"turns":3.0},{"damage":0.0,"enemies":"2 Louse","floor":4.0,"turns":3.0},{"damage":8.0,"enemies":"Lagavulin","floor":10.0,"turns":7.0},{"damage":0.0,"enemies":"Blue Slaver","floor":12.0,"turns":2.0},{"damage":11.0,"enemies":"Gremlin Nob","floor":13.0,"turns":4.0},{"damage":0.0,"enemies":"3 Louse","floor":14.0,"turns":3.0},{"damage":0.0,"enemies":"Hexaghost","floor":16.0,"turns":9.0},{"damage":3.0,"enemies":"Chosen","floor":18.0,"turns":5.0},{"damage":0.0,"enemies":"Spheric Guardian","floor":20.0,"turns":4.0},{"damage":1.0,"enemies":"Shelled Parasite and Fungi","floor":22.0,"turns":9.0},{"damage":4.0,"enemies":"Gremlin Leader","floor":23.0,"turns":7.0},{"damage":1.0,"enemies":"Snake Plant","floor":24.0,"turns":5.0},{"damage":0.0,"enemies":"Slavers","floor":28.0,"turns":6.0},{"damage":0.0,"enemies":"3 Cultists","floor":30.0,"turns":5.0},{"damage":1.0,"enemies":"Gremlin Leader","floor":31.0,"turns":8.0},{"damage":39.0,"enemies":"Automaton","floor":33.0,"turns":13.0},{"damage":0.0,"enemies":"Orb Walker","floor":35.0,"turns":3.0},{"damage":0.0,"enemies":"3 Shapes","floor":39.0,"turns":3.0},{"damage":5.0,"enemies":"Reptomancer","floor":40.0,"turns":9.0},{"damage":1.0,"enemies":"Giant Head","floor":42.0,"turns":9.0},{"damage":0.0,"enemies":"Maw","floor":44.0,"turns":8.0},{"damage":1.0,"enemies":"Mind Bloom Boss Battle","floor":46.0,"turns":6.0},{"damage":0.0,"enemies":"Nemesis","floor":47.0,"turns":6.0},{"damage":0.0,"enemies":"2 Orb Walkers","floor":48.0,"turns":5.0},{"damage":27.0,"enemies":"Time Eater","floor":50.0,"turns":12.0},{"damage":19.0,"enemies":"Donu and Deca","floor":51.0,"turns":6.0},{"damage":14,"enemies":"Shield and Spear","floor":55,"turns":5},{"damage":1,"enemies":"The Heart","floor":56,"turns":9}],"seed_played":"-7617672354925694597","potions_obtained":[{"floor":3.0,"key":"Ancient Potion"},{"floor":13.0,"key":"Block Potion"},{"floor":14.0,"key":"Strength Potion"},{"floor":18.0,"key":"Explosive Potion"},{"floor":20.0,"key":"SteroidPotion"},{"floor":28.0,"key":"Poison Potion"},{"floor":31.0,"key":"Weak Potion"},{"floor":35.0,"key":"EntropicBrew"},{"floor":44.0,"key":"Swift Potion"},{"floor":47.0,"key":"SkillPotion"},{"floor":48.0,"key":"FearPotion"},{"floor":55,"key":"PowerPotion"}],"is_trial":false,"path_per_floor":["M","?","M","M","$","?","?","R","T","E","T","M","E","M","R","B",null,"M","?","M","$","M","E","M","R","T","?","E","$","M","E","R","B",null,"M","?","$","?","M","E","R","E","T","M","?","?","E","?","R","B","B",null,"R","$","E","B",null],"character_chosen":"DEFECT","items_purchased":["Panache","Coolheaded","Skim","Coolheaded","All For One","Centennial Puzzle","Hologram","ClockworkSouvenir","FocusPotion"],"campfire_rested":4,"item_purchase_floors":[21,21,21,21,29,37,37,54,54],"current_hp_per_floor":[62,62,60,60,60,39,39,60,60,52,52,52,41,41,41,41,64,61,61,61,61,60,56,55,55,55,55,55,55,55,54,54,15,57,57,57,57,57,57,52,71,70,70,70,57,56,56,56,71,44,25,60,71,71,64,77],"gold":56,"neow_bonus":"RANDOM_COMMON_RELIC","is_prod":false,"is_daily":false,"chose_seed":false,"campfire_upgraded":0,"win_rate":0,"timestamp":1558412182,"path_taken":["M","?","M","M","$","?","?","R","T","E","?","?","E","M","R","BOSS","M","?","M","$","?","E","?","R","T","?","E","$","M","E","R","BOSS","M","?","$","?","M","E","R","E","T","M","?","?","E","?","R","BOSS","BOSS","R","$","E","BOSS"],"build_version":"2019-05-07","purchased_purges":1,"victory":true,"max_hp_per_floor":[71,71,71,71,71,71,71,71,71,71,71,71,71,71,71,71,71,71,71,71,71,71,71,71,71,71,71,71,71,71,71,71,71,71,71,71,71,71,71,71,71,71,71,71,71,71,71,71,71,71,71,71,71,71,78,78],"card_choices":[{"not_picked":["Steam","Tempest"],"picked":"Compile Driver","floor":1.0},{"not_picked":["Beam Cell","Self Repair"],"picked":"Go for the Eyes","floor":3.0},{"not_picked":["Static Discharge","Steam Power"],"picked":"Ball Lightning","floor":4.0},{"not_picked":["Multi-Cast","Gash"],"picked":"Cold Snap","floor":10.0},{"not_picked":["Double Energy","Gash"],"picked":"Steam","floor":12.0},{"not_picked":["Consume","Doom and Gloom"],"picked":"Go for the Eyes","floor":13.0},{"not_picked":["Streamline","Sweeping Beam"],"picked":"Coolheaded","floor":14.0},{"not_picked":["Stack","Scrape"],"picked":"Steam","floor":18.0},{"not_picked":["BootSequence","Sweeping Beam"],"picked":"Chill+1","floor":20.0},{"not_picked":["Rebound","Steam"],"picked":"Gash","floor":22.0},{"not_picked":["Fusion","Fission","Turbo"],"picked":"SKIP","floor":23.0},{"not_picked":["Self Repair","White Noise"],"picked":"Leap+1","floor":24.0},{"not_picked":["Melter","Turbo+1","Cold Snap"],"picked":"SKIP","floor":28.0},{"not_picked":["Double Energy+1","Go for the Eyes"],"picked":"Compile Driver","floor":30.0},{"not_picked":["Leap+1","Beam Cell","Recycle"],"picked":"SKIP","floor":31.0},{"not_picked":["Core Surge","Fission"],"picked":"All For One","floor":33.0},{"not_picked":["Redo","Cold Snap","Fusion"],"picked":"SKIP","floor":35.0},{"not_picked":["Compile Driver","Force Field"],"picked":"Steam","floor":39.0},{"not_picked":["BootSequence","Stack"],"picked":"Heatsinks","floor":40.0},{"not_picked":["Cold Snap","Heatsinks"],"picked":"Steam Power","floor":42.0},{"not_picked":["Darkness","Compile Driver"],"picked":"Gash+1","floor":44.0},{"not_picked":["Chaos+1","Ball Lightning"],"picked":"Capacitor+1","floor":46.0},{"not_picked":["Chaos","Cold Snap","Tempest"],"picked":"SKIP","floor":47.0},{"not_picked":["Beam Cell+1","Recycle"],"picked":"Gash","floor":48.0},{"not_picked":["Rebound","Recycle"],"picked":"Reboot","floor":55}],"player_experience":1560814,"relics_obtained":[{"floor":9.0,"key":"Kunai"},{"floor":10.0,"key":"The Courier"},{"floor":13.0,"key":"Peace Pipe"},{"floor":23.0,"key":"Mummified Hand"},{"floor":26.0,"key":"Smiling Mask"},{"floor":28.0,"key":"Potion Belt"},{"floor":31.0,"key":"Blue Candle"},{"floor":40.0,"key":"Ancient Tea Set"},{"floor":42.0,"key":"Cables"},{"floor":43.0,"key":"Mercury Hourglass"},{"floor":46.0,"key":"Emotion Chip"},{"floor":47.0,"key":"Oddly Smooth Stone"},{"floor":48.0,"key":"Turnip"},{"floor":55,"key":"Strawberry"}],"event_choices":[{"cards_removed":["Strike_B"],"damage_healed":0.0,"max_hp_gain":0.0,"max_hp_loss":0.0,"gold_gain":0.0,"event_name":"The Cleric","player_choice":"Card Removal","floor":2.0,"gold_loss":75.0,"damage_taken":0.0},{"damage_healed":0.0,"max_hp_gain":0.0,"max_hp_loss":0.0,"gold_gain":0.0,"event_name":"Shining Light","player_choice":"Entered Light","floor":6.0,"gold_loss":0.0,"damage_taken":21.0,"cards_upgraded":["Defend_B","Zap"]},{"damage_healed":0.0,"max_hp_gain":0.0,"max_hp_loss":0.0,"gold_gain":0.0,"event_name":"Living Wall","player_choice":"Grow","floor":7.0,"gold_loss":0.0,"damage_taken":0.0,"cards_upgraded":["Ball Lightning"]},{"damage_healed":0.0,"max_hp_gain":0.0,"max_hp_loss":0.0,"gold_gain":100.0,"event_name":"The Joust","player_choice":"Bet on Murderer","floor":19.0,"gold_loss":50.0,"damage_taken":0.0},{"damage_healed":0.0,"max_hp_gain":0.0,"max_hp_loss":0.0,"gold_gain":0.0,"event_name":"Back to Basics","player_choice":"Simplicity","floor":27.0,"gold_loss":0.0,"damage_taken":0.0,"cards_upgraded":["Defend_B","Defend_B","Defend_B"]},{"cards_removed":["Double Energy"],"damage_healed":0.0,"max_hp_gain":0.0,"max_hp_loss":0.0,"gold_gain":0.0,"event_name":"Falling","player_choice":"Removed Skill","floor":36.0,"gold_loss":0.0,"damage_taken":0.0},{"damage_healed":0.0,"max_hp_gain":0.0,"max_hp_loss":0.0,"gold_gain":0.0,"event_name":"Tomb of Lord Red Mask","player_choice":"Paid","floor":38.0,"gold_loss":19.0,"damage_taken":0.0,"relics_obtained":["Red Mask"]},{"damage_healed":0.0,"max_hp_gain":0.0,"max_hp_loss":0.0,"gold_gain":0.0,"event_name":"Winding Halls","player_choice":"Embrace Madness","floor":45.0,"gold_loss":0.0,"damage_taken":13.0,"cards_obtained":["Madness","Madness"]},{"damage_healed":0.0,"max_hp_gain":0.0,"max_hp_loss":0.0,"gold_gain":0.0,"event_name":"MindBloom","player_choice":"Fight","floor":46.0,"gold_loss":0.0,"damage_taken":0.0},{"damage_healed":0.0,"max_hp_gain":0.0,"max_hp_loss":0.0,"gold_gain":0.0,"event_name":"Mysterious Sphere","player_choice":"Fight","floor":48.0,"gold_loss":0.0,"damage_taken":0.0}],"is_beta":true,"boss_relics":[{"not_picked":["Ectoplasm","Velvet Choker"],"picked":"Fusion Hammer"},{"not_picked":["Runic Dome","Tiny House"],"picked":"Astrolabe"}],"items_purged_floors":[5],"is_endless":false,"potions_floor_spawned":[3,13,14,18,20,28,31,35,44,47,48,55],"ascension_level":20}