{"gold_per_floor":[115,40,57,75,3,3,78,88,88,88,99,124,124,53,53,53],"floor_reached":16,"playtime":842,"items_purged":["Shame"],"score":150,"play_id":"bbf17676-eaad-4656-85f2-9e82406bcc8d","local_time":"20190311005218","is_ascension_mode":true,"campfire_choices":[{"data":"Blade Dance","floor":6,"key":"SMITH"},{"floor":10,"key":"REST"},{"floor":15,"key":"REST"}],"neow_cost":"CURSE","seed_source_timestamp":0,"circlet_count":0,"master_deck":["AscendersBane","Defend_G","Defend_G","Defend_G","Defend_G","Defend_G","Strike_G","Strike_G","Strike_G","Strike_G","Strike_G","Survivor","Neutralize","Prepared","Reflex","Blade Dance+1","Terror","Poisoned Stab","Dagger Throw","Backflip","Finisher"],"special_seed":0,"relics":["Ring of the Snake","Tingsha","Bottled Flame","Peace Pipe"],"potions_floor_usage":[12,12,16,16],"damage_taken":[{"damage":1.0,"enemies":"2 Louse","floor":1.0,"turns":4.0},{"damage":0.0,"enemies":"Cultist","floor":3.0,"turns":5.0},{"damage":5,"enemies":"Small Slimes","floor":4,"turns":3},{"damage":33,"enemies":"Exordium Thugs","floor":8,"turns":7},{"damage":4,"enemies":"Blue Slaver","floor":11,"turns":4},{"damage":32,"enemies":"3 Sentries","floor":12,"turns":7},{"damage":26,"enemies":"The Guardian","floor":16,"turns":15}],"seed_played":"-4007417494339605125","potions_obtained":[{"floor":1.0,"key":"SteroidPotion"},{"floor":8,"key":"FearPotion"},{"floor":13,"key":"SmokeBomb"},{"floor":13,"key":"EssenceOfSteel"},{"floor":13,"key":"Dexterity Potion"}],"is_trial":false,"path_per_floor":["M","$","M","M","$","R","?","M","T","R","M","E","?","$","R","B"],"character_chosen":"THE_SILENT","items_purchased":["Terror","Finisher"],"campfire_rested":2,"item_purchase_floors":[5,14],"current_hp_per_floor":[62,62,62,57,57,57,50,17,17,38,34,2,2,2,23,0],"gold":53,"neow_bonus":"ONE_RARE_RELIC","is_prod":false,"is_daily":false,"chose_seed":false,"campfire_upgraded":1,"win_rate":0,"timestamp":1552279938,"path_taken":["M","$","M","M","$","R","?","M","T","R","?","E","?","?","R","BOSS"],"build_version":"2019-01-23","purchased_purges":1,"victory":false,"max_hp_per_floor":[70,70,70,70,70,70,70,70,70,70,70,70,70,70,70,70],"card_choices":[{"not_picked":["Blade Dance","Bane"],"picked":"Prepared","floor":1.0},{"not_picked":["Dodge and Roll","Catalyst"],"picked":"Reflex","floor":3.0},{"not_picked":["Dagger Spray","Flying Knee"],"picked":"Blade Dance","floor":4},{"not_picked":["Bouncing Flask","Deadly Poison"],"picked":"Poisoned Stab","floor":8},{"not_picked":["Deflect","Terror"],"picked":"Dagger Throw","floor":11},{"not_picked":["Slice","Skewer"],"picked":"Backflip","floor":12}],"player_experience":2383279,"relics_obtained":[{"floor":9,"key":"Bottled Flame"},{"floor":12,"key":"Peace Pipe"}],"event_choices":[{"damage_healed":0,"gold_gain":75,"player_choice":"Touch","damage_taken":7,"max_hp_gain":0,"max_hp_loss":0,"event_name":"FaceTrader","floor":7,"gold_loss":0},{"damage_healed":0,"gold_gain":0,"player_choice":"Got Potions","damage_taken":0,"max_hp_gain":0,"max_hp_loss":0,"event_name":"Lab","floor":13,"gold_loss":0}],"is_beta":false,"boss_relics":[],"items_purged_floors":[2],"is_endless":false,"potions_floor_spawned":[1,8],"killed_by":"The Guardian","ascension_level":10}