{"gold_per_floor":[114,129,181,181,22,22,52,327,327,327,357,372,372,372,372,497,497,516,535,535,554,213,213,232,270,270,289,327,327,327,10,10,10],"floor_reached":33,"playtime":2898,"items_purged":[],"score":341,"play_id":"8b805d5a-e161-40f0-96df-6fc824f9c5b2","local_time":"20190405231239","daily_mods":["SealedDeck","Red Cards","Lethality"],"is_ascension_mode":false,"campfire_choices":[{"data":"1","floor":6,"key":"LIFT"},{"data":"2","floor":10,"key":"LIFT"},{"data":"3","floor":15,"key":"LIFT"},{"data":"True Grit","floor":23,"key":"SMITH"},{"data":"Ghostly","floor":32,"key":"SMITH"}],"neow_cost":"","seed_source_timestamp":0,"circlet_count":0,"master_deck":["Rage","Shrug It Off","Darkness","Doom and Gloom","Cold Snap","Flame Barrier","Ball Lightning","Uppercut","Cold Snap","Capacitor","Anger","True Grit+1","Metallicize","Tempest","Leap","Machine Learning","Regret","Ball Lightning","Disarm","Injury","Electrodynamics","Battle Trance","Conserve Battery+1","RitualDagger","Coolheaded","Bandage Up","Doom and Gloom+1","Armaments+1","Go for the Eyes","Ghostly+1","Ghostly","Ghostly","Ghostly","Ghostly","Leap","Swift Strike","Headbutt"],"special_seed":17992,"relics":["Cracked Core","Girya","Ancient Tea Set","Pear","DataDisk","Golden Idol","Oddly Smooth Stone","White Beast Statue","Potion Belt","Anchor","Letter Opener","Ginger","Vajra"],"potions_floor_usage":[21,24,25,28,28,33,33],"damage_taken":[{"damage":7.0,"enemies":"Small Slimes","floor":1.0,"turns":2.0},{"damage":0.0,"enemies":"2 Louse","floor":2.0,"turns":2.0},{"damage":28,"enemies":"3 Sentries","floor":7,"turns":4},{"damage":20,"enemies":"Lagavulin","floor":11,"turns":4},{"damage":2,"enemies":"Cultist","floor":12,"turns":3},{"damage":22,"enemies":"The Guardian","floor":16,"turns":8},{"damage":22,"enemies":"Chosen","floor":18,"turns":4},{"damage":3,"enemies":"3 Byrds","floor":19,"turns":2},{"damage":15,"enemies":"Centurion and Healer","floor":21,"turns":6},{"damage":0,"enemies":"Snecko","floor":24,"turns":4},{"damage":20,"enemies":"Slavers","floor":25,"turns":6},{"damage":13,"enemies":"Snake Plant","floor":27,"turns":4},{"damage":13,"enemies":"Gremlin Leader","floor":28,"turns":6},{"damage":59,"enemies":"Automaton","floor":33,"turns":8}],"seed_played":"-540605378630544762","potions_obtained":[{"floor":1.0,"key":"FairyPotion"},{"floor":11,"key":"Ancient Potion"},{"floor":18,"key":"Poison Potion"},{"floor":19,"key":"PowerPotion"},{"floor":21,"key":"Strength Potion"},{"floor":24,"key":"SteroidPotion"},{"floor":25,"key":"Explosive Potion"},{"floor":27,"key":"Ancient Potion"},{"floor":28,"key":"SkillPotion"}],"is_trial":false,"path_per_floor":["M","M","?","?","$","R","E","?","T","R","E","M","?","T","R","B",null,"M","M","?","M","$","R","M","E","T","M","E","?","?","$","R","B"],"character_chosen":"DEFECT","items_purchased":["Metallicize","Tempest","Leap","Coolheaded","Potion Belt","Energy Potion","Bandage Up","Vajra","Leap","Swift Strike","Headbutt"],"campfire_rested":0,"item_purchase_floors":[5,5,5,22,22,22,22,31,31,31,31],"current_hp_per_floor":[68,68,68,61,61,61,33,33,43,43,23,21,21,21,21,8,85,63,60,54,39,39,39,43,27,27,18,9,9,52,52,52,0],"gold":10,"neow_bonus":"","is_prod":false,"is_daily":true,"chose_seed":false,"campfire_upgraded":2,"win_rate":0,"timestamp":1554520359,"path_taken":["M","M","?","?","$","R","E","?","T","R","E","?","?","?","R","BOSS","M","M","?","M","$","R","M","E","T","M","E","?","?","$","R","BOSS"],"build_version":"2019-01-23","purchased_purges":0,"victory":false,"max_hp_per_floor":[75,75,75,75,75,75,75,75,85,85,85,85,85,85,85,85,85,85,85,85,85,85,85,85,85,85,85,85,42,52,52,52,52],"card_choices":[{"not_picked":["Clash","Burning Pact"],"picked":"Anger","floor":1.0},{"not_picked":["Headbutt","Flex"],"picked":"True Grit","floor":2.0},{"not_picked":["Reprogram","Cold Snap"],"picked":"Machine Learning","floor":7},{"not_picked":["Turbo","Infernal Blade"],"picked":"Ball Lightning","floor":11},{"not_picked":["Steam","Blood for Blood"],"picked":"Disarm","floor":12},{"not_picked":["Biased Cognition","Dark Embrace"],"picked":"Electrodynamics","floor":16},{"not_picked":["Gash","Aggregate+1"],"picked":"Battle Trance","floor":18},{"not_picked":["Sweeping Beam","Twin Strike+1"],"picked":"Conserve Battery+1","floor":19},{"not_picked":["Double Energy","Headbutt","Rebound+1"],"picked":"SKIP","floor":21},{"not_picked":["Double Energy","Shrug It Off"],"picked":"Impervious","floor":24},{"not_picked":["Heatsinks","Carnage+1"],"picked":"Doom and Gloom+1","floor":25},{"not_picked":["Clothesline+1","White Noise"],"picked":"Armaments+1","floor":27},{"not_picked":["Clash","Redo"],"picked":"Go for the Eyes","floor":28}],"player_experience":999164,"relics_obtained":[{"floor":7,"key":"Ancient Tea Set"},{"floor":9,"key":"Pear"},{"floor":11,"key":"DataDisk"},{"floor":14,"key":"Oddly Smooth Stone"},{"floor":25,"key":"Anchor"},{"floor":26,"key":"Letter Opener"},{"floor":28,"key":"Ginger"}],"event_choices":[{"damage_healed":0,"gold_gain":52,"player_choice":"Gained Gold","damage_taken":0,"max_hp_gain":0,"max_hp_loss":0,"event_name":"Golden Wing","floor":3,"gold_loss":0},{"damage_healed":0,"gold_gain":0,"player_choice":"Success","damage_taken":7,"relics_obtained":["Girya"],"max_hp_gain":0,"max_hp_loss":0,"event_name":"Scrap Ooze","floor":4,"gold_loss":0},{"damage_healed":0,"gold_gain":275,"player_choice":"Desecrate","damage_taken":0,"max_hp_gain":0,"max_hp_loss":0,"event_name":"Golden Shrine","floor":8,"gold_loss":0,"cards_obtained":["Regret"]},{"damage_healed":0,"gold_gain":0,"player_choice":"Take Wound","damage_taken":0,"relics_obtained":["Golden Idol"],"max_hp_gain":0,"max_hp_loss":0,"event_name":"Golden Idol","floor":13,"gold_loss":0,"cards_obtained":["Injury"]},{"damage_healed":0,"gold_gain":0,"player_choice":"Joined the Cult","damage_taken":6,"max_hp_gain":0,"max_hp_loss":0,"event_name":"Nest","floor":20,"gold_loss":0,"cards_obtained":["RitualDagger"]},{"damage_healed":0,"gold_gain":0,"player_choice":"Became a Ghost","damage_taken":0,"max_hp_gain":0,"max_hp_loss":43,"event_name":"Ghosts","floor":29,"gold_loss":0,"cards_obtained":["Ghostly","Ghostly","Ghostly","Ghostly","Ghostly"]},{"cards_removed":["Impervious"],"damage_healed":33,"gold_gain":0,"player_choice":"Offered Rare","damage_taken":0,"max_hp_gain":10,"max_hp_loss":0,"event_name":"Bonfire Elementals","floor":30,"gold_loss":0}],"is_beta":false,"boss_relics":[{"not_picked":["Cursed Key","Ectoplasm"],"picked":"White Beast Statue"}],"items_purged_floors":[],"is_endless":false,"potions_floor_spawned":[1,11,18,19,21,24,25,27,28],"killed_by":"Automaton","ascension_level":0}