{"path_per_floor":["M","M","?","$","?","R","M","E","T","R","$","M","E","$","R"],"character_chosen":"THE_SILENT","items_purchased":["Backflip","Caltrops"],"gold_per_floor":[115,130,130,6,6,6,22,51,51,51,15,29,60,60,60,60],"floor_reached":16,"campfire_rested":0,"playtime":1011,"item_purchase_floors":[4,11],"current_hp_per_floor":[35,35,35,35,58,58,58,50,50,50,50,52,40,40,40,0],"items_purged":["Defend_G"],"gold":60,"score":124,"play_id":"0ebbae52-3e96-4678-ac41-aba154784c9c","local_time":"20180606112444","is_prod":false,"is_daily":false,"chose_seed":false,"is_ascension_mode":true,"campfire_upgraded":3,"win_rate":0,"timestamp":1528277084,"campfire_choices":[{"data":"Neutralize","floor":6,"key":"SMITH"},{"data":"Dagger Throw","floor":10,"key":"SMITH"},{"data":"Backflip","floor":15,"key":"SMITH"}],"path_taken":["M","M","?","$","?","R","?","E","T","R","$","?","E","?","R","BOSS"],"build_version":"2018-05-31","seed_source_timestamp":1776381065073414,"purchased_purges":1,"victory":false,"master_deck":["Defend_G","Defend_G","Defend_G","Strike_G","Strike_G","Strike_G","Survivor","Neutralize+1","Dagger Throw+1","Slice","Backflip+1","Expertise","Backflip","Caltrops","Slice"],"max_hp_per_floor":[70,70,70,70,70,70,70,70,70,70,70,70,70,70,70,75],"relics":["Ring of the Snake","Meat on the Bone","Bird Faced Urn","Juzu Bracelet"],"card_choices":[{"not_picked":["Leg Sweep","Quick Slash"],"picked":"Dagger Throw","floor":1},{"not_picked":["All Out Attack","Sucker Punch"],"picked":"Slice","floor":2},{"not_picked":["Distraction","Dagger Throw"],"picked":"Expertise","floor":7},{"not_picked":["Setup","Footwork"],"picked":"Backflip","floor":8},{"not_picked":["Caltrops","Malaise"],"picked":"Slice","floor":12},{"not_picked":["Choke","Prepared","Skewer"],"picked":"SKIP","floor":13}],"player_experience":203777,"potions_floor_usage":[8,13,16],"damage_taken":[{"damage":0,"enemies":"2 Louse","floor":1,"turns":2},{"damage":0,"enemies":"Cultist","floor":2,"turns":3},{"damage":0,"enemies":"Jaw Worm","floor":7,"turns":3},{"damage":8,"enemies":"Gremlin Nob","floor":8,"turns":5},{"damage":0,"enemies":"Blue Slaver","floor":12,"turns":4},{"damage":12,"enemies":"Lagavulin","floor":13,"turns":8},{"damage":57,"enemies":"Slime Boss","floor":16,"turns":8}],"relics_obtained":[{"floor":8,"key":"Meat on the Bone"},{"floor":9,"key":"Bird Faced Urn"},{"floor":13,"key":"Juzu Bracelet"}],"event_choices":[{"event_name":"Purifier","player_choice":"One Purge","floor":3,"damage_taken":0},{"event_name":"Big Fish","player_choice":"Banana","floor":5,"damage_taken":0}],"boss_relics":[],"items_purged_floors":[4],"potions_floor_spawned":[1,2,8],"seed_played":"4895243598636459542","killed_by":"Slime Boss","ascension_level":3,"potions_obtained":[{"floor":1,"key":"Block Potion"},{"floor":2,"key":"Fruit Juice"},{"floor":8,"key":"EssenceOfSteel"}],"is_trial":false}