{"gold_per_floor":[109,123,135,135,146,177,177,204,229,253,134,134,151,212,212,307,307,323,283,303,303,323,341,341,341,365,379,379,408,427,458,458,560,560,571,587,610,656,462,496,509,534,561,561,561,561,128,128,128,128],"floor_reached":51,"playtime":2048,"items_purged":["Strike_R"],"score":915,"play_id":"d739dd61-2b36-459b-8b0b-928bf38a1d7a","local_time":"20190521020137","is_ascension_mode":false,"campfire_choices":[{"data":"Bash","floor":7,"key":"SMITH"},{"data":"Disarm","floor":15,"key":"SMITH"},{"floor":28,"key":"RECALL"},{"floor":32,"key":"REST"},{"floor":49,"key":"REST"}],"neow_cost":"NONE","seed_source_timestamp":22304279445000,"circlet_count":0,"master_deck":["Strike_R","Strike_R","Strike_R","Strike_R","Defend_R","Defend_R","Defend_R","Bash+1","Twin Strike","Shrug It Off","Perfected Strike","Feed","Anger","Inflame","Shrug It Off","Disarm+1","Inflame","Blind","Clothesline","Immolate+1","Bludgeon","True Grit","Shrug It Off","Necronomicurse","Ghostly Armor+1","Headbutt","Spot Weakness","Thunderclap+1","Armaments+1","Intimidate+1","Exhume","Armaments","Dark Shackles","Heavy Blade+1","Clothesline+1","Entrench","Writhe"],"relics":["Burning Blood","Smiling Mask","Potion Belt","Lantern","MawBank","Tiny Chest","Fusion Hammer","Necronomicon","Vajra","PreservedInsect","Mummified Hand","Happy Flower","Busted Crown","Juzu Bracelet","FossilizedHelix","Blood Vial","Gremlin Horn","Strawberry","Pear","Du-Vu Doll"],"potions_floor_usage":[6,6,8,8,38,40,41,50,50,50,50,50,50,50,50,50],"damage_taken":[{"damage":4,"enemies":"2 Louse","floor":1,"turns":3},{"damage":5,"enemies":"Small Slimes","floor":2,"turns":4},{"damage":1,"enemies":"Cultist","floor":3,"turns":3},{"damage":5,"enemies":"Looter","floor":5,"turns":4},{"damage":14,"enemies":"Gremlin Nob","floor":6,"turns":3},{"damage":11,"enemies":"3 Sentries","floor":8,"turns":6},{"damage":0,"enemies":"3 Louse","floor":10,"turns":2},{"damage":8,"enemies":"Exordium Thugs","floor":13,"turns":3},{"damage":12,"enemies":"Gremlin Nob","floor":14,"turns":4},{"damage":26,"enemies":"The Guardian","floor":16,"turns":13},{"damage":1,"enemies":"Chosen","floor":18,"turns":5},{"damage":10,"enemies":"Spheric Guardian","floor":20,"turns":3},{"damage":0,"enemies":"3 Cultists","floor":22,"turns":2},{"damage":0,"enemies":"Snecko","floor":23,"turns":2},{"damage":0,"enemies":"Centurion and Healer","floor":27,"turns":4},{"damage":0,"enemies":"Gremlin Leader","floor":29,"turns":4},{"damage":13,"enemies":"Shelled Parasite and Fungi","floor":30,"turns":6},{"damage":2,"enemies":"Book of Stabbing","floor":31,"turns":2},{"damage":29,"enemies":"Automaton","floor":33,"turns":10},{"damage":7,"enemies":"3 Darklings","floor":35,"turns":6},{"damage":9,"enemies":"3 Shapes","floor":36,"turns":3},{"damage":28,"enemies":"2 Orb Walkers","floor":38,"turns":4},{"damage":0,"enemies":"Giant Head","floor":40,"turns":4},{"damage":2,"enemies":"Sphere and 2 Shapes","floor":41,"turns":6},{"damage":0,"enemies":"Nemesis","floor":42,"turns":5},{"damage":22,"enemies":"Time Eater","floor":50,"turns":7}],"seed_played":"-3082816421842896362","potions_obtained":[{"floor":2,"key":"Explosive Potion"},{"floor":3,"key":"SkillPotion"},{"floor":5,"key":"Explosive Potion"},{"floor":6,"key":"Dexterity Potion"},{"floor":14,"key":"BloodPotion"},{"floor":18,"key":"GamblersBrew"},{"floor":20,"key":"Energy Potion"},{"floor":27,"key":"LiquidBronze"},{"floor":30,"key":"Strength Potion"},{"floor":36,"key":"Explosive Potion"},{"floor":38,"key":"Explosive Potion"},{"floor":40,"key":"SkillPotion"},{"floor":41,"key":"SteroidPotion"}],"is_trial":false,"path_per_floor":["M","M","M","?","M","E","R","E","T","M","$","?","M","E","R","B",null,"M","?","M","?","M","M","?","?","T","M","R","E","M","E","R","B",null,"M","M","T","?","$","E","M","E","T","T","?","?","$","?","R","B",null],"character_chosen":"IRONCLAD","items_purchased":["Inflame","Blind","EntropicBrew","Dark Shackles","GamblersBrew","Du-Vu Doll"],"campfire_rested":2,"item_purchase_floors":[11,11,39,39,47,47],"current_hp_per_floor":[80,80,80,55,59,54,54,49,49,58,58,63,64,61,61,44,103,103,103,99,83,92,98,98,98,98,107,107,109,105,109,112,92,115,114,111,111,89,89,98,108,116,123,133,139,139,139,139,139,123],"gold":128,"neow_bonus":"THREE_CARDS","is_prod":false,"is_daily":false,"chose_seed":false,"campfire_upgraded":2,"win_rate":1,"timestamp":1558429297,"path_taken":["M","M","M","?","M","E","R","E","T","M","$","?","M","E","R","BOSS","M","?","?","?","M","M","?","?","T","M","R","E","M","E","R","BOSS","M","M","?","?","$","E","M","E","T","?","?","?","?","?","R","BOSS"],"build_version":"2019-01-23","purchased_purges":1,"victory":true,"max_hp_per_floor":[80,80,80,80,83,86,86,86,86,89,89,94,97,100,100,103,103,103,103,103,103,106,106,106,106,106,109,109,109,112,112,112,115,115,115,115,115,115,115,118,122,122,129,139,139,139,139,139,139,139],"card_choices":[{"not_picked":["Reckless Charge","Warcry"],"picked":"Twin Strike","floor":0},{"not_picked":["Clash","Anger"],"picked":"Shrug It Off","floor":1},{"not_picked":["Rampage","Dual Wield"],"picked":"Perfected Strike","floor":2},{"not_picked":["Rampage","Metallicize"],"picked":"Feed","floor":3},{"not_picked":["Searing Blow","Clash"],"picked":"Anger","floor":5},{"not_picked":["Twin Strike","Armaments"],"picked":"Inflame","floor":6},{"not_picked":["Iron Wave","Rage"],"picked":"Shrug It Off","floor":8},{"not_picked":["Twin Strike","Pummel"],"picked":"Disarm","floor":10},{"not_picked":["Intimidate","Searing Blow"],"picked":"Clothesline","floor":13},{"not_picked":["Cleave","Flame Barrier"],"picked":"Immolate","floor":14},{"not_picked":["Barricade","Brutality"],"picked":"Bludgeon","floor":16},{"not_picked":["Body Slam+1","Warcry"],"picked":"True Grit","floor":18},{"not_picked":["Body Slam","Warcry"],"picked":"Shrug It Off","floor":20},{"not_picked":["Havoc","Heavy Blade+1"],"picked":"Ghostly Armor+1","floor":22},{"not_picked":["Pummel","Infernal Blade+1"],"picked":"Headbutt","floor":23},{"not_picked":["Havoc","Intimidate"],"picked":"Thunderclap+1","floor":27},{"not_picked":["Wild Strike","Rage","Fiend Fire"],"picked":"SKIP","floor":29},{"not_picked":["Battle Trance","Flex"],"picked":"Armaments+1","floor":30},{"not_picked":["Clash","Bloodletting+1"],"picked":"Intimidate+1","floor":31},{"not_picked":["Demon Form","Bludgeon"],"picked":"Exhume","floor":33},{"not_picked":[],"picked":"Armaments","floor":35},{"not_picked":["Twin Strike"],"picked":"SKIP","floor":36},{"not_picked":[],"picked":"Heavy Blade+1","floor":40},{"not_picked":[],"picked":"Clothesline+1","floor":41},{"not_picked":["Rage"],"picked":"SKIP","floor":42}],"player_experience":834411,"relics_obtained":[{"floor":6,"key":"Potion Belt"},{"floor":8,"key":"Lantern"},{"floor":9,"key":"MawBank"},{"floor":14,"key":"Tiny Chest"},{"floor":21,"key":"Necronomicon"},{"floor":26,"key":"PreservedInsect"},{"floor":29,"key":"Mummified Hand"},{"floor":31,"key":"Happy Flower"},{"floor":37,"key":"Juzu Bracelet"},{"floor":38,"key":"FossilizedHelix"},{"floor":40,"key":"Blood Vial"},{"floor":42,"key":"Gremlin Horn"},{"floor":43,"key":"Strawberry"},{"floor":44,"key":"Pear"}],"event_choices":[{"damage_healed":0,"gold_gain":0,"player_choice":"Success","damage_taken":25,"relics_obtained":["Smiling Mask"],"max_hp_gain":0,"max_hp_loss":0,"event_name":"Scrap Ooze","floor":4,"gold_loss":0},{"damage_healed":0,"gold_gain":0,"player_choice":"Donut","damage_taken":0,"max_hp_gain":5,"max_hp_loss":0,"event_name":"Big Fish","floor":12,"gold_loss":0},{"damage_healed":0,"gold_gain":0,"player_choice":"Upgrade","damage_taken":0,"max_hp_gain":0,"max_hp_loss":0,"event_name":"Designer","floor":19,"gold_loss":40,"cards_upgraded":["Immolate"]},{"damage_healed":0,"gold_gain":0,"player_choice":"Obtained Book","damage_taken":16,"max_hp_gain":0,"max_hp_loss":0,"event_name":"Cursed Tome","floor":21,"gold_loss":0},{"damage_healed":0,"gold_gain":0,"player_choice":"Read","damage_taken":0,"max_hp_gain":0,"max_hp_loss":0,"event_name":"The Library","floor":24,"gold_loss":0,"cards_obtained":["Spot Weakness"]},{"damage_healed":0,"gold_gain":0,"player_choice":"Gave Potion","damage_taken":0,"relics_obtained":["Vajra"],"max_hp_gain":0,"max_hp_loss":0,"event_name":"WeMeetAgain","floor":25,"gold_loss":0},{"damage_healed":0,"gold_gain":0,"player_choice":"Fight","damage_taken":0,"max_hp_gain":0,"max_hp_loss":0,"event_name":"Mysterious Sphere","floor":38,"gold_loss":0},{"damage_healed":6,"gold_gain":0,"player_choice":"Full Heal","damage_taken":0,"max_hp_gain":0,"max_hp_loss":0,"event_name":"Wheel of Change","floor":45,"gold_loss":0},{"damage_healed":0,"gold_gain":0,"cards_transformed":["Defend_R"],"player_choice":"Transformed","damage_taken":0,"max_hp_gain":0,"max_hp_loss":0,"event_name":"Transmorgrifier","floor":46,"gold_loss":0,"cards_obtained":["Entrench"]},{"damage_healed":35,"gold_gain":0,"player_choice":"Writhe","damage_taken":0,"max_hp_gain":0,"max_hp_loss":0,"event_name":"Winding Halls","floor":48,"gold_loss":0,"cards_obtained":["Writhe"]}],"is_beta":false,"boss_relics":[{"not_picked":["Eternal Feather","Lizard Tail"],"picked":"Fusion Hammer"},{"not_picked":["Runic Pyramid","Runic Cube"],"picked":"Busted Crown"}],"items_purged_floors":[47],"is_endless":false,"potions_floor_spawned":[2,3,5,6,14,18,20,27,30,36,38,40,41],"ascension_level":0}