{"gold_per_floor":[112,31,50,70,245,245,278,291,345,345,360,360],"floor_reached":12,"playtime":647,"items_purged":[],"score":100,"play_id":"3b9963ff-51ca-4c90-94a4-ee24c1b0f35a","local_time":"20190220164652","is_ascension_mode":true,"campfire_choices":[{"floor":6,"key":"REST"}],"neow_cost":"PERCENT_DAMAGE","seed_source_timestamp":167550333422900,"circlet_count":0,"master_deck":["Defend_G","Defend_G","Defend_G","Defend_G","Defend_G","Strike_G","Strike_G","Strike_G","Strike_G","Strike_G","Survivor","Neutralize","A Thousand Cuts","All Out Attack","Footwork","Catalyst","Bouncing Flask","Doubt","Acrobatics","Terror","Deadly Poison"],"relics":["Ring of the Snake","Sundial","Snake Skull"],"potions_floor_usage":[3,7],"damage_taken":[{"damage":11,"enemies":"2 Louse","floor":1,"turns":4},{"damage":0,"enemies":"Jaw Worm","floor":3,"turns":5},{"damage":4,"enemies":"Small Slimes","floor":4,"turns":4},{"damage":26,"enemies":"3 Sentries","floor":7,"turns":6},{"damage":13,"enemies":"Exordium Thugs","floor":8,"turns":4},{"damage":4,"enemies":"2 Fungi Beasts","floor":11,"turns":3},{"damage":18,"enemies":"Gremlin Nob","floor":12,"turns":2}],"seed_played":"1762878867432265083","potions_obtained":[{"floor":1,"key":"Energy Potion"},{"floor":4,"key":"FearPotion"}],"is_trial":false,"path_per_floor":["M","$","M","M","?","R","E","M","T","?","M","E"],"character_chosen":"THE_SILENT","items_purchased":["Footwork"],"campfire_rested":1,"item_purchase_floors":[2],"current_hp_per_floor":[38,38,38,34,34,55,29,16,16,16,12,0],"gold":360,"neow_bonus":"THREE_RARE_CARDS","is_prod":false,"is_daily":false,"chose_seed":false,"campfire_upgraded":0,"win_rate":0,"timestamp":1550699212,"path_taken":["M","$","M","M","?","R","E","M","T","?","M","E"],"build_version":"2019-01-23","purchased_purges":0,"victory":false,"max_hp_per_floor":[70,70,70,70,70,70,70,70,70,70,70,70],"card_choices":[{"not_picked":["Burst","Envenom"],"picked":"A Thousand Cuts","floor":0},{"not_picked":["Deflect","Dodge and Roll"],"picked":"All Out Attack","floor":1},{"not_picked":["Bane","Acrobatics"],"picked":"Catalyst","floor":3},{"not_picked":["Slice","All Out Attack"],"picked":"Bouncing Flask","floor":4},{"not_picked":["Poisoned Stab","Predator"],"picked":"Acrobatics","floor":7},{"not_picked":["Backstab","Riddle With Holes"],"picked":"Terror","floor":8},{"not_picked":["Underhanded Strike","Eviscerate"],"picked":"Deadly Poison","floor":11}],"player_experience":2187608,"relics_obtained":[{"floor":7,"key":"Sundial"},{"floor":9,"key":"Snake Skull"}],"event_choices":[{"damage_healed":0,"gold_gain":175,"player_choice":"AGREE","damage_taken":0,"max_hp_gain":0,"max_hp_loss":0,"event_name":"Liars Game","floor":5,"gold_loss":0,"cards_obtained":["Doubt"]},{"damage_healed":0,"gold_gain":0,"player_choice":"Fled","damage_taken":0,"max_hp_gain":0,"max_hp_loss":0,"event_name":"Scrap Ooze","floor":10,"gold_loss":0}],"is_beta":false,"boss_relics":[],"items_purged_floors":[],"is_endless":false,"potions_floor_spawned":[1,4],"killed_by":"Gremlin Nob","ascension_level":5}