{"path_per_floor":["M","M","?","$","M","E","R","$","T","M","M","?","?","M","R","B",null,"M","?","?","M","$","R","M","E","T","E","?","$","M","?","R","B",null,"M","M","$","M","$","R","E","?","T","M","R","M","?","$","R"],"character_chosen":"THE_SILENT","items_purchased":["Oddly Smooth Stone","Blur","Terror","Blur"],"gold_per_floor":[113,130,205,130,147,175,175,30,55,72,88,88,109,120,120,224,224,241,166,194,214,46,46,58,87,110,142,142,17,32,122,122,223,223,238,258,108,124,87,87,113,113,136,149,149,160,160,85,85,85],"floor_reached":50,"campfire_rested":2,"playtime":3564,"item_purchase_floors":[8,22,39,48],"current_hp_per_floor":[70,65,54,54,54,1,22,22,22,22,22,22,19,19,19,20,70,59,59,41,41,41,47,36,27,27,39,39,39,39,25,54,41,70,70,70,70,70,70,70,70,70,70,67,70,66,66,66,70,0],"items_purged":["Strike_G","Strike_G","Strike_G","Strike_G"],"gold":85,"score":672,"play_id":"bea7e3d9-a305-4b04-a348-6e51e0b18fce","local_time":"20180608015223","is_prod":false,"is_daily":false,"chose_seed":false,"is_ascension_mode":true,"campfire_upgraded":5,"win_rate":0,"timestamp":1528415543,"campfire_choices":[{"floor":7,"key":"REST"},{"data":"A Thousand Cuts","floor":15,"key":"SMITH"},{"data":"Footwork","floor":23,"key":"SMITH"},{"floor":32,"key":"REST"},{"data":"Infinite Blades","floor":40,"key":"SMITH"},{"data":"Backflip","floor":45,"key":"SMITH"},{"data":"Blur","floor":49,"key":"SMITH"}],"path_taken":["M","M","?","$","M","E","R","$","T","M","M","?","?","M","R","BOSS","M","?","?","M","$","R","M","E","T","E","?","$","?","?","R","BOSS","M","?","?","M","$","R","E","?","T","?","R","M","?","$","R","BOSS"],"build_version":"2018-05-31","seed_source_timestamp":0,"purchased_purges":4,"victory":false,"master_deck":["Defend_G","Defend_G","Defend_G","Defend_G","Defend_G","Survivor+1","Neutralize","Backstab","Doppelganger+1","Infinite Blades+1","A Thousand Cuts+1","Die Die Die","Slice+1","Footwork+1","Slice","Blur+1","Backflip+1","Adrenaline","Escape Plan","Infinite Blades+1","Slice+1","Dagger Throw+1","Terror","Dramatic Entrance","Blur"],"max_hp_per_floor":[70,70,70,70,70,70,70,70,70,70,70,70,70,70,70,70,70,70,70,70,70,70,70,70,70,70,70,70,70,70,70,70,70,70,70,70,70,70,70,70,70,70,70,70,70,70,70,70,70,75],"relics":["Ring of the Snake","Bronze Scales","War Paint","Oddly Smooth Stone","Pen Nib","Odd Mushroom","Eternal Feather","Red Mask","Meat on the Bone","Orichalcum","Ninja Scroll","Sozu","Bag of Marbles","Regal Pillow"],"card_choices":[{"not_picked":["Quick Slash","Slice","PiercingWail"],"picked":"SKIP","floor":1},{"not_picked":["Prepared","Slice"],"picked":"Backstab","floor":2},{"not_picked":["Cloak And Dagger","Catalyst"],"picked":"Doppelganger","floor":5},{"not_picked":["Heel Hook","Bullet Time","Bane"],"picked":"SKIP","floor":6},{"not_picked":["Deadly Poison","Concentrate"],"picked":"Setup","floor":10},{"not_picked":["Deadly Poison","Crippling Poison"],"picked":"Infinite Blades","floor":11},{"not_picked":["Escape Plan","Sucker Punch","Deflect"],"picked":"SKIP","floor":14},{"not_picked":["Venomology","Wraith Form v2"],"picked":"Die Die Die","floor":16},{"not_picked":["Dagger Throw","Escape Plan"],"picked":"Slice+1","floor":18},{"not_picked":["Blade Dance","Acrobatics"],"picked":"Footwork","floor":20},{"not_picked":["Quick Slash","Skewer+1"],"picked":"Slice","floor":21},{"not_picked":["Riddle With Holes","Prepared+1"],"picked":"Backflip","floor":24},{"not_picked":["Poisoned Stab","Dodge and Roll+1"],"picked":"Adrenaline","floor":25},{"not_picked":["Expertise","Prepared"],"picked":"Escape Plan","floor":27},{"not_picked":["Deflect+1","Deadly Poison"],"picked":"Infinite Blades+1","floor":30},{"not_picked":["Bane+1","PiercingWail+1"],"picked":"Slice+1","floor":35},{"not_picked":["Deflect+1","Concentrate+1"],"picked":"Dagger Throw+1","floor":36},{"not_picked":["Dagger Spray+1","Flying Knee","Sucker Punch"],"picked":"SKIP","floor":38},{"not_picked":["Poisoned Stab","Flying Knee","Sucker Punch+1"],"picked":"SKIP","floor":41},{"not_picked":["Swift Strike","Madness"],"picked":"Dramatic Entrance","floor":42},{"not_picked":["Bane+1","Cloak And Dagger","Poisoned Stab"],"picked":"SKIP","floor":44},{"not_picked":["Escape Plan+1","Backflip+1","Deadly Poison"],"picked":"SKIP","floor":46}],"player_experience":244275,"potions_floor_usage":[6,16,24,27,33,33,50],"damage_taken":[{"damage":0,"enemies":"2 Louse","floor":1,"turns":3},{"damage":5,"enemies":"Small Slimes","floor":2,"turns":3},{"damage":0,"enemies":"Cultist","floor":5,"turns":3},{"damage":53,"enemies":"Lagavulin","floor":6,"turns":13},{"damage":0,"enemies":"3 Louse","floor":10,"turns":3},{"damage":0,"enemies":"Looter","floor":11,"turns":3},{"damage":3,"enemies":"The Mushroom Lair","floor":13,"turns":4},{"damage":0,"enemies":"Large Slime","floor":14,"turns":6},{"damage":14,"enemies":"The Guardian","floor":16,"turns":13},{"damage":11,"enemies":"Shell Parasite","floor":18,"turns":7},{"damage":18,"enemies":"Masked Bandits","floor":20,"turns":4},{"damage":0,"enemies":"3 Byrds","floor":21,"turns":4},{"damage":11,"enemies":"Slaver and Parasite","floor":24,"turns":8},{"damage":9,"enemies":"Gremlin Leader","floor":25,"turns":8},{"damage":0,"enemies":"Slavers","floor":27,"turns":3},{"damage":0,"enemies":"Sentry and Sphere","floor":30,"turns":3},{"damage":13,"enemies":"Collector","floor":33,"turns":10},{"damage":0,"enemies":"3 Shapes","floor":35,"turns":4},{"damage":0,"enemies":"Orb Walker","floor":36,"turns":3},{"damage":0,"enemies":"Sphere and 2 Shapes","floor":38,"turns":4},{"damage":0,"enemies":"Nemesis","floor":41,"turns":5},{"damage":3,"enemies":"3 Darklings","floor":44,"turns":3},{"damage":4,"enemies":"4 Shapes","floor":46,"turns":3},{"damage":92,"enemies":"Time Eater","floor":50,"turns":11}],"relics_obtained":[{"floor":6,"key":"War Paint"},{"floor":9,"key":"Pen Nib"},{"floor":13,"key":"Odd Mushroom"},{"floor":20,"key":"Red Mask"},{"floor":25,"key":"Meat on the Bone"},{"floor":26,"key":"Orichalcum"},{"floor":27,"key":"Ninja Scroll"},{"floor":41,"key":"Bag of Marbles"},{"floor":43,"key":"Regal Pillow"}],"event_choices":[{"event_name":"World of Goop","player_choice":"Gather Gold","floor":3,"damage_taken":0},{"event_name":"Transmorgrifier","player_choice":"Transform","floor":12,"damage_taken":0},{"event_name":"Mushrooms","player_choice":"Fought Mushrooms","floor":13,"damage_taken":0},{"event_name":"Beggar","player_choice":"Gave Gold","floor":19,"damage_taken":0},{"event_name":"Masked Bandits","player_choice":"Fought over 166 gold","floor":20,"damage_taken":0},{"event_name":"Vampires","player_choice":"Ignored","floor":28,"damage_taken":0},{"event_name":"Knowing Skull","player_choice":"GOLD ","floor":31,"damage_taken":0},{"event_name":"SensoryStone","player_choice":"Memory 1","floor":42,"damage_taken":0},{"event_name":"Accursed Blacksmith","player_choice":"Ignore","floor":47,"damage_taken":0}],"boss_relics":[{"not_picked":["Pandora\u0027s Box","Calling Bell"],"picked":"Eternal Feather"},{"not_picked":["Runic Pyramid","Cursed Key"],"picked":"Sozu"}],"items_purged_floors":[4,22,29,37],"potions_floor_spawned":[5,13,16,20,21,25,33,35,41,44],"seed_played":"5403990113243327419","killed_by":"Time Eater","ascension_level":4,"potions_obtained":[{"floor":5,"key":"Ancient Potion"},{"floor":13,"key":"Regen Potion"},{"floor":16,"key":"Strength Potion"},{"floor":20,"key":"Energy Potion"},{"floor":21,"key":"GamblersBrew"},{"floor":25,"key":"AttackPotion"},{"floor":33,"key":"Fruit Juice"}],"is_trial":false}