{"gold_per_floor":[119,136,87,100,100,133,144,169,169,169,200,150,162,8,8,112,112,131,143,143,172,172,172],"floor_reached":23,"playtime":2660,"items_purged":[],"score":318,"play_id":"af0794bc-e58c-4137-9fe7-a453e6b13ec7","local_time":"20190506223234","is_ascension_mode":true,"campfire_choices":[{"data":"Zap","floor":10.0,"key":"SMITH"},{"floor":15,"key":"REST"}],"neow_cost":"NONE","seed_source_timestamp":1212891987865907,"circlet_count":0,"master_deck":["AscendersBane","Strike_B","Strike_B","Strike_B","Defend_B","Defend_B","Defend_B","Defend_B","Zap+1","Dualcast","Coolheaded","Streamline","Steam","Genetic Algorithm","Rebound","Beam Cell","Steam","Defragment","Defragment"],"special_seed":0,"relics":["FrozenCore","NeowsBlessing","DataDisk","Mummified Hand","PreservedInsect","Oddly Smooth Stone","Red Mask"],"potions_floor_usage":[16,16,21,23],"damage_taken":[{"damage":0.0,"enemies":"Cultist","floor":1.0,"turns":1.0},{"damage":0.0,"enemies":"Jaw Worm","floor":2.0,"turns":1.0},{"damage":0.0,"enemies":"2 Louse","floor":4.0,"turns":1.0},{"damage":26.0,"enemies":"Gremlin Nob","floor":6.0,"turns":5.0},{"damage":8.0,"enemies":"Blue Slaver","floor":7.0,"turns":3.0},{"damage":17.0,"enemies":"Lagavulin","floor":11.0,"turns":6.0},{"damage":0.0,"enemies":"Large Slime","floor":13.0,"turns":5.0},{"damage":3,"enemies":"The Guardian","floor":16,"turns":13},{"damage":0,"enemies":"Chosen","floor":18,"turns":5},{"damage":3,"enemies":"Spheric Guardian","floor":19,"turns":8},{"damage":37,"enemies":"Masked Bandits","floor":21,"turns":8},{"damage":27,"enemies":"Gremlin Leader","floor":23,"turns":5}],"seed_played":"4465912967366392132","potions_obtained":[{"floor":2.0,"key":"GamblersBrew"},{"floor":4.0,"key":"Swift Potion"},{"floor":13.0,"key":"Strength Potion"},{"floor":16,"key":"Weak Potion"},{"floor":18,"key":"SkillPotion"},{"floor":19,"key":"Swift Potion"},{"floor":21,"key":"AttackPotion"}],"is_trial":false,"path_per_floor":["M","M","$","M","?","E","M","T","T","R","E","?","M","$","R","B",null,"M","M","?","?","?","E"],"character_chosen":"DEFECT","items_purchased":["Steam","Oddly Smooth Stone"],"campfire_rested":1,"item_purchase_floors":[3,14],"current_hp_per_floor":[68,68,68,68,61,35,27,27,27,27,10,10,10,10,32,29,64,64,61,61,24,24,0],"gold":172,"neow_bonus":"THREE_ENEMY_KILL","is_prod":false,"is_daily":false,"chose_seed":false,"campfire_upgraded":1,"win_rate":0,"timestamp":1557207154,"path_taken":["M","M","?","M","?","E","M","?","T","R","E","?","M","$","R","BOSS","M","M","?","?","?","E"],"build_version":"2019-01-23","purchased_purges":0,"victory":false,"max_hp_per_floor":[75,75,75,75,75,75,75,75,75,75,75,75,75,75,75,75,75,75,75,75,75,75,75],"card_choices":[{"not_picked":["Redo","Lockon"],"picked":"Coolheaded","floor":1.0},{"not_picked":["Conserve Battery","Compile Driver"],"picked":"Streamline","floor":2.0},{"not_picked":["Beam Cell","Undo"],"picked":"Genetic Algorithm","floor":4.0},{"not_picked":["Darkness","Reboot"],"picked":"Rebound","floor":6.0},{"not_picked":["Double Energy","Compile Driver"],"picked":"Beam Cell","floor":7.0},{"not_picked":["Barrage","Skim"],"picked":"Steam","floor":11.0},{"not_picked":["Barrage","Steam"],"picked":"Defragment","floor":13.0},{"not_picked":["Stack","Beam Cell","Sweeping Beam"],"picked":"SKIP","floor":18},{"not_picked":["Lockon","Darkness","Leap"],"picked":"SKIP","floor":19}],"player_experience":631288,"relics_obtained":[{"floor":6.0,"key":"DataDisk"},{"floor":9.0,"key":"Mummified Hand"},{"floor":11.0,"key":"PreservedInsect"},{"floor":21,"key":"Red Mask"}],"event_choices":[{"cards_removed":["Strike_B"],"damage_healed":0.0,"max_hp_gain":0.0,"max_hp_loss":0.0,"gold_gain":0.0,"event_name":"Golden Wing","player_choice":"Card Removal","floor":5.0,"gold_loss":0.0,"damage_taken":7.0},{"damage_healed":0.0,"max_hp_gain":0.0,"max_hp_loss":0.0,"gold_gain":0.0,"event_name":"World of Goop","player_choice":"Left Gold","floor":12.0,"gold_loss":50.0,"damage_taken":0.0},{"damage_healed":0,"gold_gain":0,"player_choice":"Read","damage_taken":0,"max_hp_gain":0,"max_hp_loss":0,"event_name":"The Library","floor":20,"gold_loss":0,"cards_obtained":["Defragment"]},{"damage_healed":0,"gold_gain":0,"player_choice":"Fought Bandits","damage_taken":0,"max_hp_gain":0,"max_hp_loss":0,"event_name":"Masked Bandits","floor":21,"gold_loss":0},{"damage_healed":0,"gold_gain":0,"player_choice":"Ignored","damage_taken":0,"max_hp_gain":0,"max_hp_loss":0,"event_name":"Cursed Tome","floor":22,"gold_loss":0}],"is_beta":false,"boss_relics":[{"not_picked":["White Beast Statue","Inserter"],"picked":"FrozenCore"}],"items_purged_floors":[],"is_endless":false,"potions_floor_spawned":[2,4,7,13,16,18,19,21],"killed_by":"Gremlin Leader","ascension_level":12}