{"gold_per_floor":[109,184,203,216,366,366,291,291,341,50,75,49,324,350,350,422,422,436,455,472,472],"floor_reached":21,"playtime":1126,"items_purged":["Decay"],"score":382,"play_id":"28d4ff50-d750-479a-8ad4-ff0562a49802","local_time":"20190501190026","is_ascension_mode":true,"campfire_choices":[{"data":"Defragment","floor":6,"key":"SMITH"},{"data":"Zap","floor":8,"key":"SMITH"},{"data":"Apotheosis","floor":15,"key":"SMITH"}],"neow_cost":"CURSE","seed_source_timestamp":1214554030723900,"circlet_count":0,"master_deck":["AscendersBane","Strike_B","Strike_B","Defend_B","Defend_B","Defend_B","Defend_B","Zap+1","Dualcast","Defragment+1","Seek","Conserve Battery","Cold Snap","Barrage","Apotheosis+1","Fusion","Go for the Eyes","Regret","Core Surge","Seek","Chill","Compile Driver","Static Discharge"],"relics":["Cracked Core","Art of War","Matryoshka","Lantern","Eternal Feather"],"potions_floor_usage":[16,16,20],"damage_taken":[{"damage":0,"enemies":"Small Slimes","floor":1,"turns":3},{"damage":2,"enemies":"2 Louse","floor":3,"turns":5},{"damage":5,"enemies":"Cultist","floor":4,"turns":4},{"damage":6,"enemies":"3 Sentries","floor":11,"turns":7},{"damage":3,"enemies":"Lagavulin","floor":14,"turns":8},{"damage":29,"enemies":"The Guardian","floor":16,"turns":12},{"damage":22,"enemies":"Chosen","floor":18,"turns":5},{"damage":13,"enemies":"3 Byrds","floor":19,"turns":4},{"damage":13,"enemies":"Shelled Parasite and Fungi","floor":20,"turns":6},{"damage":7,"enemies":"3 Cultists","floor":21,"turns":3}],"seed_played":"4246956298144198387","potions_obtained":[{"floor":1,"key":"Strength Potion"},{"floor":3,"key":"Strength Potion"},{"floor":11,"key":"EssenceOfSteel"},{"floor":19,"key":"Weak Potion"},{"floor":20,"key":"LiquidBronze"}],"is_trial":false,"path_per_floor":["M","?","M","M","?","R","?","R","T","$","E","$","?","E","R","B",null,"M","M","M","M"],"character_chosen":"DEFECT","items_purchased":["Apotheosis","Go for the Eyes"],"campfire_rested":0,"item_purchase_floors":[10,12],"current_hp_per_floor":[64,53,51,46,46,46,46,46,46,46,40,40,40,37,37,8,55,33,20,7,0],"gold":472,"neow_bonus":"TRANSFORM_TWO_CARDS","is_prod":false,"is_daily":false,"chose_seed":false,"campfire_upgraded":3,"win_rate":0,"timestamp":1556751626,"path_taken":["M","?","M","M","?","R","?","R","T","$","E","$","?","E","R","BOSS","M","M","?","M"],"build_version":"2019-01-23","purchased_purges":1,"victory":false,"max_hp_per_floor":[71,71,71,71,71,71,71,71,71,71,71,71,71,71,71,71,71,71,71,71,71],"card_choices":[{"not_picked":["Rip and Tear","Turbo"],"picked":"Conserve Battery","floor":1},{"not_picked":["Gash","Recycle"],"picked":"Cold Snap","floor":3},{"not_picked":["Auto Shields","Rebound"],"picked":"Barrage","floor":4},{"not_picked":["Barrage","Gash"],"picked":"Fusion","floor":11},{"not_picked":["Recycle","Hologram"],"picked":"Core Surge","floor":14},{"not_picked":["Meteor Strike","Fission"],"picked":"Seek","floor":16},{"not_picked":["Go for the Eyes","Double Energy"],"picked":"Chill","floor":18},{"not_picked":["Beam Cell","Hello World"],"picked":"Compile Driver","floor":19},{"not_picked":["Hologram","Skim"],"picked":"Static Discharge","floor":20}],"player_experience":2866640,"relics_obtained":[{"floor":9,"key":"Art of War"},{"floor":11,"key":"Matryoshka"},{"floor":14,"key":"Lantern"}],"event_choices":[{"damage_healed":0,"gold_gain":75,"player_choice":"Gather Gold","damage_taken":11,"max_hp_gain":0,"max_hp_loss":0,"event_name":"World of Goop","floor":2,"gold_loss":0},{"damage_healed":0,"gold_gain":150,"player_choice":"AGREE","damage_taken":0,"max_hp_gain":0,"max_hp_loss":0,"event_name":"Liars Game","floor":5,"gold_loss":0,"cards_obtained":["Doubt"]},{"cards_removed":["Doubt"],"damage_healed":0,"gold_gain":0,"player_choice":"Card Removal","damage_taken":0,"max_hp_gain":0,"max_hp_loss":0,"event_name":"The Cleric","floor":7,"gold_loss":75},{"damage_healed":0,"gold_gain":275,"player_choice":"Desecrate","damage_taken":0,"max_hp_gain":0,"max_hp_loss":0,"event_name":"Golden Shrine","floor":13,"gold_loss":0,"cards_obtained":["Regret"]}],"is_beta":false,"boss_relics":[{"not_picked":["Runic Dome","Orrery"],"picked":"Eternal Feather"}],"items_purged_floors":[10],"is_endless":false,"potions_floor_spawned":[1,3,11,14,19,20],"killed_by":"3 Cultists","ascension_level":16}