{"gold_per_floor":[118,129,80,160,176,202,212,245,245,275,321,288,300,312,324,336],"floor_reached":16,"playtime":875,"items_purged":[],"score":196,"play_id":"73b55721-cd12-4787-9835-6820fc96cece","local_time":"20181229122420","is_ascension_mode":true,"campfire_choices":[{"floor":15,"key":"REST"}],"neow_cost":"NONE","seed_source_timestamp":84507055468733,"circlet_count":0,"master_deck":["Defend_G","Defend_G","Defend_G","Defend_G","Defend_G","Strike_G","Strike_G","Strike_G","Strike_G","Strike_G","Survivor","Neutralize","Backstab","Cloak And Dagger","Dagger Spray","Backflip","After Image","Noxious Fumes","Infinite Blades","Quick Slash","Cloak And Dagger"],"relics":["Philosopher\u0027s Stone","StoneCalendar","Lantern","MawBank","Question Card","Golden Idol","Calipers"],"potions_floor_usage":[6,6,6,6,8,11,16],"damage_taken":[{"damage":11,"enemies":"Jaw Worm","floor":1,"turns":7},{"damage":0,"enemies":"2 Louse","floor":2,"turns":3},{"damage":0,"enemies":"Small Slimes","floor":5,"turns":3},{"damage":0,"enemies":"3 Sentries","floor":6,"turns":4},{"damage":15,"enemies":"3 Louse","floor":7,"turns":3},{"damage":14,"enemies":"Lagavulin","floor":8,"turns":7},{"damage":0,"enemies":"Blue Slaver","floor":10,"turns":3},{"damage":12,"enemies":"Gremlin Nob","floor":11,"turns":4},{"damage":27,"enemies":"Slime Boss","floor":16,"turns":3}],"seed_played":"-983145726226000840","potions_obtained":[{"floor":5,"key":"EntropicBrew"},{"floor":6,"key":"Ancient Potion"},{"floor":8,"key":"Strength Potion"},{"floor":11,"key":"AttackPotion"}],"is_trial":false,"path_per_floor":["M","M","$","?","M","E","M","E","T","M","E","?","?","?","R","B"],"character_chosen":"THE_SILENT","items_purchased":["Dagger Spray"],"campfire_rested":1,"item_purchase_floors":[3],"current_hp_per_floor":[52,52,52,52,52,52,37,23,23,23,11,11,11,8,27,0],"gold":336,"neow_bonus":"BOSS_RELIC","is_prod":false,"is_daily":false,"chose_seed":false,"campfire_upgraded":0,"win_rate":0,"timestamp":1546107860,"path_taken":["M","M","$","?","M","E","M","E","T","M","E","?","?","?","R","BOSS"],"build_version":"2018-12-20","purchased_purges":0,"victory":false,"max_hp_per_floor":[70,70,70,70,70,70,70,70,70,70,70,70,65,65,65,65],"card_choices":[{"not_picked":["PiercingWail","Bane"],"picked":"Backstab","floor":1},{"not_picked":["Blur","Catalyst"],"picked":"Cloak And Dagger","floor":2},{"not_picked":["Outmaneuver","Terror"],"picked":"Backflip","floor":5},{"not_picked":["Bane","Leg Sweep"],"picked":"After Image","floor":6},{"not_picked":["Footwork","Acrobatics"],"picked":"Noxious Fumes","floor":7},{"not_picked":["Leg Sweep","Predator"],"picked":"Infinite Blades","floor":8},{"not_picked":["Dagger Throw","Masterful Stab"],"picked":"Quick Slash","floor":10},{"not_picked":["PiercingWail","Deflect"],"picked":"Cloak And Dagger","floor":11}],"player_experience":375171,"relics_obtained":[{"floor":6,"key":"StoneCalendar"},{"floor":8,"key":"Lantern"},{"floor":9,"key":"MawBank"},{"floor":11,"key":"Question Card"}],"event_choices":[{"damage_healed":0,"gold_gain":80,"player_choice":"Gained Gold","damage_taken":0,"max_hp_gain":0,"max_hp_loss":0,"event_name":"Golden Wing","floor":4,"gold_loss":0},{"damage_healed":0,"gold_gain":0,"player_choice":"Left Gold","damage_taken":0,"max_hp_gain":0,"max_hp_loss":0,"event_name":"World of Goop","floor":12,"gold_loss":45},{"damage_healed":0,"gold_gain":0,"player_choice":"Lose Max HP","damage_taken":0,"relics_obtained":["Golden Idol"],"max_hp_gain":0,"max_hp_loss":5,"event_name":"Golden Idol","floor":13,"gold_loss":0},{"damage_healed":0,"gold_gain":0,"player_choice":"Success","damage_taken":3,"relics_obtained":["Calipers"],"max_hp_gain":0,"max_hp_loss":0,"event_name":"Scrap Ooze","floor":14,"gold_loss":0}],"is_beta":false,"boss_relics":[],"items_purged_floors":[],"is_endless":false,"potions_floor_spawned":[5,6,8,11],"killed_by":"Slime Boss","ascension_level":7}