{"path_per_floor":["M","?","M","?","M","R","E","M","T","R","?","E","M","$","R","B",null,"M","?","?","?","$","R","E","M","T","R","M","R","$","E","R","B",null,"M","M","?","?","M","R","E"],"character_chosen":"THE_SILENT","items_purchased":["Crippling Poison","GhostInAJar","Deadly Poison"],"gold_per_floor":[110,185,196,146,164,164,198,210,237,237,237,266,281,58,58,162,162,162,162,162,162,13,13,13,13,13,13,13,13,13,13,13,13,13,13,13,13,13,13,13,13,13],"floor_reached":42,"campfire_rested":1,"playtime":3062,"item_purchase_floors":[14,14,22],"current_hp_per_floor":[70,59,59,59,55,55,26,20,20,20,6,2,2,2,23,6,70,70,70,70,49,49,49,47,49,49,49,49,49,49,47,47,26,49,49,43,43,37,47,47,11,0],"items_purged":["Strike_G","Defend_G"],"gold":13,"score":568,"play_id":"b40db9ed-0247-40f0-b9da-eeab3a06ebc2","local_time":"20180606180517","is_prod":false,"is_daily":false,"chose_seed":false,"is_ascension_mode":true,"campfire_upgraded":7,"win_rate":0,"timestamp":1528301117,"campfire_choices":[{"data":"Neutralize","floor":6,"key":"SMITH"},{"data":"Poisoned Stab","floor":10,"key":"SMITH"},{"floor":15,"key":"REST"},{"data":"Malaise","floor":23,"key":"SMITH"},{"data":"Doppelganger","floor":27,"key":"SMITH"},{"data":"Defend_G","floor":29,"key":"SMITH"},{"data":"Crippling Poison","floor":32,"key":"SMITH"},{"data":"Madness","floor":40,"key":"SMITH"}],"path_taken":["M","?","M","?","?","R","E","M","T","R","?","E","M","?","R","BOSS","M","?","?","?","?","R","E","M","T","R","?","R","$","E","R","BOSS","M","M","?","?","M","R","E","M"],"build_version":"2018-05-31","seed_source_timestamp":1798364121346617,"purchased_purges":2,"victory":false,"master_deck":["Defend_G+1","Defend_G+1","Defend_G+1","Survivor","Neutralize+1","Predator","Flying Knee","Acrobatics+1","Poisoned Stab+1","Malaise+1","Poisoned Stab","Crippling Poison+1","Doppelganger+1","Leg Sweep+1","Noxious Fumes+1","Bite","Bite","Bite","Bite","Bite","Deadly Poison","Poisoned Stab","Backflip+1","Corpse Explosion","Prepared+1","Madness+1","Madness"],"max_hp_per_floor":[70,70,70,70,70,70,70,70,70,70,70,70,70,70,70,70,70,70,70,70,49,49,49,49,49,49,49,49,49,49,49,49,49,49,49,49,49,49,49,49,49,49],"relics":["Ring of the Snake","Omamori","Snake Skull","Lantern","War Paint","Ectoplasm","Potion Belt","Dead Branch","Ancient Tea Set","White Beast Statue","Tingsha"],"card_choices":[{"not_picked":["Caltrops","Sucker Punch"],"picked":"Predator","floor":1},{"not_picked":["Outmaneuver","Dodge and Roll"],"picked":"Flying Knee","floor":3},{"not_picked":["Prepared","Quick Slash"],"picked":"Acrobatics","floor":5},{"not_picked":["Cloak And Dagger","Expertise"],"picked":"Poisoned Stab","floor":7},{"not_picked":["PiercingWail","Terror","Infinite Blades"],"picked":"SKIP","floor":8},{"not_picked":["Dagger Throw","Cloak And Dagger"],"picked":"Malaise","floor":12},{"not_picked":["Reflex","Acrobatics"],"picked":"Poisoned Stab","floor":13},{"not_picked":["A Thousand Cuts","Phantasmal Killer"],"picked":"Doppelganger","floor":16},{"not_picked":["Bane","Dodge and Roll"],"picked":"Leg Sweep+1","floor":18},{"not_picked":["Dodge and Roll","Bane"],"picked":"Poisoned Stab","floor":24},{"not_picked":["Caltrops","Flying Knee"],"picked":"Backflip+1","floor":25},{"not_picked":["Setup","Choke","Deadly Poison"],"picked":"SKIP","floor":28},{"not_picked":["Deflect+1","Dagger Throw+1","Outmaneuver+1"],"picked":"SKIP","floor":31},{"not_picked":["Glass Knife","Grand Finale"],"picked":"Corpse Explosion","floor":33},{"not_picked":["Acrobatics+1","Deflect+1"],"picked":"Prepared+1","floor":35},{"not_picked":["Sucker Punch","Predator+1","Dagger Spray"],"picked":"SKIP","floor":36},{"not_picked":["Dodge and Roll","Backstab+1","Backflip+1"],"picked":"SKIP","floor":39},{"not_picked":["Backstab+1","Underhanded Strike+1","Finisher+1"],"picked":"SKIP","floor":41}],"player_experience":206902,"potions_floor_usage":[7,12,16,33,39,41,42],"damage_taken":[{"damage":0,"enemies":"2 Louse","floor":1,"turns":5},{"damage":0,"enemies":"Cultist","floor":3,"turns":3},{"damage":4,"enemies":"Jaw Worm","floor":5,"turns":4},{"damage":29,"enemies":"Lagavulin","floor":7,"turns":7},{"damage":6,"enemies":"Looter","floor":8,"turns":3},{"damage":4,"enemies":"Gremlin Nob","floor":12,"turns":3},{"damage":0,"enemies":"Red Slaver","floor":13,"turns":4},{"damage":17,"enemies":"Slime Boss","floor":16,"turns":10},{"damage":0,"enemies":"Spheric Guardian","floor":18,"turns":6},{"damage":8,"enemies":"Book of Stabbing","floor":24,"turns":7},{"damage":2,"enemies":"3 Byrds","floor":25,"turns":4},{"damage":0,"enemies":"Centurion and Healer","floor":28,"turns":5},{"damage":8,"enemies":"Gremlin Leader","floor":31,"turns":7},{"damage":27,"enemies":"Collector","floor":33,"turns":7},{"damage":0,"enemies":"Orb Walker","floor":35,"turns":3},{"damage":6,"enemies":"3 Shapes","floor":36,"turns":4},{"damage":6,"enemies":"Maw","floor":39,"turns":7},{"damage":42,"enemies":"Giant Head","floor":41,"turns":9},{"damage":16,"enemies":"3 Darklings","floor":42,"turns":2}],"relics_obtained":[{"floor":7,"key":"Snake Skull"},{"floor":9,"key":"Lantern"},{"floor":12,"key":"War Paint"},{"floor":24,"key":"Potion Belt"},{"floor":26,"key":"Dead Branch"},{"floor":31,"key":"Ancient Tea Set"},{"floor":41,"key":"Tingsha"}],"event_choices":[{"event_name":"World of Goop","player_choice":"Gather Gold","floor":2,"damage_taken":0},{"event_name":"The Cleric","player_choice":"Card Removal","floor":4,"damage_taken":0},{"event_name":"Shining Light","player_choice":"Entered Light","floor":11,"damage_taken":0},{"event_name":"The Library","player_choice":"Read","floor":19,"damage_taken":0},{"event_name":"Upgrade Shrine","player_choice":"Upgraded","floor":20,"damage_taken":0},{"event_name":"Vampires","player_choice":"Became a vampire","floor":21,"damage_taken":0},{"event_name":"Purifier","player_choice":"One Purge","floor":37,"damage_taken":0},{"event_name":"Winding Halls","player_choice":"Embrace Madness","floor":38,"damage_taken":0}],"boss_relics":[{"not_picked":["Black Star","Velvet Choker"],"picked":"Ectoplasm"},{"not_picked":["Runic Pyramid","Lizard Tail"],"picked":"White Beast Statue"}],"items_purged_floors":[14,22],"potions_floor_spawned":[1,7,16,24,25,35,36,39,41],"seed_played":"-2788190695081130523","killed_by":"3 Darklings","ascension_level":3,"potions_obtained":[{"floor":1,"key":"Poison Potion"},{"floor":7,"key":"Block Potion"},{"floor":16,"key":"FearPotion"},{"floor":24,"key":"GhostInAJar"},{"floor":25,"key":"Weak Potion"},{"floor":35,"key":"SpeedPotion"},{"floor":36,"key":"LiquidBronze"},{"floor":39,"key":"Dexterity Potion"},{"floor":41,"key":"Explosive Potion"}],"is_trial":false}