{"gold_per_floor":[109,128,143,66,66,66,92,110,185,215,231,241,241,60,60,157,157,175,187,203,104,104,104,104,104,104,118,68,68],"floor_reached":29,"playtime":1252,"items_purged":["Injury","Decay"],"score":306,"play_id":"c4437847-b09b-4bac-a91b-bcca68399cec","local_time":"20181006203614","is_ascension_mode":true,"campfire_choices":[{"data":"Searing Blow+1","floor":6,"key":"SMITH"},{"data":"Searing Blow+2","floor":13,"key":"SMITH"},{"data":"Searing Blow+3","floor":15,"key":"SMITH"},{"floor":23,"key":"REST"},{"floor":25,"key":"DIG"}],"neow_cost":"CURSE","seed_source_timestamp":265827377883687,"circlet_count":0,"master_deck":["Strike_R","Strike_R","Strike_R","Strike_R","Strike_R","Defend_R","Defend_R","Defend_R","Defend_R","Bash","Anger","Searing Blow+4","Shrug It Off","Corruption","Rage","Intimidate","Second Wind","Apotheosis","Double Tap","Flex","Dark Embrace"],"relics":["Burning Blood","Shovel","Charon\u0027s Ashes","Matryoshka","Smiling Mask","Eternal Feather","Toxic Egg 2","Blood Vial","The Courier"],"potions_floor_usage":[18,20,29,29],"damage_taken":[{"damage":0,"enemies":"Small Slimes","floor":1,"turns":3},{"damage":0,"enemies":"2 Louse","floor":2,"turns":3},{"damage":9,"enemies":"Jaw Worm","floor":3,"turns":3},{"damage":30,"enemies":"Gremlin Nob","floor":7,"turns":4},{"damage":0,"enemies":"Large Slime","floor":8,"turns":4},{"damage":14,"enemies":"3 Sentries","floor":10,"turns":5},{"damage":12,"enemies":"2 Fungi Beasts","floor":11,"turns":3},{"damage":4,"enemies":"Looter","floor":12,"turns":3},{"damage":32,"enemies":"The Guardian","floor":16,"turns":9},{"damage":18,"enemies":"Shell Parasite","floor":18,"turns":4},{"damage":11,"enemies":"Spheric Guardian","floor":19,"turns":4},{"damage":23,"enemies":"Snake Plant","floor":20,"turns":4},{"damage":33,"enemies":"3 Cultists","floor":27,"turns":6},{"damage":55,"enemies":"Gremlin Leader","floor":29,"turns":4}],"seed_played":"3156688525331637899","potions_obtained":[{"floor":8,"key":"Weak Potion"},{"floor":10,"key":"SpeedPotion"},{"floor":11,"key":"Explosive Potion"},{"floor":16,"key":"PowerPotion"},{"floor":18,"key":"Block Potion"},{"floor":27,"key":"FearPotion"}],"is_trial":false,"path_per_floor":["M","M","M","$","?","R","E","M","T","E","M","M","R","$","R","B",null,"M","M","M","$","?","R","?","R","T","M","$"],"character_chosen":"IRONCLAD","items_purchased":["Corruption","Apotheosis","Flex"],"campfire_rested":1,"item_purchase_floors":[4,14,21],"current_hp_per_floor":[78,80,77,77,77,77,53,59,59,51,45,47,47,47,47,21,65,53,48,31,31,31,67,67,79,79,53,53,0],"gold":68,"neow_bonus":"ONE_RARE_RELIC","is_prod":false,"is_daily":false,"chose_seed":false,"campfire_upgraded":3,"win_rate":0,"timestamp":1538872574,"path_taken":["M","M","M","$","?","R","E","M","T","E","?","M","R","$","R","BOSS","M","M","M","$","?","R","?","R","T","M","$","E"],"build_version":"2018-10-04v2","purchased_purges":2,"victory":false,"max_hp_per_floor":[80,80,80,80,80,80,80,80,80,80,80,80,80,80,80,80,80,80,80,80,80,80,80,80,80,80,80,80,80],"card_choices":[{"not_picked":["Heavy Blade","Power Through"],"picked":"Anger","floor":1},{"not_picked":["Carnage","Thunderclap"],"picked":"Searing Blow","floor":2},{"not_picked":["Second Wind","Immolate"],"picked":"Shrug It Off","floor":3},{"not_picked":["Iron Wave","Bloodletting"],"picked":"Rage","floor":7},{"not_picked":["Sword Boomerang","Headbutt"],"picked":"Intimidate","floor":8},{"not_picked":["Headbutt","Hemokinesis","Carnage"],"picked":"SKIP","floor":10},{"not_picked":["Corruption","Iron Wave","Searing Blow"],"picked":"SKIP","floor":11},{"not_picked":["Sword Boomerang","Clothesline"],"picked":"Second Wind","floor":12},{"not_picked":["Reaper","Immolate"],"picked":"Double Tap","floor":16},{"not_picked":["Rupture","Iron Wave","Combust"],"picked":"SKIP","floor":18},{"not_picked":["Flame Barrier","Clash","Combust"],"picked":"SKIP","floor":19},{"not_picked":["Headbutt","Twin Strike","Havoc"],"picked":"SKIP","floor":20},{"not_picked":["True Grit+1","Corruption"],"picked":"Dark Embrace","floor":27}],"player_experience":1207906,"relics_obtained":[{"floor":7,"key":"Charon\u0027s Ashes"},{"floor":9,"key":"Matryoshka"},{"floor":10,"key":"Smiling Mask"},{"floor":25,"key":"Toxic Egg 2"},{"floor":26,"key":"Blood Vial"},{"floor":26,"key":"The Courier"}],"event_choices":[{"event_name":"Living Wall","player_choice":"Grow","floor":5,"damage_taken":0},{"event_name":"Forgotten Altar","player_choice":"Smashed Altar","floor":22,"damage_taken":0},{"event_name":"Ghosts","player_choice":"Ignored","floor":24,"damage_taken":0}],"is_beta":false,"boss_relics":[{"not_picked":["Velvet Choker","Runic Dome"],"picked":"Eternal Feather"}],"items_purged_floors":[21,28],"is_endless":false,"potions_floor_spawned":[8,10,11,16,18,27],"killed_by":"Gremlin Leader","ascension_level":6}