{"path_per_floor":["M","M","?","$","?","E","M","R","T","T","E","M","M","M","R","B",null,"M","$","M","M","?","M","R","E","T","M"],"character_chosen":"IRONCLAD","items_purchased":["Mummified Hand"],"gold_per_floor":[111,128,128,53,53,88,104,104,104,172,201,221,231,244,244,343,343,362,0,17,27,27,39,39,71,95,114,114],"floor_reached":28,"campfire_rested":0,"playtime":2037,"item_purchase_floors":[19],"current_hp_per_floor":[78,80,64,64,57,29,32,32,32,32,26,29,33,32,32,18,80,53,53,49,49,49,52,52,49,49,54,0],"items_purged":["Strike_R","Strike_R"],"gold":114,"score":252,"play_id":"6a496d57-4d10-449a-aa35-43389c45c257","local_time":"20180529233118","is_prod":false,"is_daily":false,"chose_seed":false,"is_ascension_mode":false,"campfire_upgraded":0,"win_rate":0,"timestamp":1527629478,"campfire_choices":[{"data":"1","floor":8,"key":"LIFT"},{"data":"2","floor":15,"key":"LIFT"},{"data":"3","floor":24,"key":"LIFT"}],"path_taken":["M","?","?","$","?","E","M","R","T","?","E","M","?","M","R","BOSS","M","$","M","M","?","M","R","E","T","M","E"],"build_version":"2018-05-24","seed_source_timestamp":1127766266145391,"purchased_purges":2,"victory":false,"master_deck":["Strike_R","Strike_R","Defend_R+1","Defend_R","Defend_R","Defend_R","Bash+1","Pommel Strike","Hemokinesis","Rupture","Flame Barrier","Pommel Strike","Bloodletting","Brutality","Shrug It Off","Pummel","Berserk","Reaper"],"max_hp_per_floor":[80,80,80,80,80,80,80,80,80,80,80,80,80,80,80,80,80,80,80,80,80,80,80,80,87,87,87,87],"relics":["Black Blood","Paper Frog","Girya","Kunai","Question Card","Anchor","Mummified Hand","Strawberry","Omamori"],"card_choices":[{"not_picked":["Heavy Blade","Anger"],"picked":"Pommel Strike","floor":1},{"not_picked":["Whirlwind","Body Slam","Seeing Red"],"picked":"SKIP","floor":2},{"not_picked":["Burning Pact","Entrench"],"picked":"Hemokinesis","floor":6},{"not_picked":["Iron Wave","Sword Boomerang","Whirlwind"],"picked":"SKIP","floor":7},{"not_picked":["Heavy Blade","Searing Blow","Havoc"],"picked":"Rupture","floor":11},{"not_picked":["Fire Breathing","Perfected Strike","Clothesline"],"picked":"Flame Barrier","floor":12},{"not_picked":["Clash","Feel No Pain","Headbutt"],"picked":"Pommel Strike","floor":13},{"not_picked":["Rage","Rampage","Shrug It Off"],"picked":"Bloodletting","floor":14},{"not_picked":["Immolate","Barricade","Feed"],"picked":"Brutality","floor":16},{"not_picked":["Second Wind+1","Armaments","Entrench"],"picked":"Shrug It Off","floor":18},{"not_picked":["Carnage","Clothesline","Power Through"],"picked":"Pummel","floor":20},{"not_picked":["Spot Weakness","Entrench+1","Armaments","Corruption"],"picked":"SKIP","floor":21},{"not_picked":["Anger+1","Second Wind","Dual Wield"],"picked":"Berserk","floor":23},{"not_picked":["Metallicize","Pommel Strike","Clash"],"picked":"Reaper","floor":25},{"not_picked":["Power Through","Heavy Blade","Wild Strike","Warcry"],"picked":"SKIP","floor":27}],"player_experience":39504,"potions_floor_usage":[11,14,16,16,27,28,28],"damage_taken":[{"damage":8,"enemies":"Cultist","floor":1,"turns":5},{"damage":2,"enemies":"2 Louse","floor":2,"turns":3},{"damage":34,"enemies":"Lagavulin","floor":6,"turns":6},{"damage":3,"enemies":"Small Slimes","floor":7,"turns":3},{"damage":27,"enemies":"3 Sentries","floor":11,"turns":8},{"damage":3,"enemies":"Exordium Wildlife","floor":12,"turns":3},{"damage":2,"enemies":"Blue Slaver","floor":13,"turns":2},{"damage":7,"enemies":"Exordium Thugs","floor":14,"turns":5},{"damage":35,"enemies":"The Guardian","floor":16,"turns":11},{"damage":37,"enemies":"Spheric Guardian","floor":18,"turns":6},{"damage":14,"enemies":"Shell Parasite","floor":20,"turns":6},{"damage":10,"enemies":"Cultist and Chosen","floor":21,"turns":5},{"damage":7,"enemies":"Snake Plant","floor":23,"turns":3},{"damage":20,"enemies":"Book of Stabbing","floor":25,"turns":6},{"damage":19,"enemies":"Centurion and Healer","floor":27,"turns":5},{"damage":54,"enemies":"Slavers","floor":28,"turns":5}],"relics_obtained":[{"floor":6,"key":"Girya"},{"floor":9,"key":"Kunai"},{"floor":10,"key":"Question Card"},{"floor":11,"key":"Anchor"},{"floor":25,"key":"Strawberry"},{"floor":26,"key":"Omamori"}],"event_choices":[{"event_name":"Shining Light","player_choice":"Entered Light","floor":3,"damage_taken":0},{"event_name":"Scrap Ooze","player_choice":"success","floor":5,"damage_taken":7},{"event_name":"Addict","player_choice":"Ignored","floor":22,"damage_taken":0}],"boss_relics":[{"not_picked":["Calling Bell","Orrery"],"picked":"Black Blood"}],"items_purged_floors":[4,19],"potions_floor_spawned":[7,11,12,14,18,23,25],"seed_played":"-8286779718863353476","killed_by":"Slavers","ascension_level":0,"potions_obtained":[{"floor":7,"key":"Regen Potion"},{"floor":11,"key":"Energy Potion"},{"floor":12,"key":"Explosive Potion"},{"floor":14,"key":"Regen Potion"},{"floor":18,"key":"FearPotion"},{"floor":23,"key":"Poison Potion"},{"floor":25,"key":"Weak Potion"}],"is_trial":false}