{"gold_per_floor":[16,33,48,48,58,91,91,91,145,39,53,84,84,103,103,203,203,218,237,254,32,48,48,147,47,72,72,106,106,119,133,133,236,236,247,267,283,20,34,34,59,59,59,89,89,89,109,126,126,126],"floor_reached":50,"playtime":6216,"items_purged":["Defend_B","Strike_B"],"score":561,"play_id":"eeafef58-ecaa-4a73-ac54-c8f462a81301","local_time":"20180727230328","is_ascension_mode":false,"campfire_choices":[{"floor":7,"key":"REST"},{"floor":13,"key":"REST"},{"data":"Sunder","floor":15,"key":"SMITH"},{"data":"Echo Form","floor":27,"key":"SMITH"},{"data":"Defragment","floor":29,"key":"SMITH"},{"data":"Creative AI","floor":32,"key":"SMITH"},{"data":"Loop","floor":40,"key":"SMITH"},{"floor":42,"key":"REST"},{"data":"Buffer","floor":46,"key":"SMITH"},{"floor":49,"key":"REST"}],"neow_cost":"NO_GOLD","seed_source_timestamp":57495699292717,"circlet_count":0,"master_deck":["Strike_B","Strike_B","Strike_B","Defend_B","Defend_B","Defend_B","Zap","Dualcast","Lockon","Defragment","Echo Form+1","Hologram","Tempest","Defragment+1","Self Repair","Force Field","Sunder+1","Electrodynamics","Conserve Battery","Loop+1","Redo","Hologram","Creative AI+1","Hologram+1","Self Repair+1","Stack+1","Stack","Auto Shields","Stack+1","Buffer+1","Redo+1","Mind Blast","Trip","Force Field","Coolheaded+1"],"relics":["Cracked Core","Shuriken","Boot","Incense Burner","Omamori","Bird Faced Urn","Inserter","Blood Vial","Anchor","Mercury Hourglass","Lizard Tail","Strange Spoon","Cables","Bag of Marbles","StoneCalendar"],"potions_floor_usage":[6,18,28,30,33,35,37,37,41,41,47,50,50],"damage_taken":[{"damage":3,"enemies":"Small Slimes","floor":1,"turns":2},{"damage":3,"enemies":"Jaw Worm","floor":2,"turns":3},{"damage":1,"enemies":"Cultist","floor":3,"turns":3},{"damage":8,"enemies":"Red Slaver","floor":5,"turns":5},{"damage":16,"enemies":"Lagavulin","floor":6,"turns":7},{"damage":22,"enemies":"Gremlin Gang","floor":11,"turns":5},{"damage":30,"enemies":"Gremlin Nob","floor":12,"turns":4},{"damage":14,"enemies":"2 Fungi Beasts","floor":14,"turns":4},{"damage":25,"enemies":"Hexaghost","floor":16,"turns":10},{"damage":9,"enemies":"Shell Parasite","floor":18,"turns":6},{"damage":29,"enemies":"Chosen","floor":19,"turns":6},{"damage":13,"enemies":"3 Cultists","floor":20,"turns":3},{"damage":31,"enemies":"Slaver and Parasite","floor":22,"turns":6},{"damage":15,"enemies":"Slavers","floor":28,"turns":3},{"damage":14,"enemies":"Cultist and Chosen","floor":30,"turns":6},{"damage":3,"enemies":"3 Cultists","floor":31,"turns":3},{"damage":60,"enemies":"Champ","floor":33,"turns":10},{"damage":34,"enemies":"3 Darklings","floor":35,"turns":3},{"damage":22,"enemies":"Flame Bruiser 1 Orb","floor":36,"turns":6},{"damage":89,"enemies":"Spire Growth","floor":37,"turns":7},{"damage":28,"enemies":"3 Darklings","floor":39,"turns":6},{"damage":37,"enemies":"Nemesis","floor":41,"turns":9},{"damage":50,"enemies":"Giant Head","floor":44,"turns":9},{"damage":23,"enemies":"Transient","floor":47,"turns":5},{"damage":14,"enemies":"Sphere and 2 Shapes","floor":48,"turns":6},{"damage":128,"enemies":"Time Eater","floor":50,"turns":14}],"seed_played":"4323408414638381526","potions_obtained":[{"floor":1,"key":"FocusPotion"},{"floor":5,"key":"Strength Potion"},{"floor":12,"key":"Energy Potion"},{"floor":16,"key":"Energy Potion"},{"floor":19,"key":"Fire Potion"},{"floor":20,"key":"AttackPotion"},{"floor":28,"key":"EntropicBrew"},{"floor":33,"key":"Weak Potion"},{"floor":35,"key":"FocusPotion"},{"floor":41,"key":"FocusPotion"},{"floor":44,"key":"Regen Potion"},{"floor":48,"key":"PowerPotion"}],"is_trial":false,"path_per_floor":["M","M","M","?","M","E","R","?","T","$","M","E","R","M","R","B",null,"M","M","M","$","M","?","?","$","T","R","E","R","M","M","R","B",null,"M","M","M","$","M","R","E","R","T","E","?","R","M","M","R"],"character_chosen":"DEFECT","items_purchased":["Tempest","Defragment","Blood Vial","Strange Spoon","Auto Shields"],"campfire_rested":4,"item_purchase_floors":[10,10,21,38,38],"current_hp_per_floor":[86,83,82,75,67,51,77,77,77,77,55,32,58,57,57,49,89,89,80,82,82,65,65,65,65,65,65,56,56,67,74,74,68,89,55,68,54,54,48,48,48,74,74,72,67,67,64,68,89,0],"gold":126,"neow_bonus":"TWENTY_PERCENT_HP_BONUS","is_prod":false,"is_daily":false,"chose_seed":false,"campfire_upgraded":6,"win_rate":0,"timestamp":1532747008,"path_taken":["M","M","M","?","M","E","R","?","T","$","M","E","R","?","R","BOSS","M","M","M","$","M","?","?","?","T","R","E","R","M","M","R","BOSS","M","M","M","$","M","R","E","R","T","E","?","R","M","M","R","BOSS"],"build_version":"2018-07-26","purchased_purges":2,"victory":false,"max_hp_per_floor":[89,89,89,89,89,89,89,89,89,89,89,89,89,89,89,89,89,89,89,89,89,89,89,89,89,89,89,89,89,89,89,89,89,89,89,89,89,89,89,89,89,89,89,89,89,89,89,89,89,89],"card_choices":[{"not_picked":["Rebound","Go for the Eyes"],"picked":"Lockon","floor":1},{"not_picked":["Redo","Beam Cell"],"picked":"Defragment","floor":2},{"not_picked":["Leap","Aggregate"],"picked":"Echo Form","floor":3},{"not_picked":["Doom and Gloom","Cold Snap","Scrape"],"picked":"SKIP","floor":5},{"not_picked":["Rip and Tear","Reboot"],"picked":"Hologram","floor":6},{"not_picked":["Hello World","Barrage"],"picked":"Self Repair","floor":11},{"not_picked":["Consume","Go for the Eyes"],"picked":"Force Field","floor":12},{"not_picked":["Sweeping Beam","Go for the Eyes"],"picked":"Sunder","floor":14},{"not_picked":["Reboot","Core Surge"],"picked":"Electrodynamics","floor":16},{"not_picked":["Cold Snap","Loop"],"picked":"Conserve Battery","floor":18},{"not_picked":["Ball Lightning+1","Heatsinks"],"picked":"Loop","floor":19},{"not_picked":["Cold Snap","Coolheaded"],"picked":"Redo","floor":20},{"not_picked":["Chaos","Loop"],"picked":"Hologram","floor":22},{"not_picked":["Go for the Eyes","Gash","Turbo"],"picked":"SKIP","floor":28},{"not_picked":["Compile Driver","Go for the Eyes"],"picked":"Creative AI","floor":30},{"not_picked":["Redo","Sweeping Beam"],"picked":"Hologram+1","floor":31},{"not_picked":["Barrage","Turbo+1"],"picked":"Self Repair+1","floor":35},{"not_picked":["Consume","Blizzard+1"],"picked":"Stack+1","floor":36},{"not_picked":["Turbo","Cold Snap"],"picked":"Stack","floor":37},{"not_picked":["Doom and Gloom+1","Blizzard"],"picked":"Stack+1","floor":39},{"not_picked":["Gash","Turbo+1"],"picked":"Buffer","floor":41},{"not_picked":["Stack","Go for the Eyes+1"],"picked":"Redo+1","floor":44},{"not_picked":["Flash of Steel","Deep Breath"],"picked":"Mind Blast","floor":45},{"not_picked":["Dramatic Entrance","Sadistic Nature"],"picked":"Trip","floor":45},{"not_picked":["Streamline","Barrage"],"picked":"Force Field","floor":47},{"not_picked":["Sweeping Beam+1","Consume"],"picked":"Coolheaded+1","floor":48}],"player_experience":529331,"relics_obtained":[{"floor":6,"key":"Boot"},{"floor":9,"key":"Omamori"},{"floor":12,"key":"Bird Faced Urn"},{"floor":26,"key":"Anchor"},{"floor":28,"key":"Mercury Hourglass"},{"floor":41,"key":"Cables"},{"floor":43,"key":"Bag of Marbles"},{"floor":44,"key":"StoneCalendar"}],"event_choices":[{"event_name":"Scrap Ooze","player_choice":"success","floor":4,"damage_taken":7},{"event_name":"Accursed Blacksmith","player_choice":"Rummage","floor":8,"damage_taken":0},{"event_name":"N\u0027loth","player_choice":"Ignored","floor":23,"damage_taken":0},{"event_name":"Nest","player_choice":"Stole From Cult","floor":24,"damage_taken":0},{"event_name":"SensoryStone","player_choice":"Memory 2","floor":45,"damage_taken":0}],"is_beta":false,"boss_relics":[{"not_picked":["Orrery","Sozu"],"picked":"Inserter"},{"not_picked":["Velvet Choker","Calling Bell"],"picked":"Lizard Tail"}],"items_purged_floors":[21,25],"is_endless":false,"potions_floor_spawned":[1,5,12,16,19,20,28,33,35,41,44,48],"killed_by":"Time Eater","ascension_level":0}