{"path_per_floor":["M","?","M","$","?","R","E","M","T","M","M","M","R","M","R","B",null,"M","?","M","$","?","E","M","R","T","M","M","M","E","?","R","B",null,"M","M","M","M","M","E","M","R","T","E","?","?","?","$","R","B"],"character_chosen":"THE_SILENT","items_purchased":["Noxious Fumes","Dodecahedron"],"gold_per_floor":[116,116,126,51,51,51,82,97,97,114,131,146,146,162,162,267,267,253,253,268,100,50,75,90,90,90,105,123,142,169,169,169,265,265,284,298,318,334,354,386,397,397,450,484,484,484,484,119,119,119],"floor_reached":51,"campfire_rested":1,"playtime":4449,"item_purchase_floors":[21,48],"current_hp_per_floor":[64,50,40,40,40,61,59,59,59,64,64,64,64,64,64,58,75,75,75,75,75,75,75,75,75,75,75,75,75,61,61,61,53,75,49,49,48,28,28,18,18,18,25,22,72,72,72,72,72,10],"items_purged":["Strike_G","Strike_G","Strike_G"],"gold":119,"score":728,"play_id":"313b7e5f-797d-414a-afc7-df0eaed74fbd","local_time":"20180531032502","is_prod":false,"is_daily":false,"chose_seed":false,"is_ascension_mode":false,"campfire_upgraded":6,"win_rate":0,"timestamp":1527729902,"campfire_choices":[{"floor":6,"key":"REST"},{"data":"Deadly Poison","floor":13,"key":"SMITH"},{"data":"After Image","floor":15,"key":"SMITH"},{"data":"Noxious Fumes","floor":25,"key":"SMITH"},{"data":"Backflip","floor":32,"key":"SMITH"},{"data":"Doppelganger","floor":42,"key":"SMITH"},{"data":"Burst","floor":49,"key":"SMITH"}],"path_taken":["M","?","M","$","?","R","E","M","T","M","M","M","R","M","R","BOSS","M","?","M","$","?","E","M","R","T","M","M","M","E","?","R","BOSS","M","M","M","M","M","E","M","R","T","E","?","?","?","$","R","BOSS"],"build_version":"2018-05-24","seed_source_timestamp":1225762741129096,"purchased_purges":3,"victory":true,"master_deck":["Defend_G","Defend_G+1","Defend_G+1","Defend_G","Survivor+1","Neutralize","Deadly Poison+1","Poisoned Stab+1","Adrenaline","Acrobatics+1","Backflip+1","After Image+1","Adrenaline","Noxious Fumes+1","Distraction+1","Deadly Poison+1","Poisoned Stab+1","Burst+1","Acrobatics+1","Acrobatics+1","Doppelganger+1","Noxious Fumes"],"max_hp_per_floor":[70,70,70,70,70,70,70,70,70,75,75,75,75,75,75,75,75,75,75,75,75,75,75,75,75,75,75,75,75,75,75,75,75,75,75,75,75,75,75,75,75,75,82,82,72,72,72,72,72,72],"relics":["White Beast Statue","Thread and Needle","Tingsha","Runic Dome","War Paint","Centennial Puzzle","Matryoshka","Orrery","Juzu Bracelet","Mummified Hand","Strawberry","Potion Belt","Dodecahedron"],"card_choices":[{"not_picked":["Outmaneuver","Crippling Poison"],"picked":"Deadly Poison","floor":1},{"not_picked":["Caltrops","Outmaneuver"],"picked":"Poisoned Stab","floor":3},{"not_picked":["Cloak And Dagger","Reflex","Glass Knife"],"picked":"SKIP","floor":7},{"not_picked":["Dagger Spray","Flying Knee","Slice"],"picked":"SKIP","floor":8},{"not_picked":["Sucker Punch","Skewer"],"picked":"Adrenaline","floor":10},{"not_picked":["Quick Slash","Dagger Throw"],"picked":"Acrobatics","floor":11},{"not_picked":["Prepared","PiercingWail"],"picked":"Backflip","floor":12},{"not_picked":["Prepared","Infinite Blades"],"picked":"After Image","floor":14},{"not_picked":["Tools of the Trade","Storm of Steel"],"picked":"Adrenaline","floor":16},{"not_picked":["Bane","Dash+1","Deflect"],"picked":"SKIP","floor":18},{"not_picked":["Endless Agony","Footwork","Cloak And Dagger"],"picked":"SKIP","floor":20},{"not_picked":["Sucker Punch","Deflect"],"picked":"Distraction+1","floor":23},{"not_picked":["Finisher","Sucker Punch+1","Bane"],"picked":"SKIP","floor":24},{"not_picked":["Outmaneuver","Dodge and Roll"],"picked":"Deadly Poison+1","floor":27},{"not_picked":["Bouncing Flask","Reflex","Dash"],"picked":"SKIP","floor":28},{"not_picked":["Heel Hook","Choke"],"picked":"Poisoned Stab+1","floor":29},{"not_picked":["Distraction+1","Venomology","Blur"],"picked":"SKIP","floor":30},{"not_picked":["Storm of Steel","Night Terror"],"picked":"Burst","floor":33},{"not_picked":["Dagger Throw+1","Slice"],"picked":"Acrobatics+1","floor":34},{"not_picked":["Prepared","Sucker Punch"],"picked":"Acrobatics+1","floor":34},{"not_picked":["Quick Slash","Bouncing Flask"],"picked":"Doppelganger","floor":35},{"not_picked":["Well Laid Plans","Blur+1","Underhanded Strike"],"picked":"SKIP","floor":36},{"not_picked":["Accuracy","Quick Slash+1","Blade Dance"],"picked":"SKIP","floor":37},{"not_picked":["Backstab","Footwork+1","Well Laid Plans+1"],"picked":"SKIP","floor":38},{"not_picked":["Distraction+1","Outmaneuver+1","Choke+1"],"picked":"SKIP","floor":39},{"not_picked":["Bouncing Flask","All Out Attack"],"picked":"Noxious Fumes","floor":40},{"not_picked":["Venomology","Escape Plan","Outmaneuver+1"],"picked":"SKIP","floor":41},{"not_picked":["Bane","Dodge and Roll","Dagger Spray"],"picked":"SKIP","floor":44}],"player_experience":117151,"potions_floor_usage":[8,10,12,16,16,16,23,23,24,30,30,33,39,40,40,41,44,50,50],"damage_taken":[{"damage":6,"enemies":"Small Slimes","floor":1,"turns":5},{"damage":10,"enemies":"Jaw Worm","floor":3,"turns":5},{"damage":2,"enemies":"Lagavulin","floor":7,"turns":8},{"damage":0,"enemies":"2 Louse","floor":8,"turns":2},{"damage":0,"enemies":"Large Slime","floor":10,"turns":8},{"damage":0,"enemies":"Looter","floor":11,"turns":3},{"damage":0,"enemies":"Lots of Slimes","floor":12,"turns":6},{"damage":0,"enemies":"2 Fungi Beasts","floor":14,"turns":3},{"damage":6,"enemies":"The Guardian","floor":16,"turns":9},{"damage":0,"enemies":"2 Thieves","floor":18,"turns":4},{"damage":0,"enemies":"3 Byrds","floor":20,"turns":5},{"damage":0,"enemies":"Gremlin Leader","floor":23,"turns":6},{"damage":0,"enemies":"Centurion and Healer","floor":24,"turns":8},{"damage":0,"enemies":"3 Cultists","floor":27,"turns":5},{"damage":0,"enemies":"Snake Plant","floor":28,"turns":3},{"damage":0,"enemies":"Sentry and Sphere","floor":29,"turns":4},{"damage":14,"enemies":"Slavers","floor":30,"turns":6},{"damage":8,"enemies":"Champ","floor":33,"turns":12},{"damage":26,"enemies":"3 Darklings","floor":35,"turns":5},{"damage":0,"enemies":"Orb Walker","floor":36,"turns":3},{"damage":1,"enemies":"Maw","floor":37,"turns":8},{"damage":20,"enemies":"Sphere and 2 Shapes","floor":38,"turns":4},{"damage":0,"enemies":"3 Darklings","floor":39,"turns":5},{"damage":10,"enemies":"Giant Head","floor":40,"turns":8},{"damage":0,"enemies":"Maw","floor":41,"turns":6},{"damage":3,"enemies":"2 Orb Walkers","floor":44,"turns":5},{"damage":62,"enemies":"Awakened One","floor":50,"turns":16}],"relics_obtained":[{"floor":7,"key":"Thread and Needle"},{"floor":9,"key":"Tingsha"},{"floor":23,"key":"War Paint"},{"floor":26,"key":"Centennial Puzzle"},{"floor":30,"key":"Matryoshka"},{"floor":40,"key":"Juzu Bracelet"},{"floor":43,"key":"Mummified Hand"},{"floor":43,"key":"Strawberry"},{"floor":44,"key":"Potion Belt"}],"event_choices":[{"event_name":"Shining Light","player_choice":"Entered Light","floor":2,"damage_taken":0},{"event_name":"Living Wall","player_choice":"Forget","floor":5,"damage_taken":0},{"event_name":"Accursed Blacksmith","player_choice":"Forge","floor":19,"damage_taken":0},{"event_name":"The Joust","player_choice":"Bet on Owner","floor":22,"damage_taken":0},{"event_name":"Back to Basics","player_choice":"Elegance","floor":31,"damage_taken":0},{"event_name":"The Moai Head","player_choice":"Heal","floor":45,"damage_taken":0},{"event_name":"SecretPortal","player_choice":"Rejected Portal.","floor":47,"damage_taken":0}],"boss_relics":[{"not_picked":["Sozu","Snecko Eye"],"picked":"Runic Dome"},{"not_picked":["Calling Bell","Cursed Key"],"picked":"Orrery"}],"items_purged_floors":[4,21,48],"potions_floor_spawned":[1,3,7,8,10,11,12,14,16,18,20,23,24,27,28,29,30,33,35,36,37,38,39,40,41,44],"seed_played":"6407505641941330339","ascension_level":0,"potions_obtained":[{"floor":1,"key":"AttackPotion"},{"floor":3,"key":"AttackPotion"},{"floor":7,"key":"FearPotion"},{"floor":8,"key":"Fruit Juice"},{"floor":10,"key":"Swift Potion"},{"floor":11,"key":"Block Potion"},{"floor":12,"key":"Swift Potion"},{"floor":14,"key":"Block Potion"},{"floor":16,"key":"Fire Potion"},{"floor":18,"key":"Weak Potion"},{"floor":20,"key":"Swift Potion"},{"floor":23,"key":"SteroidPotion"},{"floor":24,"key":"Block Potion"},{"floor":27,"key":"EssenceOfSteel"},{"floor":29,"key":"Block Potion"},{"floor":30,"key":"LiquidBronze"},{"floor":33,"key":"EssenceOfSteel"},{"floor":35,"key":"Explosive Potion"},{"floor":38,"key":"Fire Potion"},{"floor":39,"key":"Fire Potion"},{"floor":40,"key":"AttackPotion"},{"floor":41,"key":"Swift Potion"},{"floor":44,"key":"Swift Potion"}],"is_trial":false}