{"gold_per_floor":[369,149,169,185,185,185,199,212,284,341,163,205,218,263,263,263],"floor_reached":16,"playtime":842,"items_purged":[],"score":130,"play_id":"9810b219-3f07-4fe9-b9f6-13b207f537ad","local_time":"20190217172016","is_ascension_mode":true,"campfire_choices":[{"floor":6,"key":"REST"},{"floor":15,"key":"REST"}],"neow_cost":"PERCENT_DAMAGE","seed_source_timestamp":178126651806200,"circlet_count":0,"master_deck":["Defend_G","Defend_G","Defend_G","Defend_G","Defend_G","Strike_G","Strike_G","Strike_G","Strike_G","Strike_G","Survivor","Neutralize","Deflect","The Bomb","Tactician","Blur","Poisoned Stab","Tactician","Prepared","Dodge and Roll","HandOfGreed+1","Dash+1","Underhanded Strike+1"],"relics":["Ring of the Snake","Torii","Molten Egg 2","Tiny Chest","Odd Mushroom"],"potions_floor_usage":[10,14,14,14,16,16],"damage_taken":[{"damage":1,"enemies":"Cultist","floor":1,"turns":4},{"damage":3,"enemies":"Small Slimes","floor":3,"turns":4},{"damage":2,"enemies":"2 Louse","floor":4,"turns":4},{"damage":8,"enemies":"Exordium Wildlife","floor":7,"turns":3},{"damage":7,"enemies":"3 Louse","floor":8,"turns":4},{"damage":14,"enemies":"3 Sentries","floor":10,"turns":5},{"damage":0,"enemies":"Blue Slaver","floor":12,"turns":3},{"damage":1,"enemies":"Red Slaver","floor":13,"turns":3},{"damage":8,"enemies":"The Mushroom Lair","floor":14,"turns":4},{"damage":51,"enemies":"Slime Boss","floor":16,"turns":11}],"seed_played":"2190294581854494145","potions_obtained":[{"floor":1,"key":"Fire Potion"},{"floor":4,"key":"SpeedPotion"},{"floor":10,"key":"EntropicBrew"},{"floor":12,"key":"SkillPotion"}],"is_trial":false,"path_per_floor":["M","$","M","M","?","R","M","M","T","E","$","M","M","?","R","B"],"character_chosen":"THE_SILENT","items_purchased":["The Bomb","Tactician","HandOfGreed+1"],"campfire_rested":2,"item_purchase_floors":[2,2,11],"current_hp_per_floor":[48,48,45,43,43,64,56,49,49,35,35,35,34,26,47,0],"gold":263,"neow_bonus":"TWO_FIFTY_GOLD","is_prod":false,"is_daily":false,"chose_seed":false,"campfire_upgraded":0,"win_rate":0,"timestamp":1550442016,"path_taken":["M","$","?","M","?","R","M","M","T","E","$","M","?","?","R","BOSS"],"build_version":"2019-01-23","purchased_purges":0,"victory":false,"max_hp_per_floor":[70,70,70,70,70,70,70,70,70,70,70,70,70,70,70,70],"card_choices":[{"not_picked":["Expertise","Cloak And Dagger"],"picked":"Deflect","floor":1},{"not_picked":["Eviscerate","Heel Hook"],"picked":"Blur","floor":3},{"not_picked":["Reflex","Blade Dance"],"picked":"Poisoned Stab","floor":4},{"not_picked":["Poisoned Stab","Distraction"],"picked":"Tactician","floor":7},{"not_picked":["Slice","Distraction"],"picked":"Prepared","floor":8},{"not_picked":["Deadly Poison","Prepared"],"picked":"Dodge and Roll","floor":10},{"not_picked":["Deflect","PiercingWail"],"picked":"Dash+1","floor":12},{"not_picked":["Outmaneuver","Calculated Gamble","Infinite Blades"],"picked":"SKIP","floor":13},{"not_picked":["Concentrate","Endless Agony+1"],"picked":"Underhanded Strike+1","floor":14}],"player_experience":2156911,"relics_obtained":[{"floor":9,"key":"Molten Egg 2"},{"floor":10,"key":"Tiny Chest"},{"floor":14,"key":"Odd Mushroom"}],"event_choices":[{"damage_healed":0,"gold_gain":0,"player_choice":"Gave Potion","damage_taken":0,"relics_obtained":["Torii"],"max_hp_gain":0,"max_hp_loss":0,"event_name":"WeMeetAgain","floor":5,"gold_loss":0},{"damage_healed":0,"gold_gain":0,"player_choice":"Fought Mushrooms","damage_taken":0,"max_hp_gain":0,"max_hp_loss":0,"event_name":"Mushrooms","floor":14,"gold_loss":0}],"is_beta":false,"boss_relics":[],"items_purged_floors":[],"is_endless":false,"potions_floor_spawned":[1,4,10,12],"killed_by":"Slime Boss","ascension_level":5}