{"gold_per_floor":[18,18,29,29,104,104,121,121,146,146,156,306,320,206,206,280,280,299,319,209,219,144,144,144,105,129,129,143,162,162,120,120,120],"floor_reached":33,"playtime":1552,"items_purged":["Doubt"],"score":603,"play_id":"3e2736fb-4340-42cf-9d85-0dffbc25a100","local_time":"20190502223635","is_ascension_mode":true,"campfire_choices":[{"floor":6.0,"key":"REST"},{"data":"Dualcast","floor":8.0,"key":"SMITH"},{"data":"Doom and Gloom","floor":10.0,"key":"SMITH"},{"data":"Reprogram","floor":15.0,"key":"SMITH"},{"floor":23,"key":"REST"},{"floor":27,"key":"REST"},{"floor":30,"key":"REST"},{"data":"Reinforced Body","floor":32,"key":"SMITH"}],"neow_cost":"NO_GOLD","seed_source_timestamp":0,"circlet_count":0,"master_deck":["AscendersBane","Strike_B","Strike_B+1","Defend_B","Defend_B","Defend_B","Defend_B","Zap","Dualcast+1","Madness+1","Impatience+1","Self Repair","Doom and Gloom+1","Reboot","Reprogram+1","Self Repair","Creative AI","Redo","Glacier","Reinforced Body+1","FTL"],"special_seed":0,"relics":["Cracked Core","Bronze Scales","Lizard Tail","Centennial Puzzle"],"potions_floor_usage":[21,21,33],"damage_taken":[{"damage":9.0,"enemies":"Jaw Worm","floor":1.0,"turns":3.0},{"damage":7.0,"enemies":"Small Slimes","floor":3.0,"turns":4.0},{"damage":10.0,"enemies":"2 Louse","floor":7.0,"turns":2.0},{"damage":18.0,"enemies":"Exordium Thugs","floor":11.0,"turns":4.0},{"damage":6.0,"enemies":"Blue Slaver","floor":13.0,"turns":3.0},{"damage":15.0,"enemies":"The Guardian","floor":16.0,"turns":10.0},{"damage":36,"enemies":"Spheric Guardian","floor":18,"turns":5},{"damage":7,"enemies":"Chosen","floor":19,"turns":4},{"damage":62,"enemies":"Centurion and Healer","floor":21,"turns":7},{"damage":26,"enemies":"Snake Plant","floor":28,"turns":4},{"damage":21,"enemies":"Snecko","floor":29,"turns":5},{"damage":76,"enemies":"Collector","floor":33,"turns":6}],"seed_played":"8882540178454154711","potions_obtained":[{"floor":1.0,"key":"SkillPotion"},{"floor":3.0,"key":"Fire Potion"},{"floor":18,"key":"Block Potion"},{"floor":19,"key":"Swift Potion"},{"floor":28,"key":"Explosive Potion"}],"is_trial":false,"path_per_floor":["M","?","M","?","?","R","M","R","T","R","M","?","M","$","R","B",null,"M","M","?","M","?","R","?","$","T","R","M","M","R","$","R","B"],"character_chosen":"DEFECT","items_purchased":["Self Repair","Glacier","FTL"],"campfire_rested":4,"item_purchase_floors":[14,25,31],"current_hp_per_floor":[55,55,55,34,23,44,34,34,34,34,23,23,24,24,24,23,59,37,44,44,42,42,63,43,43,43,65,53,39,61,61,61,0],"gold":120,"neow_bonus":"RANDOM_COLORLESS_2","is_prod":false,"is_daily":false,"chose_seed":false,"campfire_upgraded":4,"win_rate":0,"timestamp":1556850995,"path_taken":["M","?","M","?","?","R","M","R","T","R","M","?","?","$","R","BOSS","M","M","?","?","?","R","?","?","T","R","M","M","R","$","R","BOSS"],"build_version":"2019-01-23","purchased_purges":1,"victory":false,"max_hp_per_floor":[71,71,71,71,71,71,71,71,71,71,71,71,71,71,71,71,71,71,71,71,71,71,71,76,76,76,76,76,76,76,76,76,76],"card_choices":[{"not_picked":["Undo","Ball Lightning"],"picked":"Self Repair","floor":1.0},{"not_picked":["Conserve Battery","Rebound"],"picked":"Doom and Gloom","floor":3.0},{"not_picked":["Gash","Sweeping Beam","Ball Lightning"],"picked":"SKIP","floor":7.0},{"not_picked":["Steam Power","Ball Lightning"],"picked":"Reboot","floor":11.0},{"not_picked":["Tempest","Gash"],"picked":"Reprogram","floor":13.0},{"not_picked":["Biased Cognition","Amplify"],"picked":"Creative AI","floor":16.0},{"not_picked":["Sunder","Turbo"],"picked":"Redo","floor":18},{"not_picked":["Cold Snap","Compile Driver","Ball Lightning"],"picked":"SKIP","floor":19},{"not_picked":["Steam","Steam Power","Go for the Eyes+1"],"picked":"SKIP","floor":21},{"not_picked":["Aggregate+1","Barrage"],"picked":"Reinforced Body","floor":28},{"not_picked":["Rip and Tear","Recycle","Reprogram"],"picked":"SKIP","floor":29}],"player_experience":2872235,"relics_obtained":[{"floor":9.0,"key":"Bronze Scales"},{"floor":26,"key":"Centennial Puzzle"}],"event_choices":[{"damage_healed":0.0,"max_hp_gain":0.0,"max_hp_loss":0.0,"gold_gain":0.0,"event_name":"Golden Idol","player_choice":"Ignored","floor":2.0,"gold_loss":0.0,"damage_taken":0.0},{"damage_healed":0.0,"max_hp_gain":0.0,"max_hp_loss":0.0,"gold_gain":0.0,"event_name":"Shining Light","player_choice":"Entered Light","floor":4.0,"gold_loss":0.0,"damage_taken":21.0,"cards_upgraded":["Madness","Impatience"]},{"damage_healed":0.0,"max_hp_gain":0.0,"max_hp_loss":0.0,"gold_gain":75.0,"event_name":"World of Goop","player_choice":"Gather Gold","floor":5.0,"gold_loss":0.0,"damage_taken":11.0},{"damage_healed":0.0,"max_hp_gain":0.0,"max_hp_loss":0.0,"gold_gain":150.0,"event_name":"Liars Game","player_choice":"AGREE","floor":12.0,"gold_loss":0.0,"damage_taken":0.0,"cards_obtained":["Doubt"]},{"cards_removed":["Strike_B"],"damage_healed":0,"gold_gain":0,"player_choice":"Upgrade and Remove","damage_taken":0,"max_hp_gain":0,"max_hp_loss":0,"event_name":"Designer","floor":20,"gold_loss":110,"cards_upgraded":["Strike_B"]},{"cards_removed":["Strike_B"],"damage_healed":0,"gold_gain":0,"player_choice":"Gave Gold","damage_taken":0,"max_hp_gain":0,"max_hp_loss":0,"event_name":"Beggar","floor":22,"gold_loss":75},{"damage_healed":0,"gold_gain":0,"player_choice":"Shed Blood","damage_taken":25,"max_hp_gain":5,"max_hp_loss":0,"event_name":"Forgotten Altar","floor":24,"gold_loss":0}],"is_beta":false,"boss_relics":[{"not_picked":["Philosopher\u0027s Stone","Snecko Eye"],"picked":"Lizard Tail"}],"items_purged_floors":[14],"is_endless":false,"potions_floor_spawned":[1,3,11,13,18,19,28],"killed_by":"Collector","ascension_level":16}