{"gold_per_floor":[109,126,51,51,11,26,26,60,60,123,135,153,153,170,170,273,273,284,199,51,51,51,51,68,68,68,68,68,86,100,111,111,206,206,216,235,47,47,62,62],"floor_reached":40,"playtime":1992,"items_purged":["Strike_B"],"score":585,"play_id":"b298d4bb-3a34-4dcf-9477-7ef0bd02ba18","local_time":"20190327074945","is_ascension_mode":true,"campfire_choices":[{"data":"Sunder","floor":7.0,"key":"SMITH"},{"data":"Echo Form","floor":13.0,"key":"SMITH"},{"data":"Hologram","floor":15.0,"key":"SMITH"},{"data":"Hologram","floor":23.0,"key":"SMITH"},{"data":"Darkness","floor":25.0,"key":"SMITH"},{"data":"Biased Cognition","floor":27.0,"key":"SMITH"},{"floor":32.0,"key":"REST"}],"neow_cost":"NONE","seed_source_timestamp":0,"circlet_count":0,"master_deck":["AscendersBane","Defend_B+1","Defend_B+1","Defend_B+1","Zap","Dualcast","Self Repair","Gash+1","BootSequence","Sunder+1","Echo Form+1","Darkness+1","Go for the Eyes","Hologram+1","Hologram+1","Biased Cognition+1","Coolheaded","Melter","Rebound","Self Repair","Machine Learning","Buffer","Amplify","Redo+1","HandOfGreed","Biased Cognition","Conserve Battery"],"special_seed":0,"relics":["Cracked Core","Cables","Omamori","Empty Cage","Letter Opener","Regal Pillow","Kunai","Nloth\u0027s Gift","Eternal Feather"],"potions_floor_usage":[39,39,39],"damage_taken":[{"damage":1.0,"enemies":"Cultist","floor":1.0,"turns":4.0},{"damage":0.0,"enemies":"2 Louse","floor":2.0,"turns":3.0},{"damage":4.0,"enemies":"Small Slimes","floor":6.0,"turns":3.0},{"damage":26.0,"enemies":"Gremlin Nob","floor":8.0,"turns":4.0},{"damage":10.0,"enemies":"3 Sentries","floor":10.0,"turns":5.0},{"damage":11.0,"enemies":"Exordium Thugs","floor":11.0,"turns":4.0},{"damage":4.0,"enemies":"Lots of Slimes","floor":12.0,"turns":3.0},{"damage":1.0,"enemies":"Red Slaver","floor":14.0,"turns":3.0},{"damage":30.0,"enemies":"Hexaghost","floor":16.0,"turns":8.0},{"damage":2.0,"enemies":"Chosen","floor":18.0,"turns":4.0},{"damage":0.0,"enemies":"3 Byrds","floor":21.0,"turns":1.0},{"damage":13.0,"enemies":"Centurion and Healer","floor":24.0,"turns":6.0},{"damage":38.0,"enemies":"Snake Plant","floor":29.0,"turns":5.0},{"damage":12.0,"enemies":"Snecko","floor":30.0,"turns":4.0},{"damage":18.0,"enemies":"Cultist and Chosen","floor":31.0,"turns":7.0},{"damage":42.0,"enemies":"Champ","floor":33.0,"turns":13.0},{"damage":15.0,"enemies":"3 Shapes","floor":35.0,"turns":5.0},{"damage":1.0,"enemies":"Orb Walker","floor":36.0,"turns":5.0},{"damage":35,"enemies":"Transient","floor":39,"turns":5},{"damage":52,"enemies":"Giant Head","floor":40,"turns":7}],"seed_played":"-2950258440564818261","potions_obtained":[{"floor":1.0,"key":"AttackPotion"},{"floor":8.0,"key":"AttackPotion"},{"floor":11.0,"key":"Fire Potion"},{"floor":14.0,"key":"SmokeBomb"},{"floor":30.0,"key":"FearPotion"},{"floor":31.0,"key":"Weak Potion"},{"floor":35.0,"key":"FocusPotion"},{"floor":36.0,"key":"AttackPotion"}],"is_trial":false,"path_per_floor":["M","M","$","?","$","M","R","E","T","?","M","M","R","M","R","B",null,"M","?","$","M","?","R","M","R","T","R","?","M","M","M","R","B",null,"M","M","$","?","M","E"],"character_chosen":"DEFECT","items_purchased":["BootSequence","Regal Pillow","HandOfGreed"],"campfire_rested":1,"item_purchase_floors":[5,20,37],"current_hp_per_floor":[74,81,81,74,74,77,77,58,58,55,51,54,54,60,60,44,73,78,78,78,78,78,78,72,72,72,72,72,41,36,25,64,29,69,68,74,74,74,46,0],"gold":62,"neow_bonus":"TEN_PERCENT_HP_BONUS","is_prod":false,"is_daily":false,"chose_seed":false,"campfire_upgraded":6,"win_rate":0,"timestamp":1553687385,"path_taken":["M","?","$","?","$","M","R","E","T","?","?","?","R","M","R","BOSS","M","?","$","M","?","R","M","R","T","R","?","M","?","M","R","BOSS","M","M","$","?","M","E"],"build_version":"2019-01-23","purchased_purges":1,"victory":false,"max_hp_per_floor":[82,82,82,82,82,82,82,82,82,82,82,82,82,82,82,82,82,82,82,82,82,82,82,82,82,82,82,82,82,82,82,82,82,82,82,82,82,82,82,82],"card_choices":[{"not_picked":["Undo","Melter"],"picked":"Self Repair","floor":1.0},{"not_picked":["Leap","Conserve Battery"],"picked":"Gash","floor":2.0},{"not_picked":["Static Discharge","Tempest"],"picked":"Sunder","floor":6.0},{"not_picked":["Sweeping Beam","Gash"],"picked":"Echo Form","floor":8.0},{"not_picked":["Streamline","Static Discharge"],"picked":"Darkness","floor":10.0},{"not_picked":["Consume","Force Field"],"picked":"Go for the Eyes","floor":11.0},{"not_picked":["Chill","Redo"],"picked":"Hologram","floor":12.0},{"not_picked":["Force Field","Compile Driver"],"picked":"Hologram","floor":14.0},{"not_picked":["Hyperbeam","Creative AI"],"picked":"Biased Cognition","floor":16.0},{"not_picked":["Cold Snap+1","Beam Cell"],"picked":"Coolheaded","floor":18.0},{"not_picked":["Turbo","BootSequence"],"picked":"Melter","floor":24.0},{"not_picked":["Tempest","Glacier"],"picked":"Rebound","floor":29.0},{"not_picked":["Storm","Sunder"],"picked":"Self Repair","floor":30.0},{"not_picked":["Ball Lightning+1","Coolheaded"],"picked":"Machine Learning","floor":31.0},{"not_picked":["Electrodynamics","Fission"],"picked":"Buffer","floor":33.0},{"not_picked":["Turbo+1","Stack"],"picked":"Amplify","floor":35.0},{"not_picked":["Force Field+1","Cold Snap+1"],"picked":"Redo+1","floor":36.0},{"not_picked":["Biased Cognition","Cold Snap+1"],"picked":"Conserve Battery","floor":39}],"player_experience":2517717,"relics_obtained":[{"floor":8.0,"key":"Cables"},{"floor":9.0,"key":"Omamori"},{"floor":10.0,"key":"Whetstone"},{"floor":26.0,"key":"Kunai"}],"event_choices":[{"cards_removed":["Strike_B"],"damage_healed":0.0,"max_hp_gain":0.0,"max_hp_loss":0.0,"gold_gain":0.0,"event_name":"Golden Wing","player_choice":"Card Removal","floor":4.0,"gold_loss":0.0,"damage_taken":7.0},{"damage_healed":0.0,"max_hp_gain":0.0,"max_hp_loss":0.0,"gold_gain":0.0,"event_name":"Dead Adventurer","player_choice":"Searched \u00272\u0027 times","floor":10.0,"gold_loss":0.0,"damage_taken":0.0},{"damage_healed":0.0,"max_hp_gain":0.0,"max_hp_loss":0.0,"gold_gain":0.0,"event_name":"Addict","player_choice":"Obtained Relic","floor":19.0,"gold_loss":85.0,"damage_taken":0.0,"relics_obtained":["Letter Opener"]},{"damage_healed":0.0,"max_hp_gain":0.0,"max_hp_loss":0.0,"gold_gain":0.0,"event_name":"Back to Basics","player_choice":"Simplicity","floor":22.0,"gold_loss":0.0,"damage_taken":0.0,"cards_upgraded":["Defend_B","Defend_B","Defend_B"]},{"damage_healed":0.0,"max_hp_gain":0.0,"max_hp_loss":0.0,"gold_gain":0.0,"event_name":"N\u0027loth","player_choice":"Traded Relic","floor":28.0,"relics_lost":["Whetstone"],"gold_loss":0.0,"damage_taken":0.0,"relics_obtained":["Nloth\u0027s Gift"]},{"damage_healed":0.0,"max_hp_gain":0.0,"max_hp_loss":0.0,"gold_gain":0.0,"cards_transformed":["Strike_B"],"event_name":"Transmorgrifier","player_choice":"Transformed","floor":38.0,"gold_loss":0.0,"damage_taken":0.0,"cards_obtained":["Biased Cognition"]}],"is_beta":false,"boss_relics":[{"not_picked":["Philosopher\u0027s Stone","Calling Bell"],"picked":"Empty Cage"},{"not_picked":["Busted Crown","Coffee Dripper"],"picked":"Eternal Feather"}],"items_purged_floors":[3],"is_endless":false,"potions_floor_spawned":[1,8,11,14,21,30,31,35,36],"killed_by":"Giant Head","ascension_level":10}