{"gold_per_floor":[117,136,9,24,43,76,91,91,159,170,181,181,130,150,150,229,229,243,168,183,183],"floor_reached":21,"playtime":1380,"items_purged":["Accuracy+1"],"score":333,"play_id":"0fe80083-f7b9-4045-aa14-fd8aeefd2579","local_time":"20190519211513","is_ascension_mode":true,"campfire_choices":[{"floor":8,"key":"REST"},{"floor":12,"key":"REST"},{"floor":15,"key":"REST"}],"neow_cost":"NONE","seed_source_timestamp":473493839610556,"circlet_count":0,"master_deck":["AscendersBane","Defend_G","Defend_G","Defend_G","Defend_G","Strike_G","Strike_G","Strike_G","Survivor","Neutralize","Dagger Throw","Backstab","Backstab","PiercingWail","Footwork","Footwork","Deflect","After Image","Concentrate+1","A Thousand Cuts+1","Footwork","Quick Slash"],"relics":["Ring of the Snake","NeowsBlessing","Paper Crane","Peace Pipe","Darkstone Periapt","Astrolabe"],"potions_floor_usage":[6,11,16,16,20],"damage_taken":[{"damage":0,"enemies":"Jaw Worm","floor":1,"turns":1},{"damage":0,"enemies":"Cultist","floor":2,"turns":1},{"damage":0,"enemies":"Small Slimes","floor":4,"turns":1},{"damage":7,"enemies":"3 Louse","floor":5,"turns":2},{"damage":51,"enemies":"Lagavulin","floor":6,"turns":11},{"damage":0,"enemies":"Exordium Thugs","floor":7,"turns":5},{"damage":7,"enemies":"Red Slaver","floor":10,"turns":4},{"damage":3,"enemies":"Large Slime","floor":11,"turns":4},{"damage":10,"enemies":"Gremlin Gang","floor":14,"turns":5},{"damage":18,"enemies":"The Guardian","floor":16,"turns":24},{"damage":14,"enemies":"Shell Parasite","floor":18,"turns":14},{"damage":14,"enemies":"Chosen","floor":20,"turns":8},{"damage":31,"enemies":"3 Cultists","floor":21,"turns":4}],"seed_played":"-3728418128369477471","potions_obtained":[{"floor":4,"key":"SpeedPotion"},{"floor":6,"key":"GamblersBrew"},{"floor":10,"key":"Fire Potion"},{"floor":14,"key":"SteroidPotion"},{"floor":16,"key":"Fire Potion"}],"is_trial":false,"path_per_floor":["M","M","?","M","M","E","M","R","T","M","M","R","?","M","R","B",null,"M","$","M","M"],"character_chosen":"THE_SILENT","items_purchased":[],"campfire_rested":3,"item_purchase_floors":[],"current_hp_per_floor":[59,59,59,59,52,1,1,20,20,13,10,29,29,19,38,20,55,41,41,27,0],"gold":183,"neow_bonus":"THREE_ENEMY_KILL","is_prod":false,"is_daily":false,"chose_seed":false,"campfire_upgraded":0,"win_rate":0,"timestamp":1558318513,"path_taken":["M","M","?","M","?","E","M","R","T","?","M","R","?","M","R","BOSS","M","$","M","M"],"build_version":"2019-01-23","purchased_purges":1,"victory":false,"max_hp_per_floor":[66,66,66,66,66,66,66,66,66,66,66,66,66,66,66,66,66,66,66,66,66],"card_choices":[{"not_picked":["Prepared","Endless Agony"],"picked":"Dagger Throw","floor":1},{"not_picked":["Cloak And Dagger","Concentrate"],"picked":"Backstab","floor":2},{"not_picked":["PiercingWail","All Out Attack"],"picked":"Backstab","floor":4},{"not_picked":["Catalyst","Deflect"],"picked":"PiercingWail","floor":5},{"not_picked":["Riddle With Holes","Eviscerate","Expertise"],"picked":"SKIP","floor":6},{"not_picked":["Outmaneuver","Terror"],"picked":"Footwork","floor":7},{"not_picked":["Expertise","Deflect","Reflex"],"picked":"SKIP","floor":10},{"not_picked":["Underhanded Strike","Backflip"],"picked":"Footwork","floor":11},{"not_picked":["PiercingWail","Bouncing Flask"],"picked":"Deflect","floor":14},{"not_picked":["Adrenaline","Grand Finale"],"picked":"After Image","floor":16},{"not_picked":["Predator","Riddle With Holes"],"picked":"Footwork","floor":18},{"not_picked":["Blade Dance","Masterful Stab"],"picked":"Quick Slash","floor":20}],"player_experience":688288,"relics_obtained":[{"floor":6,"key":"Peace Pipe"},{"floor":9,"key":"Darkstone Periapt"}],"event_choices":[{"damage_healed":0,"gold_gain":0,"player_choice":"Paid Gold","damage_taken":0,"relics_obtained":["Paper Crane"],"max_hp_gain":0,"max_hp_loss":0,"event_name":"WeMeetAgain","floor":3,"gold_loss":127},{"damage_healed":0,"gold_gain":0,"player_choice":"Left Gold","damage_taken":0,"max_hp_gain":0,"max_hp_loss":0,"event_name":"World of Goop","floor":13,"gold_loss":51}],"is_beta":false,"boss_relics":[{"not_picked":["Busted Crown","White Beast Statue"],"picked":"Astrolabe"}],"items_purged_floors":[19],"is_endless":false,"potions_floor_spawned":[4,6,10,14,16],"killed_by":"3 Cultists","ascension_level":16}