{"gold_per_floor":[16,16,30,30,44,76,100,100,152,162,162,179,199,18,18,115,115,129,143,105,120,45,45,77,77,157,167,195,125,224,224,224,325,325,344,344,358,410,510,510,539,539,565,598,538,550,204,231,243,255],"floor_reached":51,"playtime":3047,"items_purged":["Strike_B","Defend_B"],"score":1110,"play_id":"09ea0390-bf0b-4b32-ba1c-e4ac5bad45bf","local_time":"20190126133603","is_ascension_mode":true,"campfire_choices":[{"data":"Defragment","floor":8,"key":"SMITH"},{"data":"Biased Cognition","floor":11,"key":"SMITH"},{"data":"Defragment","floor":15,"key":"SMITH"},{"data":"Capacitor","floor":23,"key":"SMITH"},{"data":"Biased Cognition","floor":25,"key":"SMITH"},{"floor":32,"key":"REST"},{"data":"Buffer","floor":40,"key":"SMITH"},{"data":"Lockon","floor":42,"key":"SMITH"},{"floor":49,"key":"REST"}],"neow_cost":"NO_GOLD","seed_source_timestamp":239506140027716,"circlet_count":0,"master_deck":["Defend_B","Defend_B","Defend_B","Zap","Dualcast","Biased Cognition+1","Cold Snap","Static Discharge","Leap","Defragment+1","Self Repair","Melter","Capacitor+1","Conserve Battery","Cold Snap","Defragment+1","Biased Cognition+1","BootSequence","Lockon+1","Skim","Tempest","Storm","Coolheaded","Streamline+1","Heatsinks","Rainbow","Capacitor+1","Hologram+1","Compile Driver+1","Ball Lightning","Compile Driver+1","Buffer+1","Fusion+1","Barrage+1","Melter+1","Rebound","Electrodynamics","Amplify","Rainbow"],"relics":["FrozenCore","Bag of Marbles","Regal Pillow","Vajra","Bag of Preparation","Cables","Meat on the Bone","Juzu Bracelet","Prayer Wheel","Nuclear Battery","Bottled Lightning","Du-Vu Doll","Peace Pipe","Art of War","Smiling Mask","Ornamental Fan","Gremlin Horn","MawBank"],"potions_floor_usage":[16,33,46,50,50],"damage_taken":[{"damage":0,"enemies":"Cultist","floor":1,"turns":3},{"damage":0,"enemies":"Jaw Worm","floor":3,"turns":4},{"damage":11,"enemies":"2 Louse","floor":5,"turns":2},{"damage":16,"enemies":"Gremlin Nob","floor":6,"turns":4},{"damage":1,"enemies":"Large Slime","floor":10,"turns":4},{"damage":9,"enemies":"3 Louse","floor":12,"turns":4},{"damage":3,"enemies":"Gremlin Gang","floor":13,"turns":4},{"damage":14,"enemies":"The Guardian","floor":16,"turns":9},{"damage":8,"enemies":"2 Thieves","floor":18,"turns":5},{"damage":8,"enemies":"Chosen","floor":19,"turns":9},{"damage":0,"enemies":"3 Cultists","floor":21,"turns":9},{"damage":22,"enemies":"Slavers","floor":24,"turns":6},{"damage":0,"enemies":"Snake Plant","floor":27,"turns":3},{"damage":0,"enemies":"Book of Stabbing","floor":28,"turns":6},{"damage":13,"enemies":"Collector","floor":33,"turns":7},{"damage":0,"enemies":"Orb Walker","floor":35,"turns":2},{"damage":0,"enemies":"3 Shapes","floor":37,"turns":3},{"damage":23,"enemies":"2 Orb Walkers","floor":38,"turns":3},{"damage":13,"enemies":"Mind Bloom Boss Battle","floor":39,"turns":6},{"damage":1,"enemies":"Nemesis","floor":41,"turns":7},{"damage":22,"enemies":"Giant Head","floor":44,"turns":7},{"damage":8,"enemies":"3 Darklings","floor":46,"turns":5},{"damage":0,"enemies":"Nemesis","floor":48,"turns":3},{"damage":73,"enemies":"Time Eater","floor":50,"turns":5}],"seed_played":"-427058440292157609","potions_obtained":[{"floor":1,"key":"Weak Potion"},{"floor":3,"key":"Weak Potion"},{"floor":5,"key":"Strength Potion"},{"floor":19,"key":"SteroidPotion"},{"floor":21,"key":"LiquidBronze"},{"floor":33,"key":"SteroidPotion"},{"floor":39,"key":"AttackPotion"},{"floor":44,"key":"Regen Potion"}],"is_trial":false,"path_per_floor":["M","$","M","?","M","E","T","R","T","M","R","M","M","$","R","B",null,"M","M","$","M","?","R","E","R","T","M","E","$","?","T","R","B",null,"M","T","M","?","?","R","E","R","T","E","?","M","$","E","R","B",null],"character_chosen":"DEFECT","items_purchased":["Cold Snap","Defragment","Skim","Heatsinks","Electrodynamics","Amplify"],"campfire_rested":2,"item_purchase_floors":[14,14,20,29,47,47],"current_hp_per_floor":[68,68,68,65,54,38,38,38,38,44,44,35,39,39,39,32,64,63,62,62,69,69,69,47,47,47,47,54,54,54,54,75,69,74,74,74,75,59,53,53,59,59,59,56,56,55,55,55,75,21],"gold":267,"neow_bonus":"TRANSFORM_TWO_CARDS","is_prod":false,"is_daily":false,"chose_seed":false,"campfire_upgraded":7,"win_rate":0,"timestamp":1548527763,"path_taken":["M","?","M","?","M","E","?","R","T","M","R","?","M","$","R","BOSS","M","?","$","M","?","R","E","R","T","M","E","$","?","?","R","BOSS","M","?","M","?","?","R","E","R","T","E","?","M","$","E","R","BOSS"],"build_version":"2019-01-23","purchased_purges":2,"victory":true,"max_hp_per_floor":[75,75,75,75,75,75,75,75,75,75,75,75,75,75,75,75,75,75,75,75,75,75,75,75,75,75,75,75,75,75,75,75,75,75,75,75,75,75,75,75,75,75,75,75,75,75,75,75,75,75],"card_choices":[{"not_picked":["Darkness","Cold Snap"],"picked":"Static Discharge","floor":1},{"not_picked":["Reinforced Body","Sweeping Beam"],"picked":"Leap","floor":3},{"not_picked":["Self Repair","Skim"],"picked":"Defragment","floor":5},{"not_picked":["Loop","Coolheaded"],"picked":"Self Repair","floor":6},{"not_picked":["Coolheaded","Conserve Battery"],"picked":"Melter","floor":10},{"not_picked":["Beam Cell","Compile Driver"],"picked":"Capacitor","floor":12},{"not_picked":["Steam","Hyperbeam"],"picked":"Conserve Battery","floor":13},{"not_picked":["Creative AI","Meteor Strike"],"picked":"Biased Cognition","floor":16},{"not_picked":["Streamline","Chaos+1"],"picked":"BootSequence","floor":18},{"not_picked":["Hello World","Stack"],"picked":"Lockon","floor":19},{"not_picked":["Compile Driver+1","Steam"],"picked":"Tempest","floor":21},{"not_picked":["Streamline","BootSequence"],"picked":"Storm","floor":24},{"not_picked":["Conserve Battery+1","Sunder"],"picked":"Coolheaded","floor":27},{"not_picked":["Go for the Eyes","Darkness"],"picked":"Streamline+1","floor":28},{"not_picked":["Seek","Fission"],"picked":"Rainbow","floor":33},{"not_picked":["Go for the Eyes","Leap"],"picked":"Capacitor+1","floor":35},{"not_picked":["Conserve Battery+1","Rip and Tear"],"picked":"Hologram+1","floor":35},{"not_picked":["Hologram","Rebound"],"picked":"Compile Driver+1","floor":37},{"not_picked":["Conserve Battery+1","Streamline"],"picked":"Ball Lightning","floor":37},{"not_picked":["Ball Lightning+1","Auto Shields+1"],"picked":"Compile Driver+1","floor":38},{"not_picked":["Undo","Go for the Eyes+1"],"picked":"Buffer","floor":39},{"not_picked":["Consume+1","Tempest+1"],"picked":"Fusion+1","floor":41},{"not_picked":["Aggregate+1","Cold Snap"],"picked":"Barrage+1","floor":44},{"not_picked":["Chaos","Turbo"],"picked":"Melter+1","floor":46},{"not_picked":["Streamline","Steam"],"picked":"Rebound","floor":46},{"not_picked":["Rebound+1","Heatsinks"],"picked":"Rainbow","floor":48}],"player_experience":2015304,"relics_obtained":[{"floor":6,"key":"Regal Pillow"},{"floor":7,"key":"Vajra"},{"floor":9,"key":"Bag of Preparation"},{"floor":24,"key":"Cables"},{"floor":26,"key":"Meat on the Bone"},{"floor":28,"key":"Juzu Bracelet"},{"floor":31,"key":"Prayer Wheel"},{"floor":36,"key":"Bottled Lightning"},{"floor":38,"key":"Du-Vu Doll"},{"floor":39,"key":"Peace Pipe"},{"floor":41,"key":"Art of War"},{"floor":43,"key":"Smiling Mask"},{"floor":44,"key":"Ornamental Fan"},{"floor":48,"key":"MawBank"}],"event_choices":[{"damage_healed":0,"gold_gain":0,"player_choice":"Success","damage_taken":3,"relics_obtained":["Bag of Marbles"],"max_hp_gain":0,"max_hp_loss":0,"event_name":"Scrap Ooze","floor":4,"gold_loss":0},{"cards_removed":["Strike_B"],"damage_healed":0,"gold_gain":0,"player_choice":"Gave Gold","damage_taken":0,"max_hp_gain":0,"max_hp_loss":0,"event_name":"Beggar","floor":22,"gold_loss":75},{"damage_healed":0,"gold_gain":99,"player_choice":"Stole From Cult","damage_taken":0,"max_hp_gain":0,"max_hp_loss":0,"event_name":"Nest","floor":30,"gold_loss":0},{"damage_healed":0,"gold_gain":0,"player_choice":"Fight","damage_taken":0,"max_hp_gain":0,"max_hp_loss":0,"event_name":"Mysterious Sphere","floor":38,"gold_loss":0},{"damage_healed":0,"gold_gain":0,"player_choice":"Fight","damage_taken":0,"max_hp_gain":0,"max_hp_loss":0,"event_name":"MindBloom","floor":39,"gold_loss":0},{"damage_healed":0,"gold_gain":0,"player_choice":"Paid Gold","damage_taken":0,"relics_obtained":["Gremlin Horn"],"max_hp_gain":0,"max_hp_loss":0,"event_name":"WeMeetAgain","floor":45,"gold_loss":60}],"is_beta":false,"boss_relics":[{"not_picked":["Orrery","Tiny House"],"picked":"FrozenCore"},{"not_picked":["Runic Pyramid","Velvet Choker"],"picked":"Nuclear Battery"}],"items_purged_floors":[14,47],"is_endless":false,"potions_floor_spawned":[1,3,5,13,19,21,24,33,35,38,39,44],"ascension_level":6}