{"gold_per_floor":[110,120,45,55,55,55,82,2,2,15,15,34,46,75,75,170,170,190,90,100,35,35,69,69,69,96,109,121,140,165,178,178,178],"floor_reached":33,"playtime":1773,"items_purged":["Defend_R","Strike_R","Strike_R"],"score":459,"play_id":"9c08cc9f-217e-4ced-ac02-35ca424c149f","local_time":"20180726210013","is_ascension_mode":true,"campfire_choices":[{"data":"Flex","floor":6,"key":"SMITH"},{"data":"Rampage","floor":11,"key":"SMITH"},{"floor":15,"key":"REST"},{"floor":32,"key":"REST"}],"neow_cost":"NONE","seed_source_timestamp":3453154964400257,"circlet_count":0,"master_deck":["Defend_R","Defend_R","Defend_R","Bash+1","Clash","Flex+1","Rampage+1","Seeing Red","Pommel Strike+1","Metallicize","Bite+1","Bite+1","Bite+1","Bite+1","Bite+1","Dropkick+1"],"relics":["Runic Pyramid","The Courier","Whetstone","Molten Egg 2","Busted Crown","Dream Catcher","Pen Nib","Vajra"],"potions_floor_usage":[10,13,16,18,23,30,30],"damage_taken":[{"damage":4,"enemies":"Cultist","floor":1,"turns":5},{"damage":0,"enemies":"Jaw Worm","floor":2,"turns":3},{"damage":1,"enemies":"2 Louse","floor":4,"turns":2},{"damage":13,"enemies":"Gremlin Nob","floor":7,"turns":3},{"damage":4,"enemies":"Large Slime","floor":10,"turns":5},{"damage":9,"enemies":"Red Slaver","floor":12,"turns":2},{"damage":3,"enemies":"Blue Slaver","floor":13,"turns":2},{"damage":4,"enemies":"3 Sentries","floor":14,"turns":5},{"damage":15,"enemies":"The Guardian","floor":16,"turns":10},{"damage":6,"enemies":"2 Thieves","floor":18,"turns":3},{"damage":4,"enemies":"Shell Parasite","floor":20,"turns":3},{"damage":50,"enemies":"Book of Stabbing","floor":23,"turns":5},{"damage":9,"enemies":"Chosen and Byrds","floor":27,"turns":4},{"damage":3,"enemies":"3 Cultists","floor":28,"turns":5},{"damage":41,"enemies":"Centurion and Healer","floor":29,"turns":4},{"damage":17,"enemies":"Slavers","floor":30,"turns":4},{"damage":24,"enemies":"Snake Plant","floor":31,"turns":2},{"damage":60,"enemies":"Collector","floor":33,"turns":5}],"seed_played":"6319478657000100653","potions_obtained":[{"floor":2,"key":"Block Potion"},{"floor":4,"key":"Fire Potion"},{"floor":10,"key":"Strength Potion"},{"floor":14,"key":"Block Potion"},{"floor":18,"key":"PowerPotion"},{"floor":27,"key":"SkillPotion"},{"floor":28,"key":"PowerPotion"}],"is_trial":false,"path_per_floor":["M","M","$","M","?","R","E","$","T","M","R","M","M","E","R","B",null,"M","$","M","$","?","E","?","$","T","M","M","M","E","M","R"],"character_chosen":"IRONCLAD","items_purchased":["Metallicize"],"campfire_rested":2,"item_purchase_floors":[21],"current_hp_per_floor":[68,68,68,67,67,67,54,54,54,50,50,41,38,34,58,43,71,65,65,61,61,61,11,11,11,11,26,56,30,31,16,32,0],"gold":178,"neow_bonus":"BOSS_RELIC","is_prod":false,"is_daily":false,"chose_seed":false,"campfire_upgraded":2,"win_rate":0,"timestamp":1532631613,"path_taken":["M","M","$","?","?","R","E","$","T","?","R","M","M","E","R","BOSS","M","$","M","$","?","E","?","?","T","M","M","M","E","M","R","BOSS"],"build_version":"2018-07-19v2","purchased_purges":3,"victory":false,"max_hp_per_floor":[80,80,80,80,80,80,80,80,80,80,80,80,80,80,80,80,80,80,80,80,80,80,80,56,56,56,56,56,56,56,56,56,56],"card_choices":[{"not_picked":["Sever Soul","Bloodletting"],"picked":"Clash","floor":1},{"not_picked":["Sever Soul","Perfected Strike","Cleave"],"picked":"SKIP","floor":2},{"not_picked":["Flame Barrier","Iron Wave"],"picked":"Flex","floor":4},{"not_picked":["Entrench","Barricade","Wild Strike"],"picked":"SKIP","floor":7},{"not_picked":["Clothesline","Sword Boomerang"],"picked":"Rampage","floor":10},{"not_picked":["Shrug It Off","Armaments","Berserk"],"picked":"SKIP","floor":12},{"not_picked":["Clothesline","Armaments","Reckless Charge"],"picked":"SKIP","floor":13},{"not_picked":["Berserk","Perfected Strike"],"picked":"Seeing Red","floor":14},{"not_picked":[],"picked":"Pommel Strike+1","floor":18},{"not_picked":["Havoc"],"picked":"SKIP","floor":20},{"not_picked":["Havoc+1"],"picked":"SKIP","floor":23},{"not_picked":["Pummel+1"],"picked":"SKIP","floor":27},{"not_picked":[],"picked":"Dropkick+1","floor":28},{"not_picked":["Carnage+1"],"picked":"SKIP","floor":29},{"not_picked":["Cleave+1"],"picked":"SKIP","floor":30},{"not_picked":["Body Slam+1"],"picked":"SKIP","floor":31}],"player_experience":374337,"relics_obtained":[{"floor":7,"key":"The Courier"},{"floor":9,"key":"Whetstone"},{"floor":14,"key":"Molten Egg 2"},{"floor":23,"key":"Dream Catcher"},{"floor":26,"key":"Pen Nib"},{"floor":30,"key":"Vajra"}],"event_choices":[{"event_name":"Living Wall","player_choice":"Forget","floor":5,"damage_taken":0},{"event_name":"Beggar","player_choice":"Ignored","floor":22,"damage_taken":0},{"event_name":"Vampires","player_choice":"Became a vampire","floor":24,"damage_taken":0}],"is_beta":false,"boss_relics":[{"not_picked":["Empty Cage","Velvet Choker"],"picked":"Busted Crown"}],"items_purged_floors":[3,8,19],"is_endless":false,"potions_floor_spawned":[2,4,10,14,18,27,28],"killed_by":"Collector","ascension_level":9}