{"path_per_floor":["M","$","?","T","M","R","E","?","T","E","$","?","R","M","R","B",null,"M","$","M","?","M","E","R","M","T","M","E","R","E","M","R","B",null,"M","M","M","$","M","R","M","R","T","?","M","$","E","M","R","B"],"character_chosen":"IRONCLAD","items_purchased":["Metallicize","Mercury Hourglass","Clash","Kunai","Evolve"],"gold_per_floor":[114,37,137,209,226,226,257,332,380,411,49,14,14,26,26,121,121,139,39,55,55,66,101,101,119,119,131,158,158,185,202,202,301,301,313,333,343,89,105,105,122,122,146,146,164,82,112,127,127,127],"floor_reached":51,"campfire_rested":0,"playtime":2796,"item_purchase_floors":[2,11,11,38,46],"current_hp_per_floor":[80,80,80,80,80,80,53,42,42,33,33,53,53,59,59,40,80,80,80,80,56,38,38,38,52,52,56,56,56,56,56,56,37,56,46,52,56,56,56,56,56,56,56,56,56,56,56,56,56,44],"items_purged":["Defend_R","Defend_R"],"gold":127,"score":880,"play_id":"9a312c14-c526-42df-82c1-76065555f923","local_time":"20180607014303","is_prod":false,"is_daily":false,"chose_seed":false,"is_ascension_mode":true,"campfire_upgraded":9,"win_rate":0,"timestamp":1528328583,"campfire_choices":[{"data":"Metallicize","floor":6,"key":"SMITH"},{"data":"Metallicize","floor":13,"key":"SMITH"},{"data":"Clash","floor":15,"key":"SMITH"},{"data":"Offering","floor":24,"key":"SMITH"},{"data":"Bite","floor":29,"key":"SMITH"},{"data":"Clash","floor":32,"key":"SMITH"},{"data":"Barricade","floor":40,"key":"SMITH"},{"data":"Bash","floor":42,"key":"SMITH"},{"data":"Evolve","floor":49,"key":"SMITH"}],"path_taken":["M","$","?","?","M","R","E","?","T","E","$","?","R","M","R","BOSS","M","$","M","?","M","E","R","M","T","M","E","R","E","M","R","BOSS","M","M","M","$","?","R","M","R","T","?","?","$","E","M","R","BOSS"],"build_version":"2018-05-31","seed_source_timestamp":1826085459643120,"purchased_purges":2,"victory":true,"master_deck":["Defend_R+1","Defend_R+1","Bash+1","Metallicize+1","Metallicize+1","Clash+1","Offering+1","Thunderclap","Clash+1","Bite","Bite","Bite+1","Bite","Bite","Metallicize+1","Cleave+1","Barricade+1","Warcry+1","Clash+1","Evolve+1","Pommel Strike+1"],"max_hp_per_floor":[80,80,80,80,80,80,80,80,80,80,80,80,80,80,80,80,80,80,80,80,56,56,56,56,56,56,56,56,56,56,56,56,56,56,56,56,56,56,56,56,56,56,56,56,56,56,56,56,56,56],"relics":["Burning Blood","Ancient Tea Set","Ornamental Fan","Toolbox","War Paint","Question Card","Mercury Hourglass","Philosopher\u0027s Stone","Happy Flower","Bronze Scales","Art of War","Pen Nib","Cursed Key","Kunai","Dream Catcher","Vajra"],"card_choices":[{"not_picked":["Twin Strike","Clothesline"],"picked":"Metallicize","floor":1},{"not_picked":["Havoc","Reckless Charge","Second Wind"],"picked":"SKIP","floor":5},{"not_picked":["True Grit","Sword Boomerang","Combust"],"picked":"SKIP","floor":7},{"not_picked":["True Grit","Bloodletting","Heavy Blade"],"picked":"SKIP","floor":10},{"not_picked":["Entrench","Carnage","Iron Wave","Sword Boomerang"],"picked":"SKIP","floor":14},{"not_picked":["Reaper","Demon Form","Fiend Fire"],"picked":"Offering","floor":16},{"not_picked":["Body Slam+1","Infernal Blade","Feel No Pain+1"],"picked":"Thunderclap","floor":18},{"not_picked":["Havoc","Iron Wave","Battle Trance"],"picked":"Clash","floor":20},{"not_picked":["Iron Wave","Bloodletting","Pummel","Twin Strike"],"picked":"SKIP","floor":22},{"not_picked":["Headbutt+1","Immolate","Iron Wave+1"],"picked":"Metallicize+1","floor":23},{"not_picked":["Havoc","Iron Wave","Sentinel"],"picked":"Cleave+1","floor":25},{"not_picked":["Headbutt","Perfected Strike","Sword Boomerang+1","Havoc+1"],"picked":"SKIP","floor":27},{"not_picked":["Intimidate","Anger","Carnage+1","Armaments"],"picked":"SKIP","floor":28},{"not_picked":["Sword Boomerang+1","Anger","Dark Embrace","Whirlwind+1"],"picked":"SKIP","floor":30},{"not_picked":["Heavy Blade","True Grit","Bloodletting","Entrench+1"],"picked":"SKIP","floor":31},{"not_picked":["Exhume","Juggernaut","Demon Form"],"picked":"Barricade","floor":33},{"not_picked":["Feel No Pain","Wild Strike","Iron Wave","True Grit"],"picked":"SKIP","floor":35},{"not_picked":["Twin Strike+1","Pummel+1","Thunderclap"],"picked":"Warcry+1","floor":36},{"not_picked":["Thunderclap","Entrench","True Grit","Armaments"],"picked":"SKIP","floor":37},{"not_picked":["Sever Soul","Bludgeon","Anger","Second Wind+1"],"picked":"SKIP","floor":39},{"not_picked":["Headbutt+1","Pummel+1","Shrug It Off+1","Twin Strike"],"picked":"SKIP","floor":41},{"not_picked":["True Grit","Pommel Strike","Searing Blow+1"],"picked":"Clash+1","floor":45},{"not_picked":["Twin Strike","True Grit","Wild Strike","Clothesline"],"picked":"SKIP","floor":47},{"not_picked":["Sentinel","Headbutt","Cleave"],"picked":"Pommel Strike+1","floor":48}],"player_experience":223271,"potions_floor_usage":[10,23,33,33,36,47,50,50,50],"damage_taken":[{"damage":6,"enemies":"2 Louse","floor":1,"turns":3},{"damage":3,"enemies":"Cultist","floor":5,"turns":5},{"damage":33,"enemies":"Lagavulin","floor":7,"turns":8},{"damage":15,"enemies":"Gremlin Nob","floor":10,"turns":5},{"damage":0,"enemies":"Small Slimes","floor":14,"turns":2},{"damage":25,"enemies":"Slime Boss","floor":16,"turns":13},{"damage":5,"enemies":"Shell Parasite","floor":18,"turns":3},{"damage":5,"enemies":"2 Thieves","floor":20,"turns":3},{"damage":28,"enemies":"Snake Plant","floor":22,"turns":3},{"damage":24,"enemies":"Gremlin Leader","floor":23,"turns":5},{"damage":4,"enemies":"Sentry and Sphere","floor":25,"turns":3},{"damage":4,"enemies":"Centurion and Healer","floor":27,"turns":4},{"damage":9,"enemies":"Slavers","floor":28,"turns":3},{"damage":4,"enemies":"Gremlin Leader","floor":30,"turns":3},{"damage":4,"enemies":"Snecko","floor":31,"turns":4},{"damage":35,"enemies":"Automaton","floor":33,"turns":7},{"damage":18,"enemies":"Orb Walker","floor":35,"turns":2},{"damage":10,"enemies":"3 Shapes","floor":36,"turns":5},{"damage":4,"enemies":"Sphere and 2 Shapes","floor":37,"turns":6},{"damage":4,"enemies":"3 Darklings","floor":39,"turns":3},{"damage":7,"enemies":"4 Shapes","floor":41,"turns":3},{"damage":4,"enemies":"Maw","floor":45,"turns":5},{"damage":14,"enemies":"Giant Head","floor":47,"turns":6},{"damage":9,"enemies":"3 Darklings","floor":48,"turns":4},{"damage":48,"enemies":"Donu and Deca","floor":50,"turns":8}],"relics_obtained":[{"floor":4,"key":"Ornamental Fan"},{"floor":7,"key":"Toolbox"},{"floor":9,"key":"War Paint"},{"floor":10,"key":"Question Card"},{"floor":23,"key":"Happy Flower"},{"floor":26,"key":"Bronze Scales"},{"floor":28,"key":"Art of War"},{"floor":30,"key":"Pen Nib"},{"floor":43,"key":"Dream Catcher"},{"floor":47,"key":"Vajra"}],"event_choices":[{"event_name":"Golden Shrine","player_choice":"Pray","floor":3,"damage_taken":0},{"event_name":"World of Goop","player_choice":"Gather Gold","floor":8,"damage_taken":0},{"event_name":"The Cleric","player_choice":"Healed","floor":12,"damage_taken":0},{"event_name":"Vampires","player_choice":"Became a vampire","floor":21,"damage_taken":0},{"event_name":"Purifier","player_choice":"One Purge","floor":44,"damage_taken":0}],"boss_relics":[{"not_picked":["Snecko Eye","Velvet Choker"],"picked":"Philosopher\u0027s Stone"},{"not_picked":["Runic Pyramid","Black Blood"],"picked":"Cursed Key"}],"items_purged_floors":[11,19],"potions_floor_spawned":[7,14,22,25,28,31,35,45,47,48],"seed_played":"7670410705394240696","ascension_level":3,"potions_obtained":[{"floor":7,"key":"AttackPotion"},{"floor":14,"key":"Dexterity Potion"},{"floor":22,"key":"Block Potion"},{"floor":25,"key":"Regen Potion"},{"floor":28,"key":"FearPotion"},{"floor":35,"key":"BloodPotion"},{"floor":45,"key":"FearPotion"},{"floor":47,"key":"Dexterity Potion"},{"floor":48,"key":"EssenceOfSteel"}],"is_trial":false}