{"gold_per_floor":[119,44,44,119,136,136,165,165,219,292,324,324,38,49,49,122,122,94,94,94,24,38,38,65,65,136,150,150,160,210,210],"floor_reached":31,"playtime":1476,"items_purged":["Defend_G"],"score":497,"play_id":"04875c0f-da77-4b93-b1b1-a4bd5964d935","local_time":"20190510202636","is_ascension_mode":true,"campfire_choices":[{"data":"Footwork","floor":6,"key":"SMITH"},{"data":"Neutralize","floor":8,"key":"SMITH"},{"data":"Defend_G","floor":12,"key":"SMITH"},{"data":"Defend_G","floor":15,"key":"SMITH"},{"floor":23,"key":"REST"},{"floor":25,"key":"REST"},{"floor":28,"key":"REST"}],"neow_cost":"NONE","seed_source_timestamp":3566494624794746,"circlet_count":0,"master_deck":["AscendersBane","Defend_G","Defend_G+1","Defend_G+1","Defend_G+1","Strike_G","Strike_G","Strike_G","Strike_G","Strike_G+1","Survivor","Neutralize+1","Footwork+1","Backstab","Storm of Steel","Doppelganger+1","Masterful Stab","Infinite Blades","Accuracy","Masterful Stab","Backflip"],"relics":["Ring of the Snake","NeowsBlessing","Juzu Bracelet","Bronze Scales","Oddly Smooth Stone","Calipers","Fusion Hammer","Centennial Puzzle","Paper Crane"],"potions_floor_usage":[11,11,16,31],"damage_taken":[{"damage":0,"enemies":"2 Louse","floor":1,"turns":1},{"damage":0,"enemies":"Jaw Worm","floor":5,"turns":1},{"damage":0,"enemies":"Lagavulin","floor":7,"turns":1},{"damage":2,"enemies":"3 Sentries","floor":11,"turns":12},{"damage":0,"enemies":"Cultist","floor":14,"turns":4},{"damage":3,"enemies":"The Guardian","floor":16,"turns":17},{"damage":10,"enemies":"2 Thieves","floor":18,"turns":5},{"damage":0,"enemies":"3 Byrds","floor":22,"turns":4},{"damage":60,"enemies":"Slavers","floor":24,"turns":8},{"damage":12,"enemies":"Snake Plant","floor":27,"turns":4},{"damage":0,"enemies":"Chosen and Byrds","floor":29,"turns":4},{"damage":30,"enemies":"Gremlin Leader","floor":31,"turns":6}],"seed_played":"8854029278493888619","potions_obtained":[{"floor":1,"key":"EssenceOfSteel"},{"floor":5,"key":"EssenceOfSteel"},{"floor":14,"key":"Strength Potion"},{"floor":18,"key":"Ancient Potion"},{"floor":27,"key":"Poison Potion"}],"is_trial":false,"path_per_floor":["M","$","?","?","M","R","E","R","T","?","E","R","$","M","R","B",null,"M","?","?","$","M","R","E","R","T","M","R","M","?","E"],"character_chosen":"THE_SILENT","items_purchased":["Calipers","Accuracy"],"campfire_rested":3,"item_purchase_floors":[13,21],"current_hp_per_floor":[59,59,39,28,28,28,28,28,28,28,26,26,26,26,26,23,55,45,45,45,45,45,64,4,23,23,11,30,30,30,0],"gold":210,"neow_bonus":"THREE_ENEMY_KILL","is_prod":false,"is_daily":false,"chose_seed":false,"campfire_upgraded":4,"win_rate":0,"timestamp":1557512796,"path_taken":["M","$","?","?","M","R","E","R","T","?","E","R","$","M","R","BOSS","M","?","?","$","M","R","E","R","T","M","R","M","?","E"],"build_version":"2019-01-23","purchased_purges":1,"victory":false,"max_hp_per_floor":[66,66,66,66,66,66,66,66,66,66,66,66,66,66,66,66,66,66,66,66,66,66,66,66,66,66,66,66,66,66,66],"card_choices":[{"not_picked":["Slice","Concentrate"],"picked":"Footwork","floor":1},{"not_picked":["Bane","Acrobatics"],"picked":"Backstab","floor":5},{"not_picked":["Slice","Dagger Throw"],"picked":"Storm of Steel","floor":7},{"not_picked":["Heel Hook","Choke","Acrobatics"],"picked":"SKIP","floor":11},{"not_picked":["Poisoned Stab","Setup","Outmaneuver"],"picked":"SKIP","floor":14},{"not_picked":["Grand Finale","Corpse Explosion"],"picked":"Doppelganger","floor":16},{"not_picked":["Sucker Punch","Quick Slash"],"picked":"Masterful Stab","floor":18},{"not_picked":["Tactician","PiercingWail","Dagger Throw"],"picked":"SKIP","floor":22},{"not_picked":["Choke+1","Deflect+1"],"picked":"Masterful Stab","floor":24},{"not_picked":["Dodge and Roll","Dagger Spray","PiercingWail"],"picked":"SKIP","floor":27},{"not_picked":["Bane","Dodge and Roll"],"picked":"Backflip","floor":29}],"player_experience":514201,"relics_obtained":[{"floor":7,"key":"Juzu Bracelet"},{"floor":9,"key":"Bronze Scales"},{"floor":11,"key":"Oddly Smooth Stone"},{"floor":24,"key":"Centennial Puzzle"},{"floor":26,"key":"Paper Crane"}],"event_choices":[{"damage_healed":0,"gold_gain":0,"player_choice":"Entered Light","damage_taken":20,"max_hp_gain":0,"max_hp_loss":0,"event_name":"Shining Light","floor":3,"gold_loss":0,"cards_upgraded":["Defend_G","Strike_G"]},{"damage_healed":0,"gold_gain":75,"player_choice":"Gather Gold","damage_taken":11,"max_hp_gain":0,"max_hp_loss":0,"event_name":"World of Goop","floor":4,"gold_loss":0},{"damage_healed":0,"gold_gain":73,"player_choice":"Gained Gold","damage_taken":0,"max_hp_gain":0,"max_hp_loss":0,"event_name":"Golden Wing","floor":10,"gold_loss":0},{"damage_healed":0,"gold_gain":0,"player_choice":"Forge","damage_taken":0,"max_hp_gain":0,"max_hp_loss":0,"event_name":"Accursed Blacksmith","floor":19,"gold_loss":0,"cards_upgraded":["Doppelganger"]},{"damage_healed":0,"gold_gain":0,"player_choice":"Read","damage_taken":0,"max_hp_gain":0,"max_hp_loss":0,"event_name":"The Library","floor":20,"gold_loss":0,"cards_obtained":["Infinite Blades"]},{"damage_healed":0,"gold_gain":50,"player_choice":"Pray","damage_taken":0,"max_hp_gain":0,"max_hp_loss":0,"event_name":"Golden Shrine","floor":30,"gold_loss":0}],"is_beta":false,"boss_relics":[{"not_picked":["Ring of the Serpent","White Beast Statue"],"picked":"Fusion Hammer"}],"items_purged_floors":[2],"is_endless":false,"potions_floor_spawned":[1,5,14,18,27],"killed_by":"Gremlin Leader","ascension_level":15}