{"gold_per_floor":[13,113,128,148,27,62,62,97,149,179,198,223,47,67,67,163,163,181,56,73,92,92,149,149,74,74,74],"floor_reached":27,"playtime":4016,"items_purged":["Strike_R","Strike_R","Defend_R"],"score":261,"play_id":"fd230b61-2239-4658-935d-74e2ad2136c3","local_time":"20180709025508","is_ascension_mode":false,"campfire_choices":[{"data":"Strike_R","floor":15,"key":"PURGE"},{"data":"Armaments","floor":24,"key":"SMITH"}],"neow_cost":"NO_GOLD","seed_source_timestamp":248587943738164,"circlet_count":0,"master_deck":["Defend_R","Defend_R","Bash","Rampage","Heavy Blade","Armaments+1","Metallicize","Inflame","Evolve","Demon Form"],"relics":["Burning Blood","Kunai","Happy Flower","Pen Nib","Mummified Hand","Peace Pipe","Black Star","Omamori","Tiny Chest","Ornamental Fan"],"potions_floor_usage":[6,11,11,11,11,16,27],"damage_taken":[{"damage":2,"enemies":"2 Louse","floor":1,"turns":3},{"damage":1,"enemies":"Cultist","floor":3,"turns":3},{"damage":0,"enemies":"Small Slimes","floor":4,"turns":3},{"damage":15,"enemies":"Gremlin Nob","floor":6,"turns":4},{"damage":21,"enemies":"Lagavulin","floor":8,"turns":7},{"damage":8,"enemies":"3 Sentries","floor":10,"turns":9},{"damage":18,"enemies":"Red Slaver","floor":11,"turns":5},{"damage":12,"enemies":"Lagavulin","floor":12,"turns":7},{"damage":7,"enemies":"Lots of Slimes","floor":14,"turns":5},{"damage":3,"enemies":"The Guardian","floor":16,"turns":9},{"damage":7,"enemies":"Shell Parasite","floor":18,"turns":3},{"damage":5,"enemies":"Chosen","floor":20,"turns":4},{"damage":9,"enemies":"Snecko","floor":21,"turns":4},{"damage":50,"enemies":"Book of Stabbing","floor":23,"turns":5},{"damage":35,"enemies":"Gremlin Leader","floor":27,"turns":5}],"seed_played":"7257040006947165673","potions_obtained":[{"floor":3,"key":"AttackPotion"},{"floor":4,"key":"Fire Potion"},{"floor":6,"key":"EntropicBrew"},{"floor":20,"key":"SteroidPotion"},{"floor":23,"key":"Ancient Potion"}],"is_trial":false,"path_per_floor":["M","?","M","M","$","E","?","E","T","E","M","E","$","M","R","B",null,"M","$","M","M","?","E","R","?","T"],"character_chosen":"IRONCLAD","items_purchased":["Armaments","Evolve"],"campfire_rested":0,"item_purchase_floors":[5,13],"current_hp_per_floor":[80,80,80,80,80,71,64,49,49,47,44,38,38,37,37,40,80,79,79,80,77,77,33,33,33,33,0],"gold":74,"neow_bonus":"REMOVE_TWO","is_prod":false,"is_daily":false,"chose_seed":false,"campfire_upgraded":1,"win_rate":0,"timestamp":1531119308,"path_taken":["M","?","?","M","?","E","?","E","T","E","M","E","$","?","R","BOSS","M","$","M","M","?","E","R","?","T","E"],"build_version":"2018-07-05","purchased_purges":3,"victory":false,"max_hp_per_floor":[80,80,80,80,80,80,80,80,80,80,80,80,80,80,80,80,80,80,80,80,80,80,80,80,80,80,80],"card_choices":[{"not_picked":["Thunderclap","Seeing Red"],"picked":"Rampage","floor":1},{"not_picked":["Ghostly Armor","Clothesline"],"picked":"Heavy Blade","floor":3},{"not_picked":["Body Slam","Rupture","Twin Strike"],"picked":"SKIP","floor":4},{"not_picked":["Heavy Blade","Warcry"],"picked":"Metallicize","floor":6},{"not_picked":["Rupture","Dual Wield","Juggernaut"],"picked":"SKIP","floor":8},{"not_picked":["Sentinel","Body Slam"],"picked":"Inflame","floor":10},{"not_picked":["Clothesline","Cleave","Thunderclap"],"picked":"SKIP","floor":11},{"not_picked":["Heavy Blade","Perfected Strike","Clothesline"],"picked":"SKIP","floor":12},{"not_picked":["Pommel Strike","Clash","Entrench"],"picked":"SKIP","floor":14},{"not_picked":["Dark Embrace","Juggernaut"],"picked":"Demon Form","floor":16},{"not_picked":["Blood for Blood","Sword Boomerang+1","Battle Trance"],"picked":"SKIP","floor":18},{"not_picked":["Clash","Second Wind","Clothesline+1"],"picked":"SKIP","floor":20},{"not_picked":["Infernal Blade","Thunderclap+1","Entrench"],"picked":"SKIP","floor":21},{"not_picked":["Warcry","Exhume","Shrug It Off"],"picked":"SKIP","floor":23}],"player_experience":210492,"relics_obtained":[{"floor":6,"key":"Kunai"},{"floor":8,"key":"Happy Flower"},{"floor":9,"key":"Pen Nib"},{"floor":10,"key":"Mummified Hand"},{"floor":12,"key":"Peace Pipe"},{"floor":23,"key":"Omamori"},{"floor":23,"key":"Tiny Chest"},{"floor":26,"key":"Ornamental Fan"}],"event_choices":[{"event_name":"Golden Shrine","player_choice":"Pray","floor":2,"damage_taken":0},{"event_name":"Golden Wing","player_choice":"Card Removal","floor":7,"damage_taken":0},{"event_name":"Forgotten Altar","player_choice":"Smashed Altar","floor":22,"damage_taken":0},{"event_name":"Beggar","player_choice":"Gave Gold","floor":25,"damage_taken":0}],"boss_relics":[{"not_picked":["Orrery","Philosopher\u0027s Stone"],"picked":"Black Star"}],"items_purged_floors":[5,13,19],"is_endless":false,"potions_floor_spawned":[3,4,6,20,23],"killed_by":"Gremlin Leader","ascension_level":0}