{"gold_per_floor":[14,24,24,24,24,57,57,57,357,357,388,401,21,21,21,142,142,166,185,85,0,19,52,52,85,110,110,150,170,170,186,186,316,316,329,385,260,260,0,0],"floor_reached":40,"playtime":2870,"items_purged":["Strike_R","Strike_R","Strike_R"],"score":448,"play_id":"17e771d4-f97c-47cb-ae06-e7e07b52c499","local_time":"20180710022057","is_ascension_mode":false,"campfire_choices":[{"data":"Bludgeon","floor":7,"key":"SMITH"},{"floor":10,"key":"REST"},{"floor":15,"key":"REST"},{"floor":24,"key":"REST"},{"floor":27,"key":"REST"},{"floor":32,"key":"REST"}],"neow_cost":"NO_GOLD","seed_source_timestamp":334081156305487,"circlet_count":0,"master_deck":["Strike_R","Strike_R+1","Defend_R+1","Defend_R","Defend_R","Defend_R","Bash","Bludgeon+1","Spot Weakness","Shrug It Off","Injury","Seeing Red","Armaments+1","Offering+1","Sword Boomerang","Sword Boomerang+1","Exhume+1","Flex+1","Swift Strike","Secret Weapon+1","Dramatic Entrance"],"relics":["Burning Blood","GremlinMask","Blood Vial","Golden Idol","Old Coin","Happy Flower","Toxic Egg 2","Runic Cube","Oddly Smooth Stone","Kunai","Potion Belt","Singing Bowl","Charon\u0027s Ashes","Dodecahedron","Busted Crown","Incense Burner","Red Mask"],"potions_floor_usage":[11,22,23],"damage_taken":[{"damage":0,"enemies":"Small Slimes","floor":1,"turns":2},{"damage":11,"enemies":"Jaw Worm","floor":2,"turns":2},{"damage":27,"enemies":"Gremlin Nob","floor":6,"turns":4},{"damage":51,"enemies":"Lagavulin","floor":11,"turns":8},{"damage":5,"enemies":"2 Louse","floor":12,"turns":3},{"damage":29,"enemies":"The Guardian","floor":16,"turns":12},{"damage":21,"enemies":"Chosen","floor":18,"turns":5},{"damage":14,"enemies":"Spheric Guardian","floor":19,"turns":4},{"damage":26,"enemies":"Centurion and Healer","floor":22,"turns":5},{"damage":19,"enemies":"Book of Stabbing","floor":23,"turns":4},{"damage":29,"enemies":"Gremlin Leader","floor":25,"turns":6},{"damage":37,"enemies":"Book of Stabbing","floor":28,"turns":5},{"damage":10,"enemies":"Slaver and Parasite","floor":29,"turns":7},{"damage":10,"enemies":"Snake Plant","floor":31,"turns":3},{"damage":63,"enemies":"Champ","floor":33,"turns":7},{"damage":25,"enemies":"3 Darklings","floor":35,"turns":3},{"damage":38,"floor":36,"turns":5},{"damage":62,"enemies":"Giant Head","floor":40,"turns":7}],"seed_played":"1392831073208817443","potions_obtained":[{"floor":1,"key":"SkillPotion"},{"floor":12,"key":"Swift Potion"},{"floor":18,"key":"Fire Potion"},{"floor":19,"key":"BloodPotion"},{"floor":25,"key":"SmokeBomb"},{"floor":31,"key":"AttackPotion"},{"floor":35,"key":"SteroidPotion"}],"is_trial":false,"path_per_floor":["M","M","?","$","?","E","R","?","T","R","E","M","$","?","R","B",null,"M","M","$","?","M","E","R","E","T","R","E","M","T","M","R","B",null,"M","?","$","?","?"],"character_chosen":"IRONCLAD","items_purchased":["Toxic Egg 2","Armaments+1"],"campfire_rested":5,"item_purchase_floors":[13,13],"current_hp_per_floor":[80,75,59,59,59,38,38,38,38,62,19,22,22,22,46,25,80,65,59,59,59,49,38,62,41,41,65,38,38,38,38,63,8,86,67,39,39,29,29,0],"gold":0,"neow_bonus":"THREE_RARE_CARDS","is_prod":false,"is_daily":false,"chose_seed":false,"campfire_upgraded":1,"win_rate":0,"timestamp":1531203657,"path_taken":["M","M","?","$","?","E","R","?","T","R","E","M","$","?","R","BOSS","M","M","$","?","M","E","R","E","T","R","E","?","?","M","R","BOSS","M","?","$","?","?","E"],"build_version":"2018-07-05","purchased_purges":3,"victory":false,"max_hp_per_floor":[80,80,80,80,80,80,80,80,80,80,80,80,80,80,80,80,80,80,80,80,80,80,80,80,80,80,80,82,84,84,86,86,86,86,86,88,88,88,88,88],"card_choices":[{"not_picked":["Dark Embrace","Offering"],"picked":"Bludgeon","floor":0},{"not_picked":["Ghostly Armor","Feel No Pain","Clash"],"picked":"SKIP","floor":1},{"not_picked":["Ghostly Armor","Flex"],"picked":"Spot Weakness","floor":2},{"not_picked":["Anger","True Grit"],"picked":"Shrug It Off","floor":6},{"not_picked":["Shrug It Off","Feed","Iron Wave"],"picked":"SKIP","floor":11},{"not_picked":["Spot Weakness","Body Slam"],"picked":"Seeing Red","floor":12},{"not_picked":["Brutality","Immolate"],"picked":"Offering+1","floor":16},{"not_picked":["Intimidate+1","Perfected Strike","Headbutt"],"picked":"SKIP","floor":18},{"not_picked":["Headbutt","Fire Breathing"],"picked":"Sword Boomerang","floor":19},{"not_picked":["Havoc+1","Rage+1"],"picked":"Sword Boomerang+1","floor":22},{"not_picked":["Ghostly Armor+1","Perfected Strike","Body Slam"],"picked":"SKIP","floor":23},{"not_picked":["True Grit+1","Thunderclap","Cleave"],"picked":"SKIP","floor":25},{"not_picked":["Entrench+1","Flame Barrier+1","Wild Strike+1"],"picked":"Singing Bowl","floor":28},{"not_picked":["Uppercut","Power Through+1","Shrug It Off+1"],"picked":"Singing Bowl","floor":29},{"not_picked":["Warcry+1","Battle Trance+1","Dropkick"],"picked":"Singing Bowl","floor":31},{"not_picked":["Barricade","Feed"],"picked":"Exhume+1","floor":33},{"not_picked":[],"picked":"Flex+1","floor":35},{"not_picked":["Armaments+1"],"picked":"Singing Bowl","floor":36},{"not_picked":[],"picked":"Swift Strike","floor":38},{"not_picked":[],"picked":"Secret Weapon+1","floor":38},{"not_picked":[],"picked":"Dramatic Entrance","floor":38}],"player_experience":214508,"relics_obtained":[{"floor":6,"key":"Blood Vial"},{"floor":9,"key":"Old Coin"},{"floor":11,"key":"Happy Flower"},{"floor":23,"key":"Kunai"},{"floor":25,"key":"Potion Belt"},{"floor":26,"key":"Singing Bowl"},{"floor":28,"key":"Charon\u0027s Ashes"},{"floor":30,"key":"Dodecahedron"},{"floor":36,"key":"Incense Burner"}],"event_choices":[{"event_name":"Shining Light","player_choice":"Entered Light","floor":3,"damage_taken":0},{"event_name":"FaceTrader","player_choice":"Trade","floor":5,"damage_taken":0},{"event_name":"Golden Idol","player_choice":"Take Wound","floor":8,"damage_taken":0},{"event_name":"Liars Game","player_choice":"disagreed","floor":14,"damage_taken":0},{"event_name":"Addict","player_choice":"Obtained Relic","floor":21,"damage_taken":0},{"event_name":"Mysterious Sphere","player_choice":"Fight","floor":36,"damage_taken":0},{"event_name":"SensoryStone","player_choice":"Memory 3","floor":38,"damage_taken":0},{"event_name":"Tomb of Lord Red Mask","player_choice":"Paid","floor":39,"damage_taken":0}],"boss_relics":[{"not_picked":["Orrery","Calling Bell"],"picked":"Runic Cube"},{"not_picked":["Astrolabe","Black Star"],"picked":"Busted Crown"}],"items_purged_floors":[13,20,37],"is_endless":false,"potions_floor_spawned":[1,12,18,19,25,31,35],"killed_by":"Giant Head","ascension_level":0}