{"gold_per_floor":[110,122,136,136,136,170,170,95,118,143,143,154,189,201,201,201],"floor_reached":16,"playtime":1473,"items_purged":["Defend_B"],"score":120,"play_id":"3016ed42-b893-45ef-b07c-5c2f9da756c6","local_time":"20180727170039","is_ascension_mode":false,"campfire_choices":[{"floor":7.0,"key":"REST"},{"floor":11,"key":"REST"},{"floor":15,"key":"DIG"}],"neow_cost":"NONE","seed_source_timestamp":0,"circlet_count":0,"master_deck":["Strike_B","Strike_B","Strike_B","Strike_B","Defend_B","Defend_B","Zap","Dualcast","Reprogram","Steam","Glacier","Core Surge","BootSequence","FTL","Heatsinks"],"special_seed":0,"relics":["Cracked Core","Vajra","Boot","Shovel","Regal Pillow","Du-Vu Doll","Turnip","Omamori"],"potions_floor_usage":[13,14,14],"damage_taken":[{"damage":1.0,"enemies":"Cultist","floor":1.0,"turns":3.0},{"damage":7.0,"enemies":"Small Slimes","floor":2.0,"turns":3.0},{"damage":8.0,"enemies":"2 Louse","floor":3.0,"turns":2.0},{"damage":18.0,"enemies":"Lagavulin","floor":6.0,"turns":9.0},{"damage":5,"enemies":"3 Sentries","floor":10,"turns":8},{"damage":0,"enemies":"Looter","floor":12,"turns":2},{"damage":12,"enemies":"Gremlin Nob","floor":13,"turns":4},{"damage":0,"enemies":"Gremlin Gang","floor":14,"turns":4},{"damage":66,"enemies":"Hexaghost","floor":16,"turns":14}],"seed_played":"-2392786313531406466","potions_obtained":[{"floor":6.0,"key":"Dexterity Potion"},{"floor":10,"key":"Fire Potion"},{"floor":13,"key":"Dexterity Potion"}],"is_trial":false,"path_per_floor":["M","M","M","?","?","E","R","$","T","E","R","M","E","M","R"],"character_chosen":"DEFECT","items_purchased":[],"campfire_rested":2,"item_purchase_floors":[],"current_hp_per_floor":[74,67,59,52,45,27,49,49,49,44,75,75,63,63,63,0],"gold":201,"neow_bonus":"RANDOM_COMMON_RELIC","is_prod":false,"is_daily":false,"chose_seed":false,"campfire_upgraded":0,"win_rate":0,"timestamp":1532725239,"path_taken":["M","M","?","?","?","E","R","$","T","E","R","?","E","M","R","BOSS"],"build_version":"2018-07-26","purchased_purges":1,"victory":false,"max_hp_per_floor":[75,75,75,75,75,75,75,75,75,75,75,75,75,75,75,75],"card_choices":[{"not_picked":["Cold Snap","Ball Lightning"],"picked":"Reprogram","floor":1.0},{"not_picked":["Heatsinks","Redo"],"picked":"Steam","floor":2.0},{"not_picked":["Reprogram","Double Energy"],"picked":"Glacier","floor":3.0},{"not_picked":["Hello World","Glacier"],"picked":"Core Surge","floor":6.0},{"not_picked":["Leap","Sweeping Beam"],"picked":"BootSequence","floor":10},{"not_picked":["Stack","Genetic Algorithm"],"picked":"FTL","floor":12},{"not_picked":["Cold Snap","Steam","Compile Driver"],"picked":"SKIP","floor":13},{"not_picked":["White Noise","Rebound"],"picked":"Heatsinks","floor":14}],"player_experience":522574,"relics_obtained":[{"floor":6.0,"key":"Shovel"},{"floor":9,"key":"Regal Pillow"},{"floor":10,"key":"Du-Vu Doll"},{"floor":13,"key":"Turnip"},{"floor":15,"key":"Omamori"}],"event_choices":[{"event_name":"Scrap Ooze","player_choice":"success","floor":4.0,"damage_taken":7.0},{"event_name":"Golden Wing","player_choice":"Card Removal","floor":5.0,"damage_taken":0.0}],"is_beta":false,"boss_relics":[],"items_purged_floors":[8],"is_endless":false,"potions_floor_spawned":[6,10,13],"killed_by":"Hexaghost","ascension_level":0}