{"gold_per_floor":[117,192,192,208,219,219,219,4,4,4,20,20,46,57,57,157,157,169,219,234,250,266,266,283,203,203,203,216,141,158,186,186,289,289,305,305,321,331,341,341,356,356,410,422],"floor_reached":44,"playtime":3410,"items_purged":["Strike_B"],"score":456,"play_id":"f79f97f9-3ead-469c-851b-60551a3a60d9","local_time":"20181208124548","is_ascension_mode":true,"campfire_choices":[{"floor":6.0,"key":"REST"},{"data":"Machine Learning","floor":10.0,"key":"SMITH"},{"floor":15.0,"key":"REST"},{"floor":23.0,"key":"REST"},{"data":"Double Energy","floor":27.0,"key":"SMITH"},{"floor":32.0,"key":"REST"},{"data":"Zap","floor":40,"key":"SMITH"}],"neow_cost":"NONE","seed_source_timestamp":0,"circlet_count":0,"master_deck":["Defend_B","Defend_B","Defend_B","Defend_B","Zap+1","Dualcast","Streamline","FTL","Machine Learning+1","Beam Cell","Gash","Genetic Algorithm","Biased Cognition","Hologram","Redo+1","Glacier+1","Double Energy+1","Ball Lightning+1","Beam Cell+1","Static Discharge+1","Capacitor+1","Beam Cell","Redo+1"],"special_seed":0,"relics":["FrozenCore","NeowsBlessing","Regal Pillow","Mummified Hand","Mercury Hourglass","Ornamental Fan","Frozen Egg 2","Kunai","Empty Cage","MawBank"],"potions_floor_usage":[37,39,41,44],"damage_taken":[{"damage":0.0,"enemies":"2 Louse","floor":1.0,"turns":1.0},{"damage":0.0,"enemies":"Small Slimes","floor":4.0,"turns":1.0},{"damage":0.0,"enemies":"Cultist","floor":5.0,"turns":1.0},{"damage":11.0,"enemies":"Exordium Thugs","floor":11.0,"turns":4.0},{"damage":16.0,"enemies":"Lagavulin","floor":13.0,"turns":5.0},{"damage":8.0,"enemies":"Gremlin Gang","floor":14.0,"turns":3.0},{"damage":63.0,"enemies":"The Guardian","floor":16.0,"turns":8.0},{"damage":0.0,"enemies":"Chosen","floor":18.0,"turns":4.0},{"damage":9.0,"enemies":"2 Thieves","floor":20.0,"turns":3.0},{"damage":17.0,"enemies":"Snake Plant","floor":21.0,"turns":5.0},{"damage":18.0,"enemies":"Centurion and Healer","floor":22.0,"turns":6.0},{"damage":4.0,"enemies":"Sentry and Sphere","floor":24.0,"turns":6.0},{"damage":5.0,"enemies":"Shelled Parasite and Fungi","floor":28.0,"turns":8.0},{"damage":1.0,"enemies":"Snake Plant","floor":30.0,"turns":4.0},{"damage":32.0,"enemies":"Gremlin Leader","floor":31.0,"turns":8.0},{"damage":58.0,"enemies":"Automaton","floor":33.0,"turns":11.0},{"damage":32,"enemies":"3 Shapes","floor":35,"turns":6},{"damage":6,"enemies":"3 Darklings","floor":37,"turns":5},{"damage":1,"enemies":"Sphere and 2 Shapes","floor":38,"turns":7},{"damage":26,"enemies":"Jaw Worm Horde","floor":39,"turns":6},{"damage":0,"enemies":"4 Shapes","floor":41,"turns":7},{"damage":22,"enemies":"Giant Head","floor":44,"turns":7}],"seed_played":"-6367117083286693367","potions_obtained":[{"floor":4.0,"key":"Strength Potion"},{"floor":11.0,"key":"Energy Potion"},{"floor":13.0,"key":"Energy Potion"},{"floor":16.0,"key":"PowerPotion"},{"floor":18.0,"key":"SpeedPotion"},{"floor":28.0,"key":"Swift Potion"},{"floor":31.0,"key":"Energy Potion"},{"floor":38,"key":"PowerPotion"},{"floor":39,"key":"SpeedPotion"}],"is_trial":false,"path_per_floor":["M","?","?","M","M","R","?","$","T","R","M","$","E","M","R","B",null,"M","?","M","M","M","R","M","$","T","R","M","?","M","E","R","B",null,"M","?","M","M","M","R","M","?","T","E"],"character_chosen":"DEFECT","items_purchased":["Machine Learning","Double Energy"],"campfire_rested":4,"item_purchase_floors":[8,25],"current_hp_per_floor":[75,64,31,31,31,68,68,68,68,68,57,57,41,33,70,7,75,75,75,66,49,31,68,64,64,64,64,59,59,58,26,63,5,75,43,43,37,36,10,10,10,10,10,0],"gold":422,"neow_bonus":"THREE_ENEMY_KILL","is_prod":false,"is_daily":false,"chose_seed":false,"campfire_upgraded":3,"win_rate":0,"timestamp":1544294748,"path_taken":["M","?","?","M","M","R","?","$","T","R","?","?","E","M","R","BOSS","M","?","M","M","M","R","M","$","T","R","?","?","M","E","R","BOSS","M","?","M","M","M","R","?","?","T","E"],"build_version":"2018-12-06","purchased_purges":1,"victory":false,"max_hp_per_floor":[75,75,75,75,75,75,75,75,75,75,75,75,75,75,75,75,75,75,75,75,75,75,75,75,75,75,75,75,75,75,75,75,75,75,75,75,75,75,75,75,75,75,75,75],"card_choices":[{"not_picked":["Go for the Eyes","Conserve Battery"],"picked":"Streamline","floor":1.0},{"not_picked":["Fusion","Barrage"],"picked":"Go for the Eyes","floor":4.0},{"not_picked":["Rebound","Coolheaded"],"picked":"FTL","floor":5.0},{"not_picked":["Leap","Redo"],"picked":"Beam Cell","floor":11.0},{"not_picked":["Core Surge","Aggregate"],"picked":"Gash","floor":13.0},{"not_picked":["Beam Cell","Turbo"],"picked":"Genetic Algorithm","floor":14.0},{"not_picked":["Echo Form","Fission"],"picked":"Biased Cognition","floor":16.0},{"not_picked":["Rebound","Sunder","Barrage"],"picked":"SKIP","floor":18.0},{"not_picked":["Leap+1","Streamline"],"picked":"Hologram","floor":20.0},{"not_picked":["Go for the Eyes","BootSequence+1"],"picked":"Redo+1","floor":21.0},{"not_picked":["Hologram","Gash"],"picked":"Glacier+1","floor":22.0},{"not_picked":["Fusion","Cold Snap","Compile Driver"],"picked":"SKIP","floor":24.0},{"not_picked":["Heatsinks+1","Tempest"],"picked":"Ball Lightning+1","floor":28.0},{"not_picked":["Sweeping Beam","Stack","Echo Form+1"],"picked":"SKIP","floor":30.0},{"not_picked":["BootSequence","Stack+1"],"picked":"Beam Cell+1","floor":31.0},{"not_picked":["Conserve Battery+1","Hologram+1"],"picked":"Static Discharge+1","floor":35},{"not_picked":["Sweeping Beam+1","Steam+1"],"picked":"Capacitor+1","floor":37},{"not_picked":["Turbo+1","Rebound+1"],"picked":"Beam Cell","floor":38},{"not_picked":["Heatsinks+1","Skim"],"picked":"Redo+1","floor":39},{"not_picked":["Buffer+1","Storm+1","Lockon"],"picked":"SKIP","floor":41}],"player_experience":95043,"relics_obtained":[{"floor":9.0,"key":"Mercury Hourglass"},{"floor":13.0,"key":"Ornamental Fan"},{"floor":26.0,"key":"Frozen Egg 2"},{"floor":31.0,"key":"Kunai"},{"floor":43,"key":"MawBank"}],"event_choices":[{"damage_healed":0.0,"max_hp_gain":0.0,"max_hp_loss":0.0,"gold_gain":75.0,"event_name":"World of Goop","player_choice":"Gather Gold","floor":2.0,"gold_loss":0.0,"damage_taken":11.0},{"damage_healed":0.0,"max_hp_gain":0.0,"max_hp_loss":0.0,"gold_gain":0.0,"event_name":"Scrap Ooze","player_choice":"Success","floor":3.0,"gold_loss":0.0,"damage_taken":33.0,"relics_obtained":["Regal Pillow"]},{"cards_removed":["Go for the Eyes"],"damage_healed":0.0,"max_hp_gain":0.0,"max_hp_loss":0.0,"gold_gain":0.0,"event_name":"WeMeetAgain","player_choice":"Gave Card","floor":7.0,"gold_loss":0.0,"damage_taken":0.0,"relics_obtained":["Mummified Hand"]},{"damage_healed":0.0,"max_hp_gain":0.0,"max_hp_loss":0.0,"gold_gain":100.0,"event_name":"The Joust","player_choice":"Bet on Murderer","floor":19.0,"gold_loss":50.0,"damage_taken":0.0},{"cards_removed":["Strike_B"],"damage_healed":0.0,"max_hp_gain":0.0,"max_hp_loss":0.0,"gold_gain":0.0,"event_name":"Beggar","player_choice":"Gave Gold","floor":29.0,"gold_loss":75.0,"damage_taken":0.0},{"damage_healed":0,"gold_gain":0,"player_choice":"Bought 0 Potions","damage_taken":0,"max_hp_gain":0,"max_hp_loss":0,"event_name":"The Woman in Blue","floor":36,"gold_loss":0},{"damage_healed":0,"gold_gain":0,"player_choice":"Ignored","damage_taken":0,"max_hp_gain":0,"max_hp_loss":0,"event_name":"Mysterious Sphere","floor":42,"gold_loss":0}],"is_beta":false,"boss_relics":[{"not_picked":["Coffee Dripper","Runic Dome"],"picked":"FrozenCore"},{"not_picked":["Snecko Eye","Eternal Feather"],"picked":"Empty Cage"}],"items_purged_floors":[8],"is_endless":false,"potions_floor_spawned":[4,11,13,16,18,28,31,38,39],"killed_by":"Giant Head","ascension_level":1}