{"gold_per_floor":[112,112,1,176,176,206,225,225,225,235,235,294,294,23,23,23],"floor_reached":16,"playtime":813,"items_purged":["Defend_B","Doubt"],"score":111,"play_id":"a9a83897-ded3-4e4a-ac6c-22c782938671","local_time":"20181208220104","is_ascension_mode":true,"campfire_choices":[{"floor":8,"key":"RECALL"},{"data":"Hologram","floor":15,"key":"SMITH"}],"neow_cost":"NONE","seed_source_timestamp":202715374376374,"circlet_count":0,"master_deck":["Strike_B+1","Strike_B","Strike_B","Defend_B","Defend_B","Defend_B","Zap","Dualcast","Go for the Eyes+1","Glacier","Reinforced Body","Storm","Hologram+1","Parasite","Multi-Cast","Injury","Coolheaded"],"relics":["Cracked Core","Happy Flower","Kunai","Tiny Chest","Golden Idol","Oddly Smooth Stone"],"potions_floor_usage":[16],"damage_taken":[{"damage":3,"enemies":"Jaw Worm","floor":1,"turns":4},{"damage":18,"enemies":"Lagavulin","floor":6,"turns":9},{"damage":0,"enemies":"2 Louse","floor":7,"turns":3},{"damage":3,"enemies":"Small Slimes","floor":10,"turns":2},{"damage":12,"enemies":"3 Sentries","floor":12,"turns":9},{"damage":44,"enemies":"Slime Boss","floor":16,"turns":17}],"seed_played":"-6207908133220953554","potions_obtained":[{"floor":1,"key":"Dexterity Potion"}],"is_trial":false,"path_per_floor":["M","?","$","?","?","E","M","R","T","M","?","E","?","$","R","B"],"character_chosen":"DEFECT","items_purchased":["Glacier","Oddly Smooth Stone","Coolheaded"],"campfire_rested":0,"item_purchase_floors":[3,14,14],"current_hp_per_floor":[72,72,72,72,57,39,39,39,39,36,54,42,42,42,42,0],"gold":23,"neow_bonus":"RANDOM_COMMON_RELIC","is_prod":false,"is_daily":false,"chose_seed":false,"campfire_upgraded":1,"win_rate":0,"timestamp":1544324464,"path_taken":["M","?","$","?","?","E","M","R","T","?","?","E","?","?","R","BOSS"],"build_version":"2018-12-06","purchased_purges":2,"victory":false,"max_hp_per_floor":[75,75,75,75,75,75,75,75,75,75,75,75,75,75,75,75],"card_choices":[{"not_picked":["Rip and Tear","Sweeping Beam"],"picked":"Go for the Eyes","floor":1},{"not_picked":["Lockon","Rebound"],"picked":"Reinforced Body","floor":6},{"not_picked":["Stack","Go for the Eyes"],"picked":"Storm","floor":7},{"not_picked":["Go for the Eyes","Compile Driver"],"picked":"Hologram","floor":10},{"not_picked":["Fusion","Lockon"],"picked":"Multi-Cast","floor":12}],"player_experience":90125,"relics_obtained":[{"floor":6,"key":"Kunai"},{"floor":12,"key":"Tiny Chest"}],"event_choices":[{"cards_removed":["Strike_B"],"damage_healed":0,"gold_gain":0,"player_choice":"Forget","damage_taken":0,"max_hp_gain":0,"max_hp_loss":0,"event_name":"Living Wall","floor":2,"gold_loss":0},{"damage_healed":0,"gold_gain":175,"player_choice":"AGREE","damage_taken":0,"max_hp_gain":0,"max_hp_loss":0,"event_name":"Liars Game","floor":4,"gold_loss":0,"cards_obtained":["Doubt"]},{"damage_healed":0,"gold_gain":0,"player_choice":"Entered Light","damage_taken":15,"max_hp_gain":0,"max_hp_loss":0,"event_name":"Shining Light","floor":5,"gold_loss":0,"cards_upgraded":["Strike_B","Go for the Eyes"]},{"damage_healed":18,"gold_gain":0,"player_choice":"Healed and dodged fight","damage_taken":0,"max_hp_gain":0,"max_hp_loss":0,"event_name":"Mushrooms","floor":11,"gold_loss":0,"cards_obtained":["Parasite"]},{"damage_healed":0,"gold_gain":0,"player_choice":"Take Wound","damage_taken":0,"relics_obtained":["Golden Idol"],"max_hp_gain":0,"max_hp_loss":0,"event_name":"Golden Idol","floor":13,"gold_loss":0,"cards_obtained":["Injury"]}],"is_beta":false,"boss_relics":[],"items_purged_floors":[3,14],"is_endless":false,"potions_floor_spawned":[1],"killed_by":"Slime Boss","ascension_level":1}