{"gold_per_floor":[115,17,17,17,17,46,46,78,78,78,95,115,115,142,142,142],"floor_reached":16,"playtime":1187,"items_purged":["Strike_G"],"score":128,"play_id":"a38853c3-09e6-456a-a8f7-aeee89f29ae8","local_time":"20181212184432","is_ascension_mode":true,"campfire_choices":[{"floor":7,"key":"REST"},{"floor":10,"key":"REST"},{"floor":15,"key":"REST"}],"neow_cost":"NONE","seed_source_timestamp":119789610243792,"circlet_count":0,"master_deck":["Defend_G","Defend_G","Defend_G","Defend_G","Defend_G","Strike_G","Strike_G","Survivor","Neutralize","Flechettes","Quick Slash","Slice","Cloak And Dagger","Backflip","Slice","Slice","Backflip","Malaise","Deflect"],"relics":["Ring of the Snake","Dream Catcher","Ancient Tea Set","Nunchaku","The Courier"],"potions_floor_usage":[6,16],"damage_taken":[{"damage":0,"enemies":"Cultist","floor":1,"turns":5},{"damage":48,"enemies":"Lagavulin","floor":6,"turns":11},{"damage":31,"enemies":"Gremlin Nob","floor":8,"turns":5},{"damage":0,"enemies":"2 Louse","floor":11,"turns":2},{"damage":0,"enemies":"Small Slimes","floor":12,"turns":2},{"damage":18,"enemies":"Lagavulin","floor":14,"turns":7},{"damage":50,"enemies":"Slime Boss","floor":16,"turns":13}],"seed_played":"3289303090236186286","potions_obtained":[{"floor":1,"key":"Energy Potion"},{"floor":14,"key":"SpeedPotion"}],"is_trial":false,"path_per_floor":["M","$","?","?","$","E","R","E","T","R","M","M","?","E","R","B"],"character_chosen":"THE_SILENT","items_purchased":["Quick Slash"],"campfire_rested":3,"item_purchase_floors":[2],"current_hp_per_floor":[70,70,75,75,75,27,49,18,18,40,40,40,40,22,44,0],"gold":142,"neow_bonus":"REMOVE_CARD","is_prod":false,"is_daily":false,"chose_seed":false,"campfire_upgraded":0,"win_rate":0,"timestamp":1544661872,"path_taken":["M","?","?","?","$","E","R","E","T","R","M","M","?","E","R","BOSS"],"build_version":"2018-12-06","purchased_purges":1,"victory":false,"max_hp_per_floor":[70,70,75,75,75,75,75,75,75,75,75,75,75,75,75,75],"card_choices":[{"not_picked":["Deadly Poison","Bane"],"picked":"Flechettes","floor":1},{"not_picked":["Night Terror","Bane"],"picked":"Slice","floor":6},{"not_picked":["Heel Hook","Backflip"],"picked":"Cloak And Dagger","floor":7},{"not_picked":["PiercingWail","Deadly Poison"],"picked":"Backflip","floor":8},{"not_picked":["Crippling Poison","Sucker Punch"],"picked":"Slice","floor":10},{"not_picked":["Leg Sweep","Flying Knee"],"picked":"Slice","floor":11},{"not_picked":["Skewer","PiercingWail"],"picked":"Backflip","floor":12},{"not_picked":["Tactician","Dagger Spray"],"picked":"Malaise","floor":14},{"not_picked":["Infinite Blades","Quick Slash"],"picked":"Deflect","floor":15}],"player_experience":176060,"relics_obtained":[{"floor":6,"key":"Dream Catcher"},{"floor":8,"key":"Ancient Tea Set"},{"floor":9,"key":"Nunchaku"},{"floor":14,"key":"The Courier"}],"event_choices":[{"damage_healed":0,"gold_gain":0,"player_choice":"Donut","damage_taken":0,"max_hp_gain":5,"max_hp_loss":0,"event_name":"Big Fish","floor":3,"gold_loss":0},{"damage_healed":0,"gold_gain":0,"player_choice":"Leave","damage_taken":0,"max_hp_gain":0,"max_hp_loss":0,"event_name":"The Cleric","floor":4,"gold_loss":0},{"cards_removed":["Strike_G"],"damage_healed":0,"gold_gain":0,"player_choice":"Forget","damage_taken":0,"max_hp_gain":0,"max_hp_loss":0,"event_name":"Living Wall","floor":13,"gold_loss":0}],"is_beta":false,"boss_relics":[],"items_purged_floors":[2],"is_endless":false,"potions_floor_spawned":[1,14],"killed_by":"Slime Boss","ascension_level":2}