{"gold_per_floor":[114,114,134,153,228,257,269,316,328,340,369,410,441,484,496,606,618,649,661,602,621,665,665,678,678,730,730,242,258,285,299,299,394,394,411,411,7,107,125,155,168,168,193,193,193,211,211,241,241,241],"floor_reached":51,"playtime":4309,"items_purged":["Writhe","Dagger Throw+1"],"score":1101,"play_id":"16eedc37-5667-4600-9389-08310cce4641","local_time":"20181224113803","daily_mods":["Draft","Vintage","Heirloom"],"is_ascension_mode":true,"campfire_choices":[{"floor":7,"key":"REST"},{"data":"Noxious Fumes","floor":10,"key":"SMITH"},{"floor":15,"key":"REST"},{"floor":23,"key":"REST"},{"floor":25,"key":"REST"},{"floor":32,"key":"REST"},{"data":"Envenom","floor":42,"key":"SMITH"},{"data":"Cloak And Dagger","floor":45,"key":"SMITH"},{"data":"Cloak And Dagger","floor":49,"key":"SMITH"}],"neow_cost":"","seed_source_timestamp":199124481636737,"circlet_count":0,"master_deck":["Poisoned Stab","Dodge and Roll","Caltrops","Well Laid Plans","Blur","Finisher+1","Footwork","Slice","Noxious Fumes+1","Noxious Fumes","Cloak And Dagger+1","Caltrops","Backflip","Cloak And Dagger+1","Well Laid Plans","Envenom+1","After Image","Footwork","Backflip+1","Cloak And Dagger+1","Footwork","Sadistic Nature","Catalyst+1","Doppelganger+1","Madness+1","Envenom+1"],"relics":["Ring of the Snake","Ice Cream","Paper Crane","Blue Candle","Ninja Scroll","MawBank","Boot","Bottled Tornado","Snake Skull","Whetstone","Toxic Egg 2","PreservedInsect","Cursed Key","Dream Catcher","Meat on the Bone","Tiny Chest","Regal Pillow","Art of War","Anchor","Centennial Puzzle","Mummified Hand","Orichalcum","Busted Crown","Smiling Mask","Oddly Smooth Stone","HandDrill","Unceasing Top","Vajra","Pantograph","Omamori","Potion Belt","Lantern","Bag of Preparation"],"potions_floor_usage":[14,14,22,50],"damage_taken":[{"damage":6,"enemies":"Jaw Worm","floor":1,"turns":4},{"damage":0,"enemies":"Cultist","floor":3,"turns":3},{"damage":8,"enemies":"Small Slimes","floor":4,"turns":3},{"damage":19,"enemies":"3 Sentries","floor":6,"turns":5},{"damage":10,"enemies":"Gremlin Nob","floor":8,"turns":3},{"damage":2,"enemies":"Blue Slaver","floor":11,"turns":2},{"damage":8,"enemies":"3 Sentries","floor":12,"turns":5},{"damage":6,"enemies":"Exordium Wildlife","floor":13,"turns":4},{"damage":14,"enemies":"Lagavulin","floor":14,"turns":4},{"damage":4,"enemies":"Slime Boss","floor":16,"turns":7},{"damage":5,"enemies":"Spheric Guardian","floor":18,"turns":4},{"damage":12,"enemies":"Shell Parasite","floor":21,"turns":4},{"damage":16,"enemies":"3 Cultists","floor":22,"turns":4},{"damage":30,"enemies":"Centurion and Healer","floor":24,"turns":5},{"damage":0,"enemies":"Chosen and Byrds","floor":29,"turns":4},{"damage":49,"enemies":"Slavers","floor":30,"turns":3},{"damage":0,"enemies":"Snake Plant","floor":31,"turns":2},{"damage":0,"enemies":"Champ","floor":33,"turns":5},{"damage":0,"enemies":"3 Shapes","floor":35,"turns":3},{"damage":7,"enemies":"Mind Bloom Boss Battle","floor":38,"turns":4},{"damage":9,"enemies":"3 Darklings","floor":39,"turns":3},{"damage":0,"enemies":"Reptomancer","floor":40,"turns":4},{"damage":0,"enemies":"Transient","floor":41,"turns":5},{"damage":19,"enemies":"Jaw Worm Horde","floor":46,"turns":3},{"damage":0,"enemies":"Giant Head","floor":48,"turns":3},{"damage":13,"enemies":"Awakened One","floor":50,"turns":6}],"seed_played":"3349650494437628624","potions_obtained":[{"floor":1,"key":"Weak Potion"},{"floor":8,"key":"Energy Potion"},{"floor":11,"key":"Swift Potion"},{"floor":13,"key":"Swift Potion"},{"floor":14,"key":"Dexterity Potion"},{"floor":18,"key":"Weak Potion"},{"floor":22,"key":"FearPotion"},{"floor":31,"key":"EssenceOfSteel"},{"floor":33,"key":"Fire Potion"},{"floor":35,"key":"PowerPotion"},{"floor":48,"key":"EssenceOfSteel"}],"is_trial":true,"path_per_floor":["M","?","M","M","?","E","R","E","T","R","M","E","M","E","R","B",null,"M","?","$","M","M","R","M","R","T","?","$","M","E","M","R","B",null,"M","?","$","?","M","E","M","R","T","?","R","M","?","E","R","B",null],"character_chosen":"THE_SILENT","items_purchased":["Footwork","Anchor","Footwork","Sadistic Nature","Oddly Smooth Stone","HandDrill"],"campfire_rested":5,"item_purchase_floors":[20,28,28,28,37,37],"current_hp_per_floor":[64,69,69,61,50,31,53,43,43,43,41,33,27,13,35,31,75,70,70,70,58,42,64,46,75,75,61,61,61,24,36,75,75,80,80,80,80,73,64,64,64,64,64,64,64,45,45,45,45,57],"gold":241,"neow_bonus":"","is_prod":false,"is_daily":false,"chose_seed":false,"campfire_upgraded":4,"win_rate":0,"timestamp":1545673083,"path_taken":["M","?","M","M","?","E","R","E","T","R","?","E","M","E","R","BOSS","M","?","?","M","?","R","M","R","T","?","$","M","E","M","R","BOSS","M","?","$","?","M","E","?","R","T","?","R","M","?","E","R","BOSS"],"build_version":"2018-12-20","purchased_purges":2,"victory":true,"max_hp_per_floor":[70,75,75,75,75,75,75,75,75,75,75,75,75,75,75,75,75,75,75,75,75,75,75,75,75,75,80,80,80,80,80,80,80,80,80,80,80,80,80,80,80,80,80,80,80,80,80,80,80,80],"card_choices":[{"not_picked":["Choke","Deadly Poison"],"picked":"Poisoned Stab","floor":0},{"not_picked":["Deadly Poison","Prepared"],"picked":"Dodge and Roll","floor":0},{"not_picked":["Blade Dance","Slice"],"picked":"Caltrops","floor":0},{"not_picked":["Backstab","Deadly Poison"],"picked":"Well Laid Plans","floor":0},{"not_picked":["Deadly Poison","Bane"],"picked":"Blur","floor":0},{"not_picked":["Eviscerate","Expertise"],"picked":"Finisher","floor":0},{"not_picked":["Caltrops","Tactician"],"picked":"Poisoned Stab","floor":0},{"not_picked":["Bouncing Flask","Dodge and Roll"],"picked":"Footwork","floor":0},{"not_picked":["Flechettes","Heel Hook"],"picked":"Dagger Throw","floor":0},{"not_picked":["Choke","Reflex"],"picked":"Slice","floor":0},{"not_picked":["Poisoned Stab","Sucker Punch"],"picked":"Noxious Fumes","floor":0},{"not_picked":["Underhanded Strike","Acrobatics"],"picked":"Deadly Poison","floor":0},{"not_picked":["Prepared","Dagger Spray"],"picked":"Noxious Fumes","floor":0},{"not_picked":["Quick Slash","Crippling Poison"],"picked":"Cloak And Dagger","floor":0},{"not_picked":["Dagger Spray","Finisher"],"picked":"Caltrops","floor":0},{"not_picked":["Endless Agony","Prepared"],"picked":"Backflip","floor":6},{"not_picked":["Predator","Poisoned Stab"],"picked":"Cloak And Dagger","floor":8},{"not_picked":["Bane","Flying Knee"],"picked":"Well Laid Plans","floor":12},{"not_picked":["PiercingWail+1","Acrobatics+1"],"picked":"Envenom","floor":14},{"not_picked":["Corpse Explosion+1","Die Die Die"],"picked":"After Image","floor":16},{"not_picked":["Bane","Deadly Poison+1"],"picked":"Backflip+1","floor":23},{"not_picked":["Flying Knee+1","Backstab"],"picked":"Cloak And Dagger+1","floor":25},{"not_picked":["Predator","Slice"],"picked":"Catalyst+1","floor":30},{"not_picked":["Unload","Bullet Time+1"],"picked":"Doppelganger+1","floor":33},{"not_picked":["Prepared+1"],"picked":"SKIP","floor":40},{"not_picked":[],"picked":"Madness+1","floor":44},{"not_picked":["Acrobatics+1"],"picked":"SKIP","floor":48}],"player_experience":247191,"relics_obtained":[{"floor":1,"key":"Paper Crane"},{"floor":3,"key":"Blue Candle"},{"floor":4,"key":"Ninja Scroll"},{"floor":6,"key":"MawBank"},{"floor":8,"key":"Boot"},{"floor":9,"key":"Bottled Tornado"},{"floor":11,"key":"Snake Skull"},{"floor":12,"key":"Whetstone"},{"floor":13,"key":"Toxic Egg 2"},{"floor":14,"key":"PreservedInsect"},{"floor":18,"key":"Dream Catcher"},{"floor":21,"key":"Meat on the Bone"},{"floor":22,"key":"Tiny Chest"},{"floor":24,"key":"Regal Pillow"},{"floor":26,"key":"Art of War"},{"floor":29,"key":"Centennial Puzzle"},{"floor":30,"key":"Mummified Hand"},{"floor":31,"key":"Orichalcum"},{"floor":35,"key":"Smiling Mask"},{"floor":38,"key":"Unceasing Top"},{"floor":39,"key":"Vajra"},{"floor":40,"key":"Pantograph"},{"floor":41,"key":"Omamori"},{"floor":43,"key":"Potion Belt"},{"floor":46,"key":"Lantern"},{"floor":48,"key":"Bag of Preparation"}],"event_choices":[{"damage_healed":0,"gold_gain":0,"player_choice":"Donut","damage_taken":0,"max_hp_gain":5,"max_hp_loss":0,"event_name":"Big Fish","floor":2,"gold_loss":0},{"damage_healed":0,"gold_gain":75,"player_choice":"Gather Gold","damage_taken":11,"max_hp_gain":0,"max_hp_loss":0,"event_name":"World of Goop","floor":5,"gold_loss":0},{"cards_removed":["Deadly Poison"],"damage_healed":0,"gold_gain":0,"player_choice":"Elegance","damage_taken":0,"max_hp_gain":0,"max_hp_loss":0,"event_name":"Back to Basics","floor":19,"gold_loss":0},{"damage_healed":0,"gold_gain":0,"player_choice":"Shed Blood","damage_taken":19,"max_hp_gain":5,"max_hp_loss":0,"event_name":"Forgotten Altar","floor":27,"gold_loss":0},{"cards_removed":["Poisoned Stab"],"damage_healed":0,"gold_gain":0,"player_choice":"Removed Attack","damage_taken":0,"max_hp_gain":0,"max_hp_loss":0,"event_name":"Falling","floor":36,"gold_loss":0},{"damage_healed":0,"gold_gain":0,"player_choice":"Fight","damage_taken":0,"max_hp_gain":0,"max_hp_loss":0,"event_name":"MindBloom","floor":38,"gold_loss":0},{"damage_healed":0,"gold_gain":0,"player_choice":"Memory 1","damage_taken":0,"max_hp_gain":0,"max_hp_loss":0,"event_name":"SensoryStone","floor":44,"gold_loss":0},{"damage_healed":0,"gold_gain":0,"player_choice":"Copied","damage_taken":0,"max_hp_gain":0,"max_hp_loss":0,"event_name":"Duplicator","floor":47,"gold_loss":0,"cards_obtained":["Envenom"]}],"is_beta":false,"boss_relics":[{"not_picked":["Tiny House","Black Star"],"picked":"Cursed Key"},{"not_picked":["Runic Pyramid","Ring of the Serpent"],"picked":"Busted Crown"}],"items_purged_floors":[28,37],"is_endless":false,"potions_floor_spawned":[1,8,11,13,14,18,22,31,33,35,40,41,48],"ascension_level":4}