{"gold_per_floor":[119,69,69,85,97,97,107,107,134,134,168,168,184,196,196,294,294,310,409,427,427,438,438,464,482,482,498,498,498,168,178,178,282,282,297,297,344,360,24,50,3,3,3,3,3,3,3,14,14,14],"floor_reached":51,"playtime":3900,"items_purged":["Defend_G"],"score":864,"play_id":"a2456d94-28a1-4a99-8b80-fc4d578c7f58","local_time":"20190302152606","is_ascension_mode":true,"campfire_choices":[{"data":"Cloak And Dagger","floor":6.0,"key":"SMITH"},{"data":"Riddle With Holes","floor":8.0,"key":"SMITH"},{"data":"Neutralize","floor":10.0,"key":"SMITH"},{"floor":15.0,"key":"REST"},{"data":"Accuracy","floor":23.0,"key":"SMITH"},{"floor":28.0,"key":"REST"},{"floor":32.0,"key":"REST"},{"floor":42.0,"key":"REST"},{"data":"1","floor":44.0,"key":"LIFT"},{"data":"2","floor":46.0,"key":"LIFT"},{"floor":49.0,"key":"REST"}],"neow_cost":"NONE","seed_source_timestamp":0,"circlet_count":0,"master_deck":["Defend_G","Defend_G","Defend_G","Defend_G","Strike_G","Strike_G","Strike_G","Survivor","Neutralize+1","Cloak And Dagger+1","Blade Dance","Acrobatics","Riddle With Holes+1","Terror","Riddle With Holes","Footwork","Bullet Time","Accuracy+1","Slice","Backstab","Dash","Backflip+1","Blade Dance+1","Finisher","Blade Dance+1","Adrenaline+1","Acrobatics+1","Noxious Fumes","Acrobatics+1","Backstab+1","Blade Dance+1","Madness+1","Madness+1"],"special_seed":0,"relics":["Ring of the Snake","Smiling Mask","Bag of Preparation","WristBlade","Toxic Egg 2","Mummified Hand","Meat on the Bone","Nilry\u0027s Codex","Bronze Scales","Sozu","Girya","Vajra","Strange Spoon","Shuriken","Blood Vial"],"potions_floor_usage":[50],"damage_taken":[{"damage":3.0,"enemies":"Jaw Worm","floor":1.0,"turns":6.0},{"damage":8.0,"enemies":"Small Slimes","floor":4.0,"turns":5.0},{"damage":0.0,"enemies":"2 Louse","floor":5.0,"turns":3.0},{"damage":8.0,"enemies":"Exordium Wildlife","floor":7.0,"turns":5.0},{"damage":13.0,"enemies":"Gremlin Nob","floor":11.0,"turns":4.0},{"damage":1.0,"enemies":"Exordium Thugs","floor":13.0,"turns":5.0},{"damage":4.0,"enemies":"Large Slime","floor":14.0,"turns":6.0},{"damage":6.0,"enemies":"The Guardian","floor":16.0,"turns":16.0},{"damage":3.0,"enemies":"Shell Parasite","floor":18.0,"turns":5.0},{"damage":1.0,"enemies":"Spheric Guardian","floor":20.0,"turns":3.0},{"damage":4.0,"enemies":"3 Cultists","floor":22.0,"turns":5.0},{"damage":19.0,"enemies":"Book of Stabbing","floor":24.0,"turns":5.0},{"damage":12.0,"enemies":"Snake Plant","floor":25.0,"turns":4.0},{"damage":0.0,"enemies":"Chosen and Byrds","floor":27.0,"turns":4.0},{"damage":0.0,"enemies":"Snecko","floor":31.0,"turns":3.0},{"damage":46.0,"enemies":"Champ","floor":33.0,"turns":8.0},{"damage":1.0,"enemies":"3 Shapes","floor":35.0,"turns":2.0},{"damage":23.0,"enemies":"2 Orb Walkers","floor":37.0,"turns":4.0},{"damage":0.0,"enemies":"Orb Walker","floor":38.0,"turns":1.0},{"damage":24.0,"enemies":"Reptomancer","floor":40.0,"turns":4.0},{"damage":0.0,"enemies":"Sphere and 2 Shapes","floor":48.0,"turns":1.0},{"damage":61,"enemies":"Awakened One","floor":50,"turns":6}],"seed_played":"-7075957792861582198","potions_obtained":[{"floor":7.0,"key":"Weak Potion"},{"floor":11.0,"key":"Dexterity Potion"},{"floor":16.0,"key":"GhostInAJar"},{"floor":22.0,"key":"Swift Potion"},{"floor":25.0,"key":"Explosive Potion"},{"floor":31.0,"key":"Weak Potion"},{"floor":33.0,"key":"Energy Potion"}],"is_trial":false,"path_per_floor":["M","?","?","M","M","R","M","R","T","R","E","?","M","M","R","B",null,"M","?","M","T","M","R","E","M","T","M","R","?","$","M","R","B",null,"M","?","?","M","$","E","$","R","T","R","?","R","$","M","R","B",null],"character_chosen":"THE_SILENT","items_purchased":["Bronze Scales","Blade Dance+1","Finisher","Vajra","Strange Spoon","Blade Dance+1"],"campfire_rested":5,"item_purchase_floors":[30,30,30,39,39,41],"current_hp_per_floor":[67,67,67,59,59,59,51,51,51,51,38,31,30,26,49,43,69,66,66,65,65,61,61,42,30,30,42,65,49,49,49,72,38,67,66,66,43,43,43,31,31,54,54,54,44,44,44,46,69,22],"gold":14,"neow_bonus":"TEN_PERCENT_HP_BONUS","is_prod":false,"is_daily":false,"chose_seed":false,"campfire_upgraded":4,"win_rate":0,"timestamp":1551558366,"path_taken":["M","?","?","M","M","R","M","R","T","R","E","?","M","M","R","BOSS","M","?","M","?","M","R","E","M","T","M","R","?","$","M","R","BOSS","M","?","?","M","$","E","$","R","T","R","?","R","$","?","R","BOSS"],"build_version":"2019-01-23","purchased_purges":1,"victory":true,"max_hp_per_floor":[77,77,77,77,77,77,77,77,77,77,77,77,77,77,77,77,77,77,77,77,77,77,77,77,77,77,77,77,77,77,77,77,77,77,77,77,77,77,77,77,77,77,77,77,77,77,77,77,77,77],"card_choices":[{"not_picked":["Slice","Poisoned Stab"],"picked":"Cloak And Dagger","floor":1.0},{"not_picked":["Dagger Throw","Deflect"],"picked":"Blade Dance","floor":4.0},{"not_picked":["Poisoned Stab","Backflip"],"picked":"Acrobatics","floor":5.0},{"not_picked":["Caltrops","Distraction"],"picked":"Riddle With Holes","floor":7.0},{"not_picked":["Footwork","Reflex"],"picked":"Terror","floor":11.0},{"not_picked":["Bane","Flying Knee"],"picked":"Riddle With Holes","floor":13.0},{"not_picked":["Storm of Steel","Bane"],"picked":"Footwork","floor":14.0},{"not_picked":["After Image","Corpse Explosion"],"picked":"Bullet Time","floor":16.0},{"not_picked":["Deflect","Deadly Poison"],"picked":"Accuracy","floor":18.0},{"not_picked":["Quick Slash","Eviscerate"],"picked":"Slice","floor":20.0},{"not_picked":["Poisoned Stab","Blur+1"],"picked":"Backstab","floor":22.0},{"not_picked":["Outmaneuver+1","Corpse Explosion+1"],"picked":"Dash","floor":24.0},{"not_picked":["Deflect+1","Acrobatics+1"],"picked":"Backflip+1","floor":25.0},{"not_picked":["Flechettes","Underhanded Strike","Dagger Throw"],"picked":"SKIP","floor":27.0},{"not_picked":["Blur+1","Caltrops"],"picked":"Blade Dance+1","floor":31.0},{"not_picked":["Grand Finale","Glass Knife"],"picked":"Adrenaline+1","floor":33.0},{"not_picked":["Crippling Poison+1","Deflect+1"],"picked":"Acrobatics+1","floor":35.0},{"not_picked":["Masterful Stab","Underhanded Strike"],"picked":"Noxious Fumes","floor":37.0},{"not_picked":["Bane","Dagger Throw"],"picked":"Acrobatics+1","floor":38.0},{"not_picked":["Prepared+1","Outmaneuver+1"],"picked":"Backstab+1","floor":40.0},{"not_picked":["Underhanded Strike","Deflect+1","Poisoned Stab"],"picked":"SKIP","floor":48.0}],"player_experience":2301912,"relics_obtained":[{"floor":9.0,"key":"Smiling Mask"},{"floor":11.0,"key":"Bag of Preparation"},{"floor":21.0,"key":"Toxic Egg 2"},{"floor":24.0,"key":"Mummified Hand"},{"floor":26.0,"key":"Meat on the Bone"},{"floor":29.0,"key":"Nilry\u0027s Codex"},{"floor":37.0,"key":"Girya"},{"floor":40.0,"key":"Shuriken"},{"floor":43.0,"key":"Blood Vial"}],"event_choices":[{"cards_removed":["Strike_G"],"damage_healed":0.0,"max_hp_gain":0.0,"max_hp_loss":0.0,"gold_gain":0.0,"event_name":"The Cleric","player_choice":"Card Removal","floor":2.0,"gold_loss":50.0,"damage_taken":0.0},{"damage_healed":0.0,"max_hp_gain":0.0,"max_hp_loss":0.0,"gold_gain":0.0,"event_name":"Golden Idol","player_choice":"Ignored","floor":3.0,"gold_loss":0.0,"damage_taken":0.0},{"cards_removed":["Strike_G"],"damage_healed":0.0,"max_hp_gain":0.0,"max_hp_loss":0.0,"gold_gain":0.0,"event_name":"Golden Wing","player_choice":"Card Removal","floor":12.0,"gold_loss":0.0,"damage_taken":7.0},{"damage_healed":0.0,"max_hp_gain":0.0,"max_hp_loss":0.0,"gold_gain":99.0,"event_name":"Nest","player_choice":"Stole From Cult","floor":19.0,"gold_loss":0.0,"damage_taken":0.0},{"damage_healed":0.0,"max_hp_gain":0.0,"max_hp_loss":0.0,"gold_gain":0.0,"event_name":"Cursed Tome","player_choice":"Obtained Book","floor":29.0,"gold_loss":0.0,"damage_taken":16.0},{"damage_healed":0.0,"max_hp_gain":0.0,"max_hp_loss":0.0,"gold_gain":0.0,"event_name":"Tomb of Lord Red Mask","player_choice":"Ignored","floor":36.0,"gold_loss":0.0,"damage_taken":0.0},{"damage_healed":0.0,"max_hp_gain":0.0,"max_hp_loss":0.0,"gold_gain":0.0,"event_name":"Mysterious Sphere","player_choice":"Fight","floor":37.0,"gold_loss":0.0,"damage_taken":0.0},{"damage_healed":0.0,"max_hp_gain":0.0,"max_hp_loss":0.0,"gold_gain":0.0,"event_name":"Winding Halls","player_choice":"Embrace Madness","floor":45.0,"gold_loss":0.0,"damage_taken":10.0,"cards_obtained":["Madness","Madness"]}],"is_beta":false,"boss_relics":[{"not_picked":["HoveringKite","Cursed Key"],"picked":"WristBlade"},{"not_picked":["Velvet Choker","Runic Pyramid"],"picked":"Sozu"}],"items_purged_floors":[30],"is_endless":false,"potions_floor_spawned":[7,11,16,22,25,31,33,37,40],"ascension_level":6}