{"gold_per_floor":[112,166,9,9,29,29,43,43,67,77,87,110,124,194,194,268,268,286,286,181,196,211,211,239,239,266,278,290,318,330,342,354,437,449,473,497,509,521,547,559,571,583],"floor_reached":42,"playtime":2731,"items_purged":[],"score":776,"play_id":"0d80fafd-3b87-4faa-a515-d869fc8aca0f","local_time":"20190426122942","is_ascension_mode":true,"campfire_choices":[{"data":"Thinking Ahead","floor":6.0,"key":"SMITH"},{"data":"Clash","floor":8.0,"key":"SMITH"},{"data":"Barricade","floor":15.0,"key":"SMITH"},{"data":"Body Slam","floor":23.0,"key":"SMITH"},{"data":"Thinking Ahead","floor":25.0,"key":"SMITH"},{"data":"Juggernaut","floor":28.0,"key":"SMITH"},{"data":"Rage","floor":32.0,"key":"SMITH"},{"data":"Iron Wave","floor":40.0,"key":"SMITH"}],"neow_cost":"PERCENT_DAMAGE","seed_source_timestamp":63060754110998,"circlet_count":0,"master_deck":["AscendersBane","Strike_R+1","Strike_R+1","Strike_R+1","Strike_R+1","Defend_R+1","Defend_R+1","Defend_R+1","Defend_R+1","Bash","Thinking Ahead+1","Thinking Ahead+1","Ghostly Armor+1","Evolve","Clash+1","Clash","Barricade+1","Clash","Juggernaut+1","Impatience","Rage+1","Body Slam+1","Flame Barrier","Warcry+1","Juggernaut","Clash","Iron Wave+1","Good Instincts","Seeing Red+1"],"special_seed":0,"relics":["Black Blood","Tiny Chest","War Paint","Orichalcum","Bag of Preparation","Bottled Tornado","Coffee Dripper","Oddly Smooth Stone","MawBank","Shuriken"],"potions_floor_usage":[42],"damage_taken":[{"damage":1.0,"enemies":"Cultist","floor":1.0,"turns":3.0},{"damage":11.0,"enemies":"Small Slimes","floor":5.0,"turns":5.0},{"damage":7.0,"enemies":"Jaw Worm","floor":7.0,"turns":5.0},{"damage":3.0,"enemies":"Blue Slaver","floor":10.0,"turns":4.0},{"damage":0.0,"enemies":"Exordium Wildlife","floor":11.0,"turns":4.0},{"damage":12.0,"enemies":"Large Slime","floor":13.0,"turns":9.0},{"damage":9.0,"enemies":"The Guardian","floor":16.0,"turns":13.0},{"damage":27.0,"enemies":"2 Thieves","floor":18.0,"turns":5.0},{"damage":0.0,"enemies":"Chosen","floor":21.0,"turns":5.0},{"damage":3.0,"enemies":"Snecko","floor":22.0,"turns":4.0},{"damage":24.0,"enemies":"Book of Stabbing","floor":24.0,"turns":4.0},{"damage":0.0,"enemies":"Sentry and Sphere","floor":29.0,"turns":5.0},{"damage":1.0,"enemies":"Automaton","floor":33.0,"turns":11.0},{"damage":0.0,"enemies":"3 Shapes","floor":35.0,"turns":6.0},{"damage":40.0,"enemies":"3 Darklings","floor":36.0,"turns":5.0},{"damage":30.0,"enemies":"Maw","floor":39.0,"turns":7.0},{"damage":39,"enemies":"Reptomancer","floor":42,"turns":2}],"seed_played":"-1402016966804197455","potions_obtained":[{"floor":7.0,"key":"GamblersBrew"},{"floor":10.0,"key":"PowerPotion"},{"floor":16.0,"key":"LiquidBronze"},{"floor":18.0,"key":"SpeedPotion"},{"floor":22.0,"key":"Energy Potion"},{"floor":29.0,"key":"FearPotion"},{"floor":35.0,"key":"PowerPotion"},{"floor":36.0,"key":"Ancient Potion"}],"is_trial":false,"path_per_floor":["M","T","$","?","M","R","M","R","T","M","M","T","M","T","R","B",null,"M","?","$","M","M","R","E","R","T","T","R","M","$","$","R","B",null,"M","M","?","?","M","R","?","E"],"character_chosen":"IRONCLAD","items_purchased":["War Paint","Impatience"],"campfire_rested":0,"item_purchase_floors":[3,20],"current_hp_per_floor":[55,55,55,55,50,50,49,49,49,52,58,58,52,52,52,49,69,48,48,48,54,57,57,39,39,39,39,39,45,45,45,45,50,69,75,45,45,45,25,25,25,0],"gold":583,"neow_bonus":"RANDOM_COLORLESS_2","is_prod":false,"is_daily":false,"chose_seed":false,"campfire_upgraded":8,"win_rate":0,"timestamp":1556290782,"path_taken":["M","?","$","?","?","R","M","R","T","M","M","?","M","?","R","BOSS","M","?","$","M","M","R","E","R","T","?","R","M","?","$","R","BOSS","M","M","?","?","M","R","?","E"],"build_version":"2019-01-23","purchased_purges":0,"victory":false,"max_hp_per_floor":[75,75,75,75,75,75,75,75,75,75,75,75,75,75,75,75,75,75,75,75,75,75,75,75,75,75,75,75,75,75,75,75,75,75,75,75,75,75,75,75,75,75],"card_choices":[{"not_picked":["Wild Strike","Havoc"],"picked":"Ghostly Armor","floor":1.0},{"not_picked":["Sword Boomerang","Spot Weakness"],"picked":"Clash","floor":5.0},{"not_picked":["Shrug It Off","Sword Boomerang","Perfected Strike"],"picked":"SKIP","floor":7.0},{"not_picked":["Iron Wave","Combust"],"picked":"Clash","floor":10.0},{"not_picked":["True Grit","Feel No Pain"],"picked":"Barricade","floor":11.0},{"not_picked":["Havoc","Clothesline"],"picked":"Clash","floor":13.0},{"not_picked":["Dark Embrace","Exhume"],"picked":"Juggernaut","floor":16.0},{"not_picked":["Hemokinesis","Pommel Strike","Clothesline"],"picked":"SKIP","floor":18.0},{"not_picked":["Reckless Charge+1","Ghostly Armor"],"picked":"Rage","floor":21.0},{"not_picked":["Thunderclap","Battle Trance"],"picked":"Body Slam","floor":22.0},{"not_picked":["Immolate","Clothesline+1"],"picked":"Flame Barrier","floor":24.0},{"not_picked":["Heavy Blade","Shockwave"],"picked":"Warcry+1","floor":29.0},{"not_picked":["Immolate","Offering"],"picked":"Juggernaut","floor":33.0},{"not_picked":["Shockwave","True Grit"],"picked":"Clash","floor":35.0},{"not_picked":["Anger","Headbutt"],"picked":"Iron Wave","floor":36.0},{"not_picked":["Dark Shackles","Deep Breath"],"picked":"Good Instincts","floor":37.0},{"not_picked":["Heavy Blade","Fire Breathing+1"],"picked":"Seeing Red+1","floor":39.0}],"player_experience":1156413,"relics_obtained":[{"floor":2.0,"key":"Tiny Chest"},{"floor":9.0,"key":"Orichalcum"},{"floor":12.0,"key":"Bag of Preparation"},{"floor":14.0,"key":"Bottled Tornado"},{"floor":24.0,"key":"Oddly Smooth Stone"},{"floor":26.0,"key":"MawBank"},{"floor":27.0,"key":"Shuriken"}],"event_choices":[{"damage_healed":0.0,"max_hp_gain":0.0,"max_hp_loss":0.0,"gold_gain":0.0,"cards_transformed":["Strike_R"],"event_name":"Transmorgrifier","player_choice":"Transformed","floor":4.0,"gold_loss":0.0,"damage_taken":0.0,"cards_obtained":["Evolve"]},{"damage_healed":0.0,"max_hp_gain":0.0,"max_hp_loss":0.0,"gold_gain":0.0,"event_name":"Back to Basics","player_choice":"Simplicity","floor":19.0,"gold_loss":0.0,"damage_taken":0.0,"cards_upgraded":["Strike_R","Strike_R","Strike_R","Strike_R","Defend_R","Defend_R","Defend_R"]},{"damage_healed":0.0,"max_hp_gain":0.0,"max_hp_loss":0.0,"gold_gain":0.0,"event_name":"SensoryStone","player_choice":"Memory 1","floor":37.0,"gold_loss":0.0,"damage_taken":0.0},{"damage_healed":0.0,"max_hp_gain":0.0,"max_hp_loss":0.0,"gold_gain":0.0,"event_name":"Tomb of Lord Red Mask","player_choice":"Ignored","floor":38.0,"gold_loss":0.0,"damage_taken":0.0},{"damage_healed":0.0,"max_hp_gain":0.0,"max_hp_loss":0.0,"gold_gain":0.0,"event_name":"SecretPortal","player_choice":"Ignored","floor":41.0,"gold_loss":0.0,"damage_taken":0.0}],"is_beta":false,"boss_relics":[{"not_picked":["Calling Bell","Orrery"],"picked":"Coffee Dripper"},{"not_picked":["Runic Dome","Sozu"],"picked":"Black Blood"}],"items_purged_floors":[],"is_endless":false,"potions_floor_spawned":[7,10,16,18,21,22,29,35,36],"killed_by":"Reptomancer","ascension_level":17}