{"gold_per_floor":[14,14,14,28,48,83,83,118,118,38,64,64,89,105,105,206,206,217,157,173,191,204,204],"floor_reached":23,"playtime":1974,"items_purged":[],"score":253,"play_id":"ecc5fcca-6650-4d02-9c7a-035afccc36ce","local_time":"20190205030703","is_ascension_mode":true,"campfire_choices":[{"floor":7,"key":"REST"},{"data":"Caltrops","floor":12,"key":"SMITH"},{"floor":15,"key":"REST"}],"neow_cost":"NO_GOLD","seed_source_timestamp":81484676679251,"circlet_count":0,"master_deck":["Defend_G","Defend_G","Defend_G+1","Strike_G","Strike_G","Strike_G","Survivor+1","Neutralize","Flechettes","Caltrops+1","Expertise","Endless Agony","Accuracy","Accuracy","Prepared","Finisher","Well Laid Plans","Glass Knife","Deflect","Outmaneuver","Phantasmal Killer","Cloak And Dagger","Slice"],"relics":["Ring of the Snake","Meat on the Bone","Bottled Tornado","War Paint","Shuriken","Odd Mushroom","Matryoshka","WristBlade"],"potions_floor_usage":[6,13,21,22],"damage_taken":[{"damage":3,"enemies":"Small Slimes","floor":1,"turns":7},{"damage":0,"enemies":"2 Louse","floor":4,"turns":2},{"damage":0,"enemies":"Cultist","floor":5,"turns":4},{"damage":35,"enemies":"3 Sentries","floor":6,"turns":9},{"damage":17,"enemies":"Gremlin Nob","floor":8,"turns":4},{"damage":5,"enemies":"The Mushroom Lair","floor":11,"turns":5},{"damage":13,"enemies":"Lagavulin","floor":13,"turns":8},{"damage":21,"enemies":"Lots of Slimes","floor":14,"turns":3},{"damage":45,"enemies":"The Guardian","floor":16,"turns":14},{"damage":17,"enemies":"Chosen","floor":18,"turns":5},{"damage":31,"enemies":"2 Thieves","floor":20,"turns":4},{"damage":11,"enemies":"Snake Plant","floor":21,"turns":4},{"damage":32,"enemies":"Shelled Parasite and Fungi","floor":22,"turns":5},{"damage":36,"enemies":"Book of Stabbing","floor":23,"turns":3}],"seed_played":"-4694564114179662544","potions_obtained":[{"floor":1,"key":"Ancient Potion"},{"floor":4,"key":"AttackPotion"},{"floor":8,"key":"Fire Potion"},{"floor":18,"key":"Explosive Potion"},{"floor":20,"key":"PowerPotion"}],"is_trial":false,"path_per_floor":["M","?","?","M","M","E","R","E","T","$","?","R","E","M","R","B",null,"M","?","M","M","M","E"],"character_chosen":"THE_SILENT","items_purchased":["Accuracy"],"campfire_rested":2,"item_purchase_floors":[10],"current_hp_per_floor":[67,67,67,67,67,44,65,48,48,48,43,43,42,33,54,21,70,53,53,34,35,15,0],"gold":204,"neow_bonus":"REMOVE_TWO","is_prod":false,"is_daily":false,"chose_seed":false,"campfire_upgraded":1,"win_rate":0,"timestamp":1549354023,"path_taken":["M","?","?","?","M","E","R","E","T","?","?","R","E","M","R","BOSS","M","?","M","M","M","E"],"build_version":"2019-01-23","purchased_purges":0,"victory":false,"max_hp_per_floor":[70,70,70,70,70,70,70,70,70,70,70,70,70,70,70,70,70,70,70,70,70,70,70],"card_choices":[{"not_picked":["Eviscerate","Dagger Throw"],"picked":"Flechettes","floor":1},{"not_picked":["Outmaneuver","Deadly Poison"],"picked":"Caltrops","floor":4},{"not_picked":["Prepared","Dash"],"picked":"Expertise","floor":5},{"not_picked":["Dodge and Roll","Slice"],"picked":"Endless Agony","floor":6},{"not_picked":["Cloak And Dagger","Reflex"],"picked":"Accuracy","floor":8},{"not_picked":["Escape Plan","Riddle With Holes"],"picked":"Prepared","floor":11},{"not_picked":["Sucker Punch","Blade Dance"],"picked":"Finisher","floor":13},{"not_picked":["Doppelganger","Endless Agony"],"picked":"Well Laid Plans","floor":14},{"not_picked":["Tools of the Trade","Adrenaline"],"picked":"Glass Knife","floor":16},{"not_picked":["Flechettes","Flying Knee"],"picked":"Deflect","floor":18},{"not_picked":["Deadly Poison","Prepared"],"picked":"Cloak And Dagger","floor":20},{"not_picked":["Expertise","Underhanded Strike","Tactician"],"picked":"SKIP","floor":21},{"not_picked":["Eviscerate","Expertise"],"picked":"Slice","floor":22}],"player_experience":2096075,"relics_obtained":[{"floor":6,"key":"Bottled Tornado"},{"floor":8,"key":"War Paint"},{"floor":9,"key":"Shuriken"},{"floor":11,"key":"Odd Mushroom"},{"floor":13,"key":"Matryoshka"}],"event_choices":[{"damage_healed":0,"gold_gain":0,"player_choice":"Leave","damage_taken":0,"max_hp_gain":0,"max_hp_loss":0,"event_name":"The Cleric","floor":2,"gold_loss":0},{"damage_healed":0,"gold_gain":0,"player_choice":"Gave Potion","damage_taken":0,"relics_obtained":["Meat on the Bone"],"max_hp_gain":0,"max_hp_loss":0,"event_name":"WeMeetAgain","floor":3,"gold_loss":0},{"damage_healed":0,"gold_gain":0,"player_choice":"Fought Mushrooms","damage_taken":0,"max_hp_gain":0,"max_hp_loss":0,"event_name":"Mushrooms","floor":11,"gold_loss":0},{"damage_healed":0,"gold_gain":0,"cards_transformed":["Defend_G","Defend_G"],"player_choice":"Transformed Cards","damage_taken":0,"max_hp_gain":0,"max_hp_loss":0,"event_name":"Designer","floor":19,"gold_loss":60,"cards_obtained":["Outmaneuver","Phantasmal Killer"]}],"is_beta":false,"boss_relics":[{"not_picked":["Eternal Feather","HoveringKite"],"picked":"WristBlade"}],"items_purged_floors":[],"is_endless":false,"potions_floor_spawned":[1,4,8,18,20],"killed_by":"Book of Stabbing","ascension_level":4}