{"gold_per_floor":[115,133,149,149,324,324,324,274,301,342,366,378,402,369,381,498,510,540,552,489,501],"floor_reached":21,"playtime":1023,"items_purged":[],"score":266,"play_id":"b192bfba-2bda-4e0b-bd9f-5dbafeae1c1d","local_time":"20190305232315","is_ascension_mode":true,"campfire_choices":[{"data":"Footwork","floor":6,"key":"SMITH"},{"floor":12,"key":"REST"},{"data":"Catalyst","floor":15,"key":"SMITH"}],"neow_cost":"NONE","seed_source_timestamp":252026500647100,"circlet_count":0,"master_deck":["AscendersBane","Defend_G","Defend_G","Defend_G","Defend_G","Defend_G","Strike_G","Strike_G","Strike_G","Survivor","Neutralize","Distraction","Footwork+1","Catalyst+1","Doubt","Deadly Poison","After Image","Dagger Spray","Bane","Tools of the Trade","Acrobatics","Footwork"],"relics":["Ring of the Snake","Bronze Scales","MawBank","Kunai","White Beast Statue"],"potions_floor_usage":[10,10,14,21],"damage_taken":[{"damage":0,"enemies":"Cultist","floor":1,"turns":4},{"damage":0,"enemies":"2 Louse","floor":2,"turns":3},{"damage":0,"enemies":"Small Slimes","floor":3,"turns":4},{"damage":26,"enemies":"Lagavulin","floor":10,"turns":17},{"damage":17,"enemies":"3 Louse","floor":11,"turns":7},{"damage":0,"enemies":"2 Fungi Beasts","floor":13,"turns":5},{"damage":3,"enemies":"Looter","floor":14,"turns":5},{"damage":11,"enemies":"Hexaghost","floor":16,"turns":8},{"damage":48,"enemies":"Spheric Guardian","floor":18,"turns":11},{"damage":21,"enemies":"2 Thieves","floor":20,"turns":5},{"damage":18,"enemies":"Centurion and Healer","floor":21,"turns":2}],"seed_played":"1772351160378038898","potions_obtained":[{"floor":1,"key":"PowerPotion"},{"floor":2,"key":"SteroidPotion"},{"floor":11,"key":"SkillPotion"},{"floor":16,"key":"LiquidBronze"},{"floor":18,"key":"SpeedPotion"},{"floor":20,"key":"AttackPotion"}],"is_trial":false,"path_per_floor":["M","M","M","?","?","R","$","?","T","E","M","R","M","M","R","B",null,"M","?","M","M"],"character_chosen":"THE_SILENT","items_purchased":[],"campfire_rested":1,"item_purchase_floors":[],"current_hp_per_floor":[63,63,63,56,56,56,56,56,56,30,13,34,34,31,31,20,58,10,33,12,0],"gold":501,"neow_bonus":"RANDOM_COMMON_RELIC","is_prod":false,"is_daily":false,"chose_seed":false,"campfire_upgraded":2,"win_rate":0,"timestamp":1551846195,"path_taken":["M","M","?","?","?","R","$","?","T","E","M","R","M","M","R","BOSS","M","?","M","M"],"build_version":"2019-01-23","purchased_purges":0,"victory":false,"max_hp_per_floor":[70,70,70,70,70,70,70,70,70,70,70,70,70,70,70,70,70,70,70,70,70],"card_choices":[{"not_picked":["Underhanded Strike","Blur"],"picked":"Distraction","floor":1},{"not_picked":["Deflect","Sucker Punch"],"picked":"Footwork","floor":2},{"not_picked":["Prepared","Flying Knee"],"picked":"Catalyst","floor":3},{"not_picked":["Accuracy","Backflip"],"picked":"Deadly Poison","floor":10},{"not_picked":["Outmaneuver","Dagger Spray"],"picked":"After Image","floor":11},{"not_picked":["Quick Slash","Distraction"],"picked":"Dagger Spray","floor":13},{"not_picked":["All Out Attack","Slice"],"picked":"Bane","floor":14},{"not_picked":["Storm of Steel","Glass Knife"],"picked":"Tools of the Trade","floor":16},{"not_picked":["Tactician","Flying Knee"],"picked":"Acrobatics","floor":18},{"not_picked":["Flying Knee","PiercingWail"],"picked":"Footwork","floor":20}],"player_experience":2361438,"relics_obtained":[{"floor":9,"key":"MawBank"},{"floor":10,"key":"Kunai"}],"event_choices":[{"cards_removed":["Strike_G"],"damage_healed":0,"gold_gain":0,"player_choice":"Card Removal","damage_taken":7,"max_hp_gain":0,"max_hp_loss":0,"event_name":"Golden Wing","floor":4,"gold_loss":0},{"damage_healed":0,"gold_gain":175,"player_choice":"AGREE","damage_taken":0,"max_hp_gain":0,"max_hp_loss":0,"event_name":"Liars Game","floor":5,"gold_loss":0,"cards_obtained":["Doubt"]},{"cards_removed":["Strike_G"],"damage_healed":0,"gold_gain":0,"player_choice":"Card Removal","damage_taken":0,"max_hp_gain":0,"max_hp_loss":0,"event_name":"The Cleric","floor":8,"gold_loss":50},{"damage_healed":23,"gold_gain":0,"player_choice":"Heal","damage_taken":0,"max_hp_gain":0,"max_hp_loss":0,"event_name":"The Library","floor":19,"gold_loss":0}],"is_beta":false,"boss_relics":[{"not_picked":["Astrolabe","Fusion Hammer"],"picked":"White Beast Statue"}],"items_purged_floors":[],"is_endless":false,"potions_floor_spawned":[1,2,11,16,18,20],"killed_by":"Centurion and Healer","ascension_level":10}