{"gold_per_floor":[119,138,153,163,163,163,180,180,180,209,221,259,53,72,72,168,168,183,108,135,35,35,35,48,323,371,389,406,406,421,432,432,529,529,541,1540,815,825,454,454,454,470,519,519,531,551,17,46,46,46],"floor_reached":51,"playtime":2007,"items_purged":["Strike_G","Strike_G","Normality","Normality","Regret"],"score":756,"play_id":"6bdf910c-8006-48eb-aec3-ac337ad90747","local_time":"20190516015517","is_ascension_mode":false,"campfire_choices":[{"data":"Neutralize","floor":6.0,"key":"SMITH"},{"data":"Bouncing Flask","floor":8.0,"key":"SMITH"},{"data":"Sucker Punch","floor":11.0,"key":"SMITH"},{"data":"Leg Sweep","floor":15.0,"key":"SMITH"},{"data":"After Image","floor":23.0,"key":"SMITH"},{"data":"Catalyst","floor":29.0,"key":"SMITH"},{"floor":32.0,"key":"REST"},{"data":"Calculated Gamble","floor":40.0,"key":"SMITH"},{"data":"Dodge and Roll","floor":44,"key":"SMITH"},{"data":"Catalyst","floor":49,"key":"SMITH"}],"neow_cost":"NONE","seed_source_timestamp":1110837737221,"circlet_count":0,"master_deck":["Defend_G+1","Defend_G+1","Defend_G+1","Defend_G+1","Defend_G+1","Strike_G+1","Survivor","Neutralize+1","Leg Sweep+1","Expertise","Bouncing Flask+1","Sucker Punch+1","PiercingWail","Cloak And Dagger","Crippling Poison+1","Calculated Gamble+1","After Image+1","Poisoned Stab+1","Dash","Dodge and Roll+1","Catalyst+1","Cloak And Dagger","PiercingWail+1","Dagger Throw+1","Corpse Explosion","Poisoned Stab+1","Leg Sweep+1","Skewer","Catalyst+1","Skewer"],"special_seed":0,"relics":["Ring of the Snake","NeowsBlessing","Regal Pillow","MawBank","Letter Opener","War Paint","Empty Cage","Red Mask","Bronze Scales","Coffee Dripper","Paper Crane","Strawberry","Toolbox","Happy Flower","CultistMask","Bag of Marbles","Thread and Needle","Oddly Smooth Stone"],"potions_floor_usage":[50],"damage_taken":[{"damage":0.0,"enemies":"2 Louse","floor":1.0,"turns":1.0},{"damage":0.0,"enemies":"Cultist","floor":2.0,"turns":1.0},{"damage":0.0,"enemies":"Jaw Worm","floor":3.0,"turns":1.0},{"damage":5.0,"enemies":"Looter","floor":4.0,"turns":4.0},{"damage":0.0,"enemies":"2 Fungi Beasts","floor":7.0,"turns":4.0},{"damage":0.0,"enemies":"Gremlin Gang","floor":10.0,"turns":6.0},{"damage":13.0,"enemies":"Gremlin Nob","floor":12.0,"turns":4.0},{"damage":0.0,"enemies":"Blue Slaver","floor":14.0,"turns":5.0},{"damage":5.0,"enemies":"Hexaghost","floor":16.0,"turns":10.0},{"damage":17.0,"enemies":"3 Byrds","floor":18.0,"turns":4.0},{"damage":21.0,"enemies":"Masked Bandits","floor":20.0,"turns":6.0},{"damage":0.0,"enemies":"Shell Parasite","floor":24.0,"turns":8.0},{"damage":0.0,"enemies":"Snecko","floor":27.0,"turns":5.0},{"damage":5.0,"enemies":"Snake Plant","floor":28.0,"turns":3.0},{"damage":0.0,"enemies":"Chosen and Byrds","floor":30.0,"turns":6.0},{"damage":7.0,"enemies":"Centurion and Healer","floor":31.0,"turns":13.0},{"damage":28.0,"enemies":"Collector","floor":33.0,"turns":9.0},{"damage":2.0,"enemies":"Orb Walker","floor":35.0,"turns":4.0},{"damage":8.0,"enemies":"3 Darklings","floor":38.0,"turns":3.0},{"damage":8.0,"enemies":"Spire Growth","floor":42.0,"turns":7.0},{"damage":1,"enemies":"Maw","floor":45,"turns":6},{"damage":8,"enemies":"Transient","floor":46,"turns":5},{"damage":0,"enemies":"Reptomancer","floor":48,"turns":5},{"damage":10,"enemies":"Time Eater","floor":50,"turns":13}],"seed_played":"-4007238082307715197","potions_obtained":[{"floor":2.0,"key":"EssenceOfSteel"},{"floor":4.0,"key":"EssenceOfSteel"},{"floor":10.0,"key":"SteroidPotion"},{"floor":14.0,"key":"Block Potion"},{"floor":24.0,"key":"PowerPotion"},{"floor":28.0,"key":"GamblersBrew"},{"floor":31.0,"key":"Poison Potion"},{"floor":46,"key":"LiquidBronze"}],"is_trial":false,"path_per_floor":["M","M","M","M","?","R","M","R","T","M","R","E","$","M","R","B",null,"M","$","?","$","?","R","M","?","T","M","M","R","M","M","R","B",null,"M","?","$","M","$","R","?","M","T","R","M","M","$","E","R","B",null],"character_chosen":"THE_SILENT","items_purchased":["Crippling Poison","War Paint","Paper Crane","Strawberry","Toolbox","Happy Flower","Skewer","Catalyst","Thread and Needle"],"campfire_rested":1,"item_purchase_floors":[13,13,37,37,37,39,39,47,47],"current_hp_per_floor":[70,70,70,65,65,65,65,65,65,65,65,52,52,52,52,47,70,53,53,32,32,32,32,32,32,32,32,27,27,27,20,56,28,70,68,68,75,67,67,67,67,59,59,59,58,50,50,50,50,40],"gold":46,"neow_bonus":"THREE_ENEMY_KILL","is_prod":false,"is_daily":false,"chose_seed":false,"campfire_upgraded":9,"win_rate":0,"timestamp":1557993317,"path_taken":["M","M","M","M","?","R","?","R","T","M","R","E","$","M","R","BOSS","M","$","?","$","?","R","M","?","T","M","M","R","?","M","R","BOSS","M","?","$","M","$","R","?","M","T","R","?","M","$","E","R","BOSS"],"build_version":"2019-01-23","purchased_purges":5,"victory":true,"max_hp_per_floor":[70,70,70,70,70,70,70,70,70,70,70,70,70,70,70,70,70,70,70,70,70,70,70,70,70,70,70,70,70,70,70,70,70,70,70,70,77,77,77,77,77,77,77,77,77,77,77,77,77,77],"card_choices":[{"not_picked":["Outmaneuver","Bane"],"picked":"Leg Sweep","floor":1.0},{"not_picked":["Bane","Masterful Stab"],"picked":"Expertise","floor":2.0},{"not_picked":["Caltrops","Dodge and Roll"],"picked":"Bouncing Flask","floor":3.0},{"not_picked":["Underhanded Strike","Dagger Throw"],"picked":"Dagger Spray","floor":4.0},{"not_picked":["Cloak And Dagger","Quick Slash"],"picked":"Sucker Punch","floor":7.0},{"not_picked":["Prepared","Blade Dance"],"picked":"PiercingWail","floor":10.0},{"not_picked":["Bane","Dodge and Roll"],"picked":"Cloak And Dagger","floor":12.0},{"not_picked":["Acrobatics","Sucker Punch"],"picked":"Calculated Gamble","floor":14.0},{"not_picked":["A Thousand Cuts","Tools of the Trade"],"picked":"After Image","floor":16.0},{"not_picked":["PiercingWail","Masterful Stab"],"picked":"Poisoned Stab+1","floor":18.0},{"not_picked":["Quick Slash+1","Poisoned Stab"],"picked":"Dash","floor":20.0},{"not_picked":["Dagger Spray","Reflex"],"picked":"Dodge and Roll","floor":24.0},{"not_picked":["Predator","Quick Slash+1"],"picked":"Catalyst","floor":27.0},{"not_picked":["Masterful Stab","Deflect"],"picked":"Cloak And Dagger","floor":28.0},{"not_picked":["Prepared","Cloak And Dagger"],"picked":"PiercingWail+1","floor":30.0},{"not_picked":["Deflect","Backflip"],"picked":"Dagger Throw+1","floor":31.0},{"not_picked":["Tools of the Trade","Doppelganger"],"picked":"Corpse Explosion","floor":33.0},{"not_picked":["PiercingWail+1","Slice"],"picked":"Poisoned Stab+1","floor":35.0},{"not_picked":["Dodge and Roll","Terror"],"picked":"Leg Sweep+1","floor":38.0},{"not_picked":["Quick Slash","PiercingWail","Slice"],"picked":"SKIP","floor":42.0},{"not_picked":["Reflex+1","Eviscerate+1","Backstab+1"],"picked":"SKIP","floor":45},{"not_picked":["Flechettes+1","Infinite Blades+1","Dagger Spray"],"picked":"SKIP","floor":46},{"not_picked":["Accuracy+1","Masterful Stab"],"picked":"Skewer","floor":48}],"player_experience":1411709,"relics_obtained":[{"floor":9.0,"key":"MawBank"},{"floor":12.0,"key":"Letter Opener"},{"floor":20.0,"key":"Red Mask"},{"floor":26.0,"key":"Bronze Scales"},{"floor":43.0,"key":"Bag of Marbles"},{"floor":48,"key":"Oddly Smooth Stone"}],"event_choices":[{"cards_removed":["Dagger Spray"],"damage_healed":0.0,"max_hp_gain":0.0,"max_hp_loss":0.0,"gold_gain":0.0,"event_name":"WeMeetAgain","player_choice":"Gave Card","floor":5.0,"gold_loss":0.0,"damage_taken":0.0,"relics_obtained":["Regal Pillow"]},{"damage_healed":0.0,"max_hp_gain":0.0,"max_hp_loss":0.0,"gold_gain":0.0,"event_name":"Masked Bandits","player_choice":"Fought Bandits","floor":20.0,"gold_loss":0.0,"damage_taken":0.0},{"damage_healed":0.0,"max_hp_gain":0.0,"max_hp_loss":0.0,"gold_gain":0.0,"event_name":"Back to Basics","player_choice":"Simplicity","floor":22.0,"gold_loss":0.0,"damage_taken":0.0,"cards_upgraded":["Defend_G","Defend_G","Defend_G","Defend_G","Strike_G"]},{"damage_healed":0.0,"max_hp_gain":0.0,"max_hp_loss":0.0,"gold_gain":275.0,"event_name":"Golden Shrine","player_choice":"Desecrate","floor":25.0,"gold_loss":0.0,"damage_taken":0.0,"cards_obtained":["Regret"]},{"damage_healed":0.0,"max_hp_gain":0.0,"max_hp_loss":0.0,"gold_gain":999.0,"event_name":"MindBloom","player_choice":"Gold","floor":36.0,"gold_loss":0.0,"damage_taken":0.0,"cards_obtained":["Normality","Normality"]},{"damage_healed":0.0,"max_hp_gain":0.0,"max_hp_loss":0.0,"gold_gain":0.0,"event_name":"FaceTrader","player_choice":"Trade","floor":41.0,"gold_loss":0.0,"damage_taken":0.0,"relics_obtained":["CultistMask"]}],"is_beta":false,"boss_relics":[{"not_picked":["Calling Bell","WristBlade"],"picked":"Empty Cage"},{"not_picked":["Lizard Tail","White Beast Statue"],"picked":"Coffee Dripper"}],"items_purged_floors":[19,21,37,39,47],"is_endless":false,"potions_floor_spawned":[2,4,10,14,24,28,31,46],"ascension_level":0}