{"path_per_floor":["M","M","$","M","M","E","R","M","T","R","M","$","?","M","R","B",null,"M","M","$","?","M","R","M"],"character_chosen":"IRONCLAD","items_purchased":["Rampage"],"gold_per_floor":[113,126,14,29,48,82,82,93,93,93,104,4,79,98,98,200,200,215,234,109,109,129,129,146,146],"floor_reached":25,"campfire_rested":0,"playtime":2006,"item_purchase_floors":[3],"current_hp_per_floor":[71,70,70,72,70,69,69,74,74,74,80,80,69,74,74,53,92,82,63,63,63,41,41,26,0],"items_purged":["Strike_R","Defend_R","Defend_R"],"gold":146,"score":207,"play_id":"583957db-e728-4d7a-b988-830b09d2fe6c","local_time":"20180530144128","is_prod":false,"is_daily":false,"chose_seed":false,"is_ascension_mode":false,"campfire_upgraded":4,"win_rate":0,"timestamp":1527684088,"campfire_choices":[{"data":"Rampage","floor":7,"key":"SMITH"},{"data":"Warcry","floor":10,"key":"SMITH"},{"data":"Pommel Strike","floor":15,"key":"SMITH"},{"data":"Demon Form","floor":23,"key":"SMITH"}],"path_taken":["M","M","$","M","M","E","R","M","T","R","M","$","?","M","R","BOSS","M","M","$","?","M","R","M","M"],"build_version":"2018-05-24","seed_source_timestamp":1182405547480834,"purchased_purges":3,"victory":false,"master_deck":["Strike_R","Strike_R","Strike_R","Strike_R","Defend_R","Bash","Cleave","Ghostly Armor","Rampage+1","Ghostly Armor","Pommel Strike+1","Warcry+1","Battle Trance","Demon Form+1","Battle Trance"],"max_hp_per_floor":[72,72,72,72,72,87,87,87,87,87,87,87,87,87,87,92,92,92,92,92,92,92,92,92,92],"relics":["Burning Blood","Torii","Pear","Anchor","Runic Cube"],"card_choices":[{"not_picked":["Twin Strike","Thunderclap"],"picked":"Cleave","floor":1},{"not_picked":["Uppercut","Searing Blow"],"picked":"Ghostly Armor","floor":2},{"not_picked":["Second Wind","Flex"],"picked":"Ghostly Armor","floor":4},{"not_picked":["Clothesline","Bloodletting"],"picked":"Pommel Strike","floor":5},{"not_picked":["Dual Wield","Iron Wave"],"picked":"Warcry","floor":6},{"not_picked":["Pummel","Anger"],"picked":"Battle Trance","floor":8},{"not_picked":["Cleave","Feel No Pain","Spot Weakness"],"picked":"SKIP","floor":11},{"not_picked":["Pommel Strike","Bloodletting","Ghostly Armor"],"picked":"SKIP","floor":14},{"not_picked":["Brutality","Fiend Fire"],"picked":"Demon Form","floor":16},{"not_picked":["Pommel Strike","Heavy Blade","True Grit"],"picked":"SKIP","floor":18},{"not_picked":["Sword Boomerang","Clash","Dropkick+1"],"picked":"SKIP","floor":19},{"not_picked":["Combust","Second Wind","True Grit"],"picked":"SKIP","floor":22},{"not_picked":["Havoc","Twin Strike"],"picked":"Battle Trance","floor":24}],"player_experience":89078,"potions_floor_usage":[6,6,16,22,24],"damage_taken":[{"damage":7,"enemies":"2 Louse","floor":1,"turns":3},{"damage":7,"enemies":"Jaw Worm","floor":2,"turns":3},{"damage":2,"enemies":"Cultist","floor":4,"turns":4},{"damage":8,"enemies":"Exordium Wildlife","floor":5,"turns":5},{"damage":22,"enemies":"Gremlin Nob","floor":6,"turns":4},{"damage":1,"enemies":"Red Slaver","floor":8,"turns":5},{"damage":0,"enemies":"3 Louse","floor":11,"turns":3},{"damage":1,"enemies":"Lots of Slimes","floor":14,"turns":2},{"damage":32,"enemies":"Slime Boss","floor":16,"turns":11},{"damage":16,"enemies":"3 Byrds","floor":18,"turns":5},{"damage":25,"enemies":"Shell Parasite","floor":19,"turns":7},{"damage":28,"enemies":"Snake Plant","floor":22,"turns":4},{"damage":21,"enemies":"3 Cultists","floor":24,"turns":7},{"damage":30,"enemies":"Centurion and Healer","floor":25,"turns":4}],"relics_obtained":[{"floor":6,"key":"Pear"},{"floor":9,"key":"Anchor"}],"event_choices":[{"event_name":"World of Goop","player_choice":"Gather Gold","floor":13,"damage_taken":0},{"event_name":"Bonfire Elementals","player_choice":"BASIC","floor":21,"damage_taken":0}],"boss_relics":[{"not_picked":["Tiny House","Eternal Feather"],"picked":"Runic Cube"}],"items_purged_floors":[3,12,20],"potions_floor_spawned":[2,4,5,8,16,19],"seed_played":"3221463156826916716","killed_by":"Centurion and Healer","ascension_level":0,"potions_obtained":[{"floor":2,"key":"Fruit Juice"},{"floor":4,"key":"EssenceOfSteel"},{"floor":5,"key":"AttackPotion"},{"floor":8,"key":"Fruit Juice"},{"floor":16,"key":"FearPotion"},{"floor":19,"key":"GamblersBrew"}],"is_trial":false}