{"gold_per_floor":[111,111,129,54,65,65,93,93,93,126,126,47,73,89,89,190,190,201,216,233,233,233,233,59,59,59,59,74,12,27,62,62,162,162,177,196,196,64,64,64,99,99,99,36,36,36,64,76,88,100],"floor_reached":50,"playtime":3583,"items_purged":["Strike_B","Pain","Strike_B"],"score":629,"play_id":"42a3d2ee-d80d-4973-b85b-0936e1f1999d","local_time":"20190106223139","is_ascension_mode":true,"campfire_choices":[{"data":"Zap","floor":6,"key":"SMITH"},{"data":"Buffer","floor":8,"key":"SMITH"},{"data":"Thunder Strike","floor":11,"key":"SMITH"},{"data":"Defragment","floor":15,"key":"SMITH"},{"data":"Buffer","floor":23,"key":"SMITH"},{"data":"Storm","floor":25,"key":"SMITH"},{"data":"Deep Breath","floor":27,"key":"SMITH"},{"floor":32,"key":"REST"},{"floor":40,"key":"REST"},{"floor":42,"key":"RECALL"},{"floor":46,"key":"REST"},{"floor":49,"key":"REST"}],"neow_cost":"NONE","seed_source_timestamp":190559461360037,"circlet_count":0,"master_deck":["Strike_B+1","Strike_B+1","Defend_B+1","Defend_B+1","Defend_B+1","Defend_B+1","Zap+1","Dualcast+1","Deep Breath+1","Streamline+1","Buffer+1","Ball Lightning+1","Thunder Strike+1","Self Repair+1","Defragment+1","Buffer+1","Tempest+1","Auto Shields+1","Storm+1","Hologram+1","Self Repair+1","Conserve Battery+1","Ball Lightning+1","Amplify+1","Capacitor+1","Madness+1","Madness+1","Redo+1","FTL+1","The Bomb+1"],"relics":["Cracked Core","CultistMask","Dodecahedron","Darkstone Periapt","Molten Egg 2","Centennial Puzzle","Sozu","WarpedTongs","The Courier","Anchor","Fusion Hammer","Strawberry","Art of War","MawBank","Mark of the Bloom"],"potions_floor_usage":[7,31,31,50],"damage_taken":[{"damage":1,"enemies":"2 Louse","floor":1,"turns":2},{"damage":1,"enemies":"Cultist","floor":3,"turns":3},{"damage":6,"enemies":"Small Slimes","floor":5,"turns":5},{"damage":13,"enemies":"3 Sentries","floor":7,"turns":6},{"damage":16,"enemies":"Gremlin Nob","floor":10,"turns":4},{"damage":5,"enemies":"3 Louse","floor":14,"turns":3},{"damage":0,"enemies":"Slime Boss","floor":16,"turns":4},{"damage":0,"enemies":"Spheric Guardian","floor":18,"turns":3},{"damage":7,"enemies":"Chosen","floor":19,"turns":3},{"damage":13,"enemies":"Snecko","floor":20,"turns":3},{"damage":0,"enemies":"Cultist and Chosen","floor":28,"turns":5},{"damage":7,"enemies":"Chosen and Byrds","floor":30,"turns":3},{"damage":36,"enemies":"Slavers","floor":31,"turns":3},{"damage":23,"enemies":"Champ","floor":33,"turns":9},{"damage":6,"enemies":"Orb Walker","floor":35,"turns":2},{"damage":0,"enemies":"3 Shapes","floor":36,"turns":3},{"damage":4,"enemies":"Reptomancer","floor":41,"turns":5},{"damage":27,"enemies":"Nemesis","floor":47,"turns":7},{"damage":84,"enemies":"Awakened One","floor":50,"turns":8}],"seed_played":"-4515563800318926374","potions_obtained":[{"floor":1,"key":"AttackPotion"},{"floor":5,"key":"Ancient Potion"},{"floor":14,"key":"Ancient Potion"},{"floor":16,"key":"PowerPotion"}],"is_trial":false,"path_per_floor":["M","?","M","$","M","R","E","R","T","E","R","$","T","M","R","B",null,"M","M","M","?","?","R","$","R","T","R","M","$","M","E","R","B",null,"M","M","?","$","?","R","E","R","T","$","?","R","E","?","R","B"],"character_chosen":"DEFECT","items_purchased":["Defragment","Storm","Self Repair","Capacitor","FTL+1"],"campfire_rested":4,"item_purchase_floors":[12,24,29,38,44],"current_hp_per_floor":[74,74,73,73,67,67,54,54,54,38,38,38,38,33,33,40,75,75,75,62,62,68,68,68,68,68,68,68,68,68,39,63,57,81,81,81,81,81,71,81,88,88,88,88,88,88,78,78,78,0],"gold":100,"neow_bonus":"RANDOM_COLORLESS","is_prod":false,"is_daily":false,"chose_seed":false,"campfire_upgraded":7,"win_rate":0,"timestamp":1546835499,"path_taken":["M","?","?","$","M","R","E","R","T","E","R","$","?","M","R","BOSS","M","M","M","?","?","R","$","R","T","R","M","$","?","E","R","BOSS","M","M","?","$","?","R","E","R","T","$","?","R","E","?","R","BOSS"],"build_version":"2019-01-03v4","purchased_purges":3,"victory":false,"max_hp_per_floor":[75,75,75,75,75,75,75,75,75,75,75,75,75,75,75,75,75,75,75,75,75,81,81,81,81,81,81,81,81,81,81,81,81,81,81,81,81,81,81,81,88,88,88,88,88,88,88,88,88,88],"card_choices":[{"not_picked":["Beam Cell","Barrage"],"picked":"Streamline","floor":1},{"not_picked":["Compile Driver","Leap"],"picked":"Buffer","floor":3},{"not_picked":["Streamline","Go for the Eyes"],"picked":"Ball Lightning","floor":5},{"not_picked":["Aggregate","Storm"],"picked":"Thunder Strike","floor":7},{"not_picked":["Gash","Chaos"],"picked":"Self Repair","floor":10},{"not_picked":["Go for the Eyes+1","Stack","BootSequence"],"picked":"SKIP","floor":14},{"not_picked":["Thunder Strike+1","Reboot"],"picked":"Buffer","floor":16},{"not_picked":["Auto Shields+1","Coolheaded+1"],"picked":"Tempest+1","floor":18},{"not_picked":["Rebound+1","Compile Driver+1"],"picked":"Auto Shields","floor":19},{"not_picked":["Scrape+1","Streamline+1","Multi-Cast"],"picked":"SKIP","floor":20},{"not_picked":["Loop","Cold Snap+1"],"picked":"Hologram+1","floor":28},{"not_picked":["Auto Shields+1","Leap"],"picked":"Conserve Battery+1","floor":30},{"not_picked":["Coolheaded","Core Surge+1"],"picked":"Ball Lightning+1","floor":31},{"not_picked":["Buffer","Machine Learning"],"picked":"Amplify","floor":33},{"not_picked":["Go for the Eyes+1","Genetic Algorithm+1","Sunder+1"],"picked":"SKIP","floor":35},{"not_picked":["Lockon+1","Cold Snap+1","Gash+1"],"picked":"SKIP","floor":36},{"not_picked":["Leap","Beam Cell+1"],"picked":"Redo","floor":41},{"not_picked":["Dramatic Entrance+1","Madness"],"picked":"The Bomb","floor":45},{"not_picked":["Barrage+1","Go for the Eyes+1","Genetic Algorithm+1"],"picked":"SKIP","floor":47}],"player_experience":501162,"relics_obtained":[{"floor":7,"key":"Dodecahedron"},{"floor":9,"key":"Darkstone Periapt"},{"floor":10,"key":"Molten Egg 2"},{"floor":13,"key":"Centennial Puzzle"},{"floor":26,"key":"The Courier"},{"floor":31,"key":"Anchor"},{"floor":41,"key":"Strawberry"},{"floor":43,"key":"Art of War"},{"floor":47,"key":"MawBank"}],"event_choices":[{"damage_healed":0,"gold_gain":0,"player_choice":"Trade","damage_taken":0,"relics_obtained":["CultistMask"],"max_hp_gain":0,"max_hp_loss":0,"event_name":"FaceTrader","floor":2,"gold_loss":0},{"damage_healed":0,"gold_gain":0,"player_choice":"Ignored","damage_taken":0,"max_hp_gain":0,"max_hp_loss":0,"event_name":"Vampires","floor":21,"gold_loss":0},{"damage_healed":0,"gold_gain":0,"player_choice":"Rummage","damage_taken":0,"relics_obtained":["WarpedTongs"],"max_hp_gain":0,"max_hp_loss":0,"event_name":"Accursed Blacksmith","floor":22,"gold_loss":0,"cards_obtained":["Pain"]},{"damage_healed":0,"gold_gain":0,"player_choice":"Ignored","damage_taken":0,"max_hp_gain":0,"max_hp_loss":0,"event_name":"Tomb of Lord Red Mask","floor":37,"gold_loss":0},{"damage_healed":0,"gold_gain":0,"player_choice":"Embrace Madness","damage_taken":10,"max_hp_gain":0,"max_hp_loss":0,"event_name":"Winding Halls","floor":39,"gold_loss":0,"cards_obtained":["Madness","Madness"]},{"damage_healed":0,"gold_gain":0,"player_choice":"Memory 1","damage_taken":0,"max_hp_gain":0,"max_hp_loss":0,"event_name":"SensoryStone","floor":45,"gold_loss":0},{"damage_healed":0,"gold_gain":0,"player_choice":"Upgrade","damage_taken":0,"relics_obtained":["Mark of the Bloom"],"max_hp_gain":0,"max_hp_loss":0,"event_name":"MindBloom","floor":48,"gold_loss":0,"cards_upgraded":["Strike_B","Strike_B","Defend_B","Defend_B","Defend_B","Defend_B","Dualcast","Streamline","Ball Lightning","Self Repair","Auto Shields","Self Repair","Amplify","Capacitor","Madness","Madness","Redo","The Bomb"]}],"is_beta":false,"boss_relics":[{"not_picked":["Black Star","Nuclear Battery"],"picked":"Sozu"},{"not_picked":["Pandora\u0027s Box","Runic Dome"],"picked":"Fusion Hammer"}],"items_purged_floors":[4,24,38],"is_endless":false,"potions_floor_spawned":[1,5,14,16,20,31,33,47],"killed_by":"Awakened One","ascension_level":2}