{"gold_per_floor":[112,112,128,147,164,164,181,181,181,193,193,193,221,221,221,221],"floor_reached":16,"playtime":1100,"items_purged":[],"score":173,"play_id":"71d6b96d-b865-434a-85be-07aed4a17eaa","local_time":"20190419214424","is_ascension_mode":true,"campfire_choices":[{"data":"Dualcast","floor":6,"key":"SMITH"},{"data":"Zap","floor":11,"key":"SMITH"},{"data":"Buffer","floor":15,"key":"SMITH"}],"neow_cost":"NONE","seed_source_timestamp":259333352773500,"circlet_count":0,"master_deck":["AscendersBane","Strike_B","Strike_B","Strike_B","Defend_B","Defend_B","Defend_B","Defend_B","Zap+1","Dualcast+1","Chill+1","Self Repair","Cold Snap","Leap","Skim","Buffer+1"],"relics":["Cracked Core","Kunai","DataDisk"],"potions_floor_usage":[13],"damage_taken":[{"damage":1,"enemies":"Cultist","floor":1,"turns":4},{"damage":3,"enemies":"2 Louse","floor":3,"turns":3},{"damage":4,"enemies":"Small Slimes","floor":4,"turns":5},{"damage":5,"enemies":"2 Fungi Beasts","floor":5,"turns":4},{"damage":1,"enemies":"Looter","floor":7,"turns":3},{"damage":4,"enemies":"Large Slime","floor":10,"turns":9},{"damage":9,"enemies":"Lagavulin","floor":13,"turns":8},{"damage":72,"enemies":"Hexaghost","floor":16,"turns":15}],"seed_played":"4728447548254367968","potions_obtained":[{"floor":3,"key":"PowerPotion"},{"floor":4,"key":"Ancient Potion"},{"floor":14,"key":"Ancient Potion"}],"is_trial":false,"path_per_floor":["M","?","M","M","M","R","M","?","T","M","R","?","E","?","R","B"],"character_chosen":"DEFECT","items_purchased":[],"campfire_rested":0,"item_purchase_floors":[],"current_hp_per_floor":[70,70,67,70,72,72,78,71,71,74,74,74,72,72,72,0],"gold":221,"neow_bonus":"TEN_PERCENT_HP_BONUS","is_prod":false,"is_daily":false,"chose_seed":false,"campfire_upgraded":3,"win_rate":0,"timestamp":1555724664,"path_taken":["M","?","M","M","M","R","M","?","T","M","R","?","E","?","R","BOSS"],"build_version":"2019-01-23","purchased_purges":0,"victory":false,"max_hp_per_floor":[78,78,78,78,78,78,78,78,78,78,78,78,78,78,78,78],"card_choices":[{"not_picked":["Stack","Redo"],"picked":"Chill","floor":1},{"not_picked":["Redo","Ball Lightning"],"picked":"Self Repair","floor":3},{"not_picked":["Steam","Scrape"],"picked":"Cold Snap","floor":4},{"not_picked":["Go for the Eyes","Auto Shields"],"picked":"Leap","floor":5},{"not_picked":["Skim","Reprogram","Stack"],"picked":"SKIP","floor":7},{"not_picked":["Turbo","Go for the Eyes"],"picked":"Skim","floor":10},{"not_picked":["Steam","Reprogram"],"picked":"Buffer","floor":13}],"player_experience":2782960,"relics_obtained":[{"floor":9,"key":"Kunai"},{"floor":13,"key":"DataDisk"}],"event_choices":[{"damage_healed":0,"gold_gain":0,"player_choice":"Ignored","damage_taken":0,"max_hp_gain":0,"max_hp_loss":0,"event_name":"Shining Light","floor":2,"gold_loss":0},{"cards_removed":["Strike_B"],"damage_healed":0,"gold_gain":0,"player_choice":"Card Removal","damage_taken":7,"max_hp_gain":0,"max_hp_loss":0,"event_name":"Golden Wing","floor":8,"gold_loss":0},{"damage_healed":0,"gold_gain":0,"player_choice":"Grow","damage_taken":0,"max_hp_gain":0,"max_hp_loss":0,"event_name":"Living Wall","floor":12,"gold_loss":0,"cards_upgraded":["Chill"]},{"damage_healed":0,"gold_gain":0,"player_choice":"Got Potions","damage_taken":0,"max_hp_gain":0,"max_hp_loss":0,"event_name":"Lab","floor":14,"gold_loss":0}],"is_beta":false,"boss_relics":[],"items_purged_floors":[],"is_endless":false,"potions_floor_spawned":[3,4,5,10],"killed_by":"Hexaghost","ascension_level":14}