{"gold_per_floor":[13,26,38,38,65,93,93,128,152,170,187,197,207,221,221,326,326,297,297,314,325,98,98,109,124,173,173],"floor_reached":27,"playtime":1715,"items_purged":["Strike_R"],"score":256,"play_id":"2b84d6f4-3608-4114-853d-a9d360b18a08","local_time":"20180713000336","is_ascension_mode":false,"campfire_choices":[{"data":"Armaments","floor":7,"key":"SMITH"},{"data":"Flex","floor":15,"key":"SMITH"},{"data":"Seeing Red","floor":23,"key":"SMITH"}],"neow_cost":"NO_GOLD","seed_source_timestamp":77387904874217,"circlet_count":0,"master_deck":["Strike_R","Strike_R","Strike_R","Defend_R","Defend_R","Defend_R","Defend_R","Bash","Armaments+1","Iron Wave","Seeing Red+1","Wild Strike","Dual Wield","Pommel Strike","Flex+1","Bludgeon","Thunderclap","Flex","Demon Form"],"relics":["Burning Blood","Lantern","Anchor","Ornamental Fan","Bag of Marbles","Black Star","Singing Bowl"],"potions_floor_usage":[8,16,16,27],"damage_taken":[{"damage":1,"enemies":"Cultist","floor":1,"turns":3},{"damage":2,"enemies":"Small Slimes","floor":2,"turns":4},{"damage":1,"enemies":"Jaw Worm","floor":3,"turns":4},{"damage":26,"enemies":"3 Sentries","floor":6,"turns":10},{"damage":10,"enemies":"Gremlin Nob","floor":8,"turns":4},{"damage":1,"enemies":"Large Slime","floor":10,"turns":7},{"damage":6,"enemies":"3 Louse","floor":11,"turns":3},{"damage":0,"enemies":"Blue Slaver","floor":12,"turns":2},{"damage":9,"enemies":"Exordium Wildlife","floor":13,"turns":6},{"damage":8,"enemies":"2 Fungi Beasts","floor":14,"turns":5},{"damage":36,"enemies":"Slime Boss","floor":16,"turns":13},{"damage":18,"enemies":"2 Thieves","floor":18,"turns":5},{"damage":6,"enemies":"Spheric Guardian","floor":20,"turns":3},{"damage":27,"enemies":"Snake Plant","floor":21,"turns":3},{"damage":15,"enemies":"Snecko","floor":24,"turns":4},{"damage":6,"enemies":"Chosen and Byrds","floor":25,"turns":5},{"damage":58,"enemies":"Sentry and Sphere","floor":27,"turns":7}],"seed_played":"2557952598106523412","potions_obtained":[{"floor":3,"key":"FearPotion"},{"floor":8,"key":"FearPotion"},{"floor":11,"key":"BloodPotion"},{"floor":13,"key":"GamblersBrew"},{"floor":14,"key":"Strength Potion"},{"floor":21,"key":"SpeedPotion"},{"floor":25,"key":"LiquidBronze"}],"is_trial":false,"path_per_floor":["M","M","M","$","T","E","R","E","T","M","M","M","M","M","R","B",null,"M","?","M","M","$","R","M","M","T"],"character_chosen":"IRONCLAD","items_purchased":["Demon Form"],"campfire_rested":0,"item_purchase_floors":[22],"current_hp_per_floor":[96,96,96,96,96,76,76,72,72,77,77,83,80,78,78,57,96,84,84,84,63,63,63,54,54,54,0],"gold":173,"neow_bonus":"TWENTY_PERCENT_HP_BONUS","is_prod":false,"is_daily":false,"chose_seed":false,"campfire_upgraded":3,"win_rate":0,"timestamp":1531454616,"path_taken":["M","M","M","$","?","E","R","E","T","M","M","M","M","M","R","BOSS","M","?","M","M","$","R","M","M","T","M"],"build_version":"2018-07-05","purchased_purges":1,"victory":false,"max_hp_per_floor":[96,96,96,96,96,96,96,96,96,96,96,96,96,96,96,96,96,96,96,96,96,96,96,96,96,96,96],"card_choices":[{"not_picked":["Iron Wave","Intimidate"],"picked":"Armaments","floor":1},{"not_picked":["Shrug It Off","Clash"],"picked":"Iron Wave","floor":2},{"not_picked":["Warcry","Clash"],"picked":"Seeing Red","floor":3},{"not_picked":["Headbutt","Disarm","Clash"],"picked":"SKIP","floor":6},{"not_picked":["Clothesline","Fire Breathing"],"picked":"Wild Strike","floor":8},{"not_picked":["Corruption","Combust","Twin Strike"],"picked":"SKIP","floor":10},{"not_picked":["Headbutt","Burning Pact","Clash"],"picked":"SKIP","floor":11},{"not_picked":["Perfected Strike","Exhume"],"picked":"Dual Wield","floor":12},{"not_picked":["Heavy Blade","Disarm"],"picked":"Pommel Strike","floor":13},{"not_picked":["Anger","Warcry"],"picked":"Flex","floor":14},{"not_picked":["Juggernaut","Exhume"],"picked":"Bludgeon","floor":16},{"not_picked":["Sentinel","Cleave+1","Havoc"],"picked":"SKIP","floor":18},{"not_picked":["Sword Boomerang","Havoc+1"],"picked":"Thunderclap","floor":20},{"not_picked":["Heavy Blade","Disarm+1"],"picked":"Flex","floor":21},{"not_picked":["Havoc","True Grit","Iron Wave"],"picked":"SKIP","floor":24},{"not_picked":["Shrug It Off","Iron Wave","True Grit+1"],"picked":"SKIP","floor":25}],"player_experience":254836,"relics_obtained":[{"floor":5,"key":"Lantern"},{"floor":6,"key":"Anchor"},{"floor":8,"key":"Ornamental Fan"},{"floor":9,"key":"Bag of Marbles"},{"floor":26,"key":"Singing Bowl"}],"event_choices":[{"event_name":"Purifier","player_choice":"One Purge","floor":19,"damage_taken":0}],"boss_relics":[{"not_picked":["Philosopher\u0027s Stone","Sozu"],"picked":"Black Star"}],"items_purged_floors":[22],"is_endless":false,"potions_floor_spawned":[2,3,8,11,13,14,21,25],"killed_by":"Sentry and Sphere","ascension_level":0}