{"gold_per_floor":[15,15,39,1,1,1,21,21,45,45,70,70,48,67,67,67],"floor_reached":16,"playtime":3076,"items_purged":[],"score":90,"play_id":"eae16b4e-276b-4234-98f9-942c27204cf2","local_time":"20181120231842","is_ascension_mode":false,"campfire_choices":[{"floor":6,"key":"RECALL"},{"data":"Zap","floor":8,"key":"SMITH"},{"data":"Mind Blast","floor":15,"key":"SMITH"}],"neow_cost":"NO_GOLD","seed_source_timestamp":178360499350396,"circlet_count":0,"master_deck":["Strike_B","Strike_B","Strike_B","Strike_B","Defend_B","Defend_B","Defend_B","Defend_B","Zap+1","Dualcast","Mind Blast+1","Purity","Glacier","Injury","Genetic Algorithm","Lockon","Iron Wave","Go for the Eyes","Go for the Eyes","Gash"],"relics":["Cracked Core","Golden Idol","Ice Cream"],"potions_floor_usage":[],"damage_taken":[{"damage":6,"enemies":"Jaw Worm","floor":1,"turns":3},{"damage":2,"enemies":"2 Louse","floor":3,"turns":2},{"damage":0,"enemies":"Cultist","floor":7,"turns":4},{"damage":23,"enemies":"Large Slime","floor":11,"turns":6},{"damage":7,"enemies":"Exordium Thugs","floor":14,"turns":4},{"damage":41,"enemies":"The Guardian","floor":16,"turns":9}],"seed_played":"-4432778459349054622","potions_obtained":[{"floor":14,"key":"FairyPotion"}],"is_trial":false,"path_per_floor":["M","?","M","$","?","R","M","R","T","?","M","?","$","M","R","B"],"character_chosen":"DEFECT","items_purchased":["Lockon","Go for the Eyes"],"campfire_rested":0,"item_purchase_floors":[4,13],"current_hp_per_floor":[69,69,67,67,67,67,67,67,67,67,44,37,37,30,30,0],"gold":67,"neow_bonus":"RANDOM_COLORLESS_2","is_prod":false,"is_daily":false,"chose_seed":false,"campfire_upgraded":2,"win_rate":0,"timestamp":1542773922,"path_taken":["M","?","M","$","?","R","M","R","T","?","?","?","?","M","R","BOSS"],"build_version":"2018-11-15","purchased_purges":0,"victory":false,"max_hp_per_floor":[75,75,75,75,75,75,75,75,75,75,75,75,75,75,75,75],"card_choices":[{"not_picked":["Steam Power","Barrage"],"picked":"Glacier","floor":1},{"not_picked":["Turbo","Streamline"],"picked":"Genetic Algorithm","floor":3},{"not_picked":["Rebound","Compile Driver"],"picked":"Buffer","floor":7},{"not_picked":["Barrage","Rebound"],"picked":"Go for the Eyes","floor":11},{"not_picked":["Hologram","Genetic Algorithm"],"picked":"Gash","floor":14}],"player_experience":28365,"relics_obtained":[],"event_choices":[{"damage_healed":0,"gold_gain":0,"player_choice":"Take Wound","damage_taken":0,"relics_obtained":["Golden Idol"],"max_hp_gain":0,"max_hp_loss":0,"event_name":"Golden Idol","floor":2,"gold_loss":0,"cards_obtained":["Injury"]},{"damage_healed":0,"gold_gain":0,"player_choice":"Leave","damage_taken":0,"max_hp_gain":0,"max_hp_loss":0,"event_name":"The Cleric","floor":5,"gold_loss":0},{"cards_removed":["Buffer"],"damage_healed":0,"gold_gain":0,"player_choice":"Took Card","damage_taken":0,"max_hp_gain":0,"max_hp_loss":0,"event_name":"NoteForYourself","floor":10,"gold_loss":0,"cards_obtained":["Iron Wave"]},{"damage_healed":0,"gold_gain":0,"player_choice":"Success","damage_taken":7,"relics_obtained":["Ice Cream"],"max_hp_gain":0,"max_hp_loss":0,"event_name":"Scrap Ooze","floor":12,"gold_loss":0}],"is_beta":false,"boss_relics":[],"items_purged_floors":[],"is_endless":false,"potions_floor_spawned":[14],"killed_by":"The Guardian","ascension_level":0}