{"gold_per_floor":[17,17,33,133,148,148,177,177,177,202,202,228,52,71,71,150,150,168,178,178,189,57,57,57,70,70,70,95,95,95,108,108,179,179,199,199,216,12,12],"floor_reached":39,"playtime":1787,"items_purged":[],"score":709,"play_id":"27cc7bf8-381c-4492-b3ab-7086a8724513","local_time":"20190413234142","is_ascension_mode":true,"campfire_choices":[{"data":"Streamline","floor":6,"key":"SMITH"},{"floor":8,"key":"REST"},{"data":"White Noise","floor":11,"key":"SMITH"},{"floor":15,"key":"REST"},{"data":"Echo Form","floor":23,"key":"SMITH"},{"floor":29,"key":"REST"},{"floor":32,"key":"REST"}],"neow_cost":"NO_GOLD","seed_source_timestamp":82880946461100,"circlet_count":0,"master_deck":["AscendersBane","Strike_B+1","Strike_B+1","Strike_B+1","Defend_B+1","Defend_B+1","Defend_B+1","Defend_B+1","Zap","Dualcast","All For One","Streamline+1","Steam","Rebound","Melter+1","White Noise+1","Double Energy+1","Sunder+1","Biased Cognition","Auto Shields","Echo Form+1","Steam","Gash+1","Scrape+1","Panache","Electrodynamics","Defragment+1","Creative AI","Gash+1","Go for the Eyes+1"],"relics":["Cracked Core","Molten Egg 2","Gremlin Horn","Mango","The Courier","Eternal Feather","Dodecahedron","Singing Bowl","Nuclear Battery","Meat on the Bone"],"potions_floor_usage":[7,21,21,28,33],"damage_taken":[{"damage":6,"enemies":"2 Louse","floor":1,"turns":2},{"damage":6,"enemies":"Cultist","floor":3,"turns":3},{"damage":5,"enemies":"Small Slimes","floor":5,"turns":3},{"damage":10,"enemies":"3 Sentries","floor":7,"turns":3},{"damage":19,"enemies":"Lagavulin","floor":10,"turns":7},{"damage":18,"enemies":"Gremlin Nob","floor":12,"turns":3},{"damage":7,"enemies":"Looter","floor":14,"turns":3},{"damage":46,"enemies":"The Guardian","floor":16,"turns":12},{"damage":12,"enemies":"Chosen","floor":18,"turns":3},{"damage":0,"enemies":"Spheric Guardian","floor":19,"turns":2},{"damage":2,"enemies":"Chosen and Byrds","floor":21,"turns":4},{"damage":18,"enemies":"Centurion and Healer","floor":25,"turns":4},{"damage":24,"enemies":"Gremlin Leader","floor":28,"turns":7},{"damage":40,"enemies":"Snake Plant","floor":31,"turns":5},{"damage":84,"enemies":"Automaton","floor":33,"turns":8},{"damage":37,"enemies":"3 Shapes","floor":35,"turns":6},{"damage":16,"enemies":"Orb Walker","floor":37,"turns":3},{"damage":20,"enemies":"Spire Growth","floor":39,"turns":2}],"seed_played":"-8863775308867885533","potions_obtained":[{"floor":1,"key":"PowerPotion"},{"floor":5,"key":"GamblersBrew"},{"floor":14,"key":"Block Potion"},{"floor":18,"key":"AttackPotion"},{"floor":25,"key":"SteroidPotion"},{"floor":28,"key":"Strength Potion"},{"floor":33,"key":"PowerPotion"},{"floor":35,"key":"FocusPotion"}],"is_trial":false,"path_per_floor":["M","?","M","?","M","R","E","R","T","E","R","E","$","M","R","B",null,"M","M","?","M","$","R","?","M","T","?","E","R","?","M","R","B",null,"M","?","M","$","M"],"character_chosen":"DEFECT","items_purchased":["Sunder+1","Biased Cognition","Panache","Meat on the Bone"],"campfire_rested":4,"item_purchase_floors":[13,13,22,38],"current_hp_per_floor":[58,58,52,52,47,47,37,58,58,53,53,35,35,28,53,7,66,54,54,54,52,52,67,67,49,49,77,53,85,85,47,87,3,66,29,29,13,13,0],"gold":12,"neow_bonus":"THREE_RARE_CARDS","is_prod":false,"is_daily":false,"chose_seed":false,"campfire_upgraded":3,"win_rate":0,"timestamp":1555213302,"path_taken":["M","?","?","?","?","R","E","R","T","E","R","E","$","M","R","BOSS","M","M","?","M","$","R","?","M","T","?","E","R","?","?","R","BOSS","M","?","M","$","M"],"build_version":"2019-01-23","purchased_purges":0,"victory":false,"max_hp_per_floor":[71,71,71,71,71,71,71,71,71,85,85,85,85,85,85,85,85,85,85,85,85,85,85,85,85,85,85,85,85,85,87,87,87,87,87,87,87,87,87],"card_choices":[{"not_picked":["Machine Learning","Amplify"],"picked":"All For One","floor":0},{"not_picked":["Aggregate","Capacitor"],"picked":"Streamline","floor":1},{"not_picked":["Coolheaded","Chaos"],"picked":"Steam","floor":3},{"not_picked":["Cold Snap","Leap"],"picked":"Rebound","floor":5},{"not_picked":["Recycle","Force Field"],"picked":"Melter","floor":7},{"not_picked":["Self Repair","Lockon+1"],"picked":"White Noise","floor":10},{"not_picked":["Heatsinks","Stack"],"picked":"Double Energy","floor":12},{"not_picked":["Storm","Defragment"],"picked":"Auto Shields","floor":14},{"not_picked":["Rainbow","Fission"],"picked":"Echo Form","floor":16},{"not_picked":["Redo","Scrape+1"],"picked":"Steam","floor":18},{"not_picked":["Go for the Eyes+1","Cold Snap+1"],"picked":"Gash+1","floor":19},{"not_picked":["Barrage+1","Hologram"],"picked":"Scrape+1","floor":21},{"not_picked":["Leap","Chill"],"picked":"Electrodynamics","floor":25},{"not_picked":["Reinforced Body","Meteor Strike+1"],"picked":"Defragment+1","floor":28},{"not_picked":["Coolheaded","Cold Snap+1","Defragment"],"picked":"Singing Bowl","floor":31},{"not_picked":["Meteor Strike+1","Fission"],"picked":"Creative AI","floor":33},{"not_picked":["Ball Lightning+1","Hologram+1"],"picked":"Gash+1","floor":35},{"not_picked":["Leap","Consume"],"picked":"Go for the Eyes+1","floor":37}],"player_experience":2748292,"relics_obtained":[{"floor":7,"key":"Molten Egg 2"},{"floor":9,"key":"Gremlin Horn"},{"floor":10,"key":"Mango"},{"floor":12,"key":"The Courier"},{"floor":26,"key":"Dodecahedron"},{"floor":28,"key":"Singing Bowl"}],"event_choices":[{"cards_removed":["Strike_B"],"damage_healed":0,"gold_gain":0,"player_choice":"Card Removal","damage_taken":0,"max_hp_gain":0,"max_hp_loss":0,"event_name":"Wheel of Change","floor":2,"gold_loss":0},{"damage_healed":0,"gold_gain":100,"player_choice":"Pray","damage_taken":0,"max_hp_gain":0,"max_hp_loss":0,"event_name":"Golden Shrine","floor":4,"gold_loss":0},{"damage_healed":0,"gold_gain":0,"player_choice":"Ignored","damage_taken":0,"max_hp_gain":0,"max_hp_loss":0,"event_name":"Vampires","floor":20,"gold_loss":0},{"damage_healed":0,"gold_gain":0,"player_choice":"Simplicity","damage_taken":0,"max_hp_gain":0,"max_hp_loss":0,"event_name":"Back to Basics","floor":24,"gold_loss":0,"cards_upgraded":["Strike_B","Strike_B","Strike_B","Defend_B","Defend_B","Defend_B","Defend_B"]},{"damage_healed":28,"gold_gain":0,"player_choice":"Heal","damage_taken":0,"max_hp_gain":0,"max_hp_loss":0,"event_name":"The Library","floor":27,"gold_loss":0},{"damage_healed":0,"gold_gain":0,"player_choice":"Upgraded","damage_taken":0,"max_hp_gain":0,"max_hp_loss":0,"event_name":"Upgrade Shrine","floor":30,"gold_loss":0,"cards_upgraded":["Double Energy"]},{"damage_healed":0,"gold_gain":0,"player_choice":"Ignored","damage_taken":0,"max_hp_gain":0,"max_hp_loss":0,"event_name":"The Moai Head","floor":36,"gold_loss":0}],"is_beta":false,"boss_relics":[{"not_picked":["Philosopher\u0027s Stone","White Beast Statue"],"picked":"Eternal Feather"},{"not_picked":["Coffee Dripper","Empty Cage"],"picked":"Nuclear Battery"}],"items_purged_floors":[],"is_endless":false,"potions_floor_spawned":[1,5,14,16,18,25,28,33,35,37],"killed_by":"Spire Growth","ascension_level":14}