{"gold_per_floor":[111,36,50,63,238,265,265,283,283,283,301,318,318],"floor_reached":13,"playtime":923,"items_purged":["Defend_B"],"score":96,"play_id":"3eb68892-8e97-4a5f-b73c-52f2791faee9","local_time":"20181228223835","is_ascension_mode":true,"campfire_choices":[{"floor":7,"key":"REST"},{"data":"Zap","floor":10,"key":"SMITH"}],"neow_cost":"NONE","seed_source_timestamp":472344566349348,"circlet_count":0,"master_deck":["Strike_B","Strike_B","Strike_B","Defend_B","Defend_B","Defend_B","Zap+1","Dualcast","Capacitor","Cold Snap","Loop","Hologram","Doubt","FTL","Defragment"],"relics":["Cracked Core","Strawberry","DataDisk"],"potions_floor_usage":[],"damage_taken":[{"damage":7,"enemies":"Jaw Worm","floor":1,"turns":3},{"damage":0,"enemies":"Small Slimes","floor":3,"turns":3},{"damage":16,"enemies":"2 Louse","floor":4,"turns":2},{"damage":37,"enemies":"Lagavulin","floor":6,"turns":8},{"damage":12,"enemies":"Looter","floor":8,"turns":4},{"damage":10,"enemies":"Exordium Thugs","floor":11,"turns":4},{"damage":6,"enemies":"3 Louse","floor":12,"turns":3},{"damage":18,"enemies":"3 Sentries","floor":13,"turns":2}],"seed_played":"-951864247328248228","potions_obtained":[{"floor":4,"key":"SpeedPotion"},{"floor":6,"key":"Ancient Potion"}],"is_trial":false,"path_per_floor":["M","$","M","M","?","E","R","M","T","R","M","M","E"],"character_chosen":"DEFECT","items_purchased":[],"campfire_rested":1,"item_purchase_floors":[],"current_hp_per_floor":[68,68,68,52,52,22,46,34,34,34,24,18,0],"gold":318,"neow_bonus":"TRANSFORM_CARD","is_prod":false,"is_daily":false,"chose_seed":false,"campfire_upgraded":1,"win_rate":0,"timestamp":1546054715,"path_taken":["M","$","M","M","?","E","R","M","T","R","M","M","E"],"build_version":"2018-12-20","purchased_purges":1,"victory":false,"max_hp_per_floor":[75,75,75,75,75,82,82,82,82,82,82,82,82],"card_choices":[{"not_picked":["Stack","Ball Lightning"],"picked":"Cold Snap","floor":1},{"not_picked":["Coolheaded","Ball Lightning"],"picked":"Loop","floor":3},{"not_picked":["Stack","Cold Snap"],"picked":"Hologram","floor":4},{"not_picked":["Stack","Cold Snap"],"picked":"FTL","floor":6},{"not_picked":["Rip and Tear","Storm","Redo"],"picked":"SKIP","floor":8},{"not_picked":["Ball Lightning","Rebound","Sweeping Beam"],"picked":"SKIP","floor":11},{"not_picked":["Fusion","Streamline"],"picked":"Defragment","floor":12}],"player_experience":175222,"relics_obtained":[{"floor":6,"key":"Strawberry"},{"floor":9,"key":"DataDisk"}],"event_choices":[{"damage_healed":0,"gold_gain":175,"player_choice":"AGREE","damage_taken":0,"max_hp_gain":0,"max_hp_loss":0,"event_name":"Liars Game","floor":5,"gold_loss":0,"cards_obtained":["Doubt"]}],"is_beta":false,"boss_relics":[],"items_purged_floors":[2],"is_endless":false,"potions_floor_spawned":[4,6],"killed_by":"3 Sentries","ascension_level":2}