{"gold_per_floor":[214,226,25,100,100,100,120,45,45,45,45,64,239,273,273,344,344,354,354,372,391,411,411,411,411,411,411,423,441,458,30,30,108,108,124,124,224,237,257,257,286,286,310,34,62,62,0,0,0,0],"floor_reached":51,"playtime":2702,"items_purged":["Strike_R","Doubt"],"score":1178,"play_id":"14f3503d-1e1e-465c-b7f9-62648d0c0ade","local_time":"20190120203448","is_ascension_mode":true,"campfire_choices":[{"data":"Armaments","floor":6,"key":"SMITH"},{"data":"Bash","floor":11,"key":"SMITH"},{"data":"Clothesline","floor":15,"key":"SMITH"},{"floor":23,"key":"REST"},{"floor":25,"key":"REST"},{"floor":32,"key":"REST"},{"floor":40,"key":"REST"},{"floor":46,"key":"REST"},{"floor":49,"key":"REST"}],"neow_cost":"NONE","seed_source_timestamp":347886940889435,"circlet_count":0,"master_deck":["AscendersBane","Strike_R","Strike_R","Strike_R","Strike_R","Defend_R","Defend_R","Defend_R","Defend_R","Bash+1","Armaments+1","Twin Strike","Anger","Clothesline+1","Limit Break+1","Uppercut+1","Twin Strike","Warcry","Metallicize","Clumsy","Metallicize+1","Battle Trance","Infernal Blade","Discovery","Limit Break","Twin Strike","Metamorphosis","Swift Strike","Shrug It Off+1","Anger+1","Infernal Blade+1","Madness","Madness","Dual Wield"],"relics":["Burning Blood","Brimstone","Ornamental Fan","Paper Frog","The Courier","Cursed Key","Magic Flower","Bag of Marbles","Ancient Tea Set","Pen Nib","Runic Cube","Bird Faced Urn","Molten Egg 2","Boot","Medical Kit","Bottled Flame"],"potions_floor_usage":[22,29,30,41,45],"damage_taken":[{"damage":1,"enemies":"Cultist","floor":1,"turns":4},{"damage":1,"enemies":"Small Slimes","floor":2,"turns":5},{"damage":7,"enemies":"Jaw Worm","floor":7,"turns":3},{"damage":21,"enemies":"Gremlin Gang","floor":12,"turns":4},{"damage":10,"enemies":"Gremlin Nob","floor":14,"turns":3},{"damage":35,"enemies":"The Guardian","floor":16,"turns":8},{"damage":40,"enemies":"3 Byrds","floor":18,"turns":5},{"damage":0,"enemies":"Chosen","floor":20,"turns":3},{"damage":31,"enemies":"Sentry and Sphere","floor":21,"turns":4},{"damage":6,"enemies":"Snake Plant","floor":22,"turns":3},{"damage":5,"enemies":"Cultist and Chosen","floor":28,"turns":4},{"damage":49,"enemies":"3 Cultists","floor":29,"turns":5},{"damage":17,"enemies":"Centurion and Healer","floor":30,"turns":3},{"damage":23,"enemies":"Champ","floor":33,"turns":5},{"damage":20,"enemies":"3 Darklings","floor":35,"turns":5},{"damage":6,"enemies":"Mind Bloom Boss Battle","floor":37,"turns":4},{"damage":20,"enemies":"3 Shapes","floor":38,"turns":4},{"damage":25,"enemies":"Sphere and 2 Shapes","floor":39,"turns":4},{"damage":20,"enemies":"Nemesis","floor":41,"turns":3},{"damage":6,"enemies":"Giant Head","floor":45,"turns":4},{"damage":49,"enemies":"Donu and Deca","floor":50,"turns":4}],"seed_played":"-8466956326008243157","potions_obtained":[{"floor":1,"key":"FearPotion"},{"floor":21,"key":"Dexterity Potion"},{"floor":22,"key":"GamblersBrew"},{"floor":28,"key":"BloodPotion"},{"floor":37,"key":"FearPotion"},{"floor":39,"key":"SkillPotion"}],"is_trial":false,"path_per_floor":["M","M","$","?","?","R","M","$","T","T","R","M","?","E","R","B",null,"M","?","M","M","M","R","?","R","T","?","M","M","M","$","R","B",null,"M","?","?","M","M","R","E","?","T","$","E","R","$","$","R","B",null],"character_chosen":"IRONCLAD","items_purchased":["Brimstone","Bag of Marbles","Discovery","Ancient Tea Set","Pen Nib","Medical Kit","AttackPotion","GamblersBrew"],"campfire_rested":6,"item_purchase_floors":[3,31,31,31,31,44,44,47],"current_hp_per_floor":[73,75,75,64,64,64,63,63,63,63,63,48,48,44,44,15,60,26,26,32,7,7,29,29,51,51,51,55,26,18,18,40,26,63,52,47,50,39,26,48,40,31,31,31,40,62,62,62,75,41],"gold":0,"neow_bonus":"HUNDRED_GOLD","is_prod":false,"is_daily":false,"chose_seed":false,"campfire_upgraded":3,"win_rate":0,"timestamp":1548034488,"path_taken":["M","M","$","?","?","R","M","$","T","?","R","?","?","E","R","BOSS","M","?","?","M","M","R","?","R","T","?","?","M","M","$","R","BOSS","M","?","?","M","M","R","E","?","T","$","E","R","?","$","R","BOSS"],"build_version":"2019-01-17v2","purchased_purges":2,"victory":true,"max_hp_per_floor":[75,75,75,75,75,75,75,75,75,75,75,75,75,75,75,75,75,75,75,75,75,75,75,75,75,75,75,75,75,75,75,75,75,75,75,75,75,75,75,75,75,75,75,75,75,75,75,75,75,75],"card_choices":[{"not_picked":["Rampage","Hemokinesis"],"picked":"Armaments","floor":1},{"not_picked":["Iron Wave","Dual Wield","Sword Boomerang"],"picked":"SKIP","floor":2},{"not_picked":["Body Slam","Thunderclap"],"picked":"Twin Strike","floor":7},{"not_picked":["Flex","Pommel Strike"],"picked":"Anger","floor":12},{"not_picked":["Second Wind","Iron Wave"],"picked":"Clothesline","floor":14},{"not_picked":["Demon Form","Juggernaut"],"picked":"Limit Break","floor":16},{"not_picked":["Inflame","Warcry+1"],"picked":"Uppercut+1","floor":18},{"not_picked":["Wild Strike+1","Inflame"],"picked":"Twin Strike","floor":20},{"not_picked":["Rampage","Anger"],"picked":"Warcry","floor":21},{"not_picked":["Headbutt","Clash"],"picked":"Metallicize","floor":22},{"not_picked":["Headbutt","Armaments"],"picked":"Metallicize+1","floor":28},{"not_picked":["Body Slam","Twin Strike"],"picked":"Battle Trance","floor":29},{"not_picked":["Clash","Clothesline"],"picked":"Infernal Blade","floor":30},{"not_picked":["Brutality","Feed"],"picked":"Limit Break","floor":33},{"not_picked":["Body Slam","Havoc+1"],"picked":"Twin Strike","floor":35},{"not_picked":["Chrysalis","The Bomb"],"picked":"Metamorphosis","floor":36},{"not_picked":["Finesse","Sadistic Nature"],"picked":"Swift Strike","floor":36},{"not_picked":["Anger+1","Flame Barrier"],"picked":"Shrug It Off+1","floor":37},{"not_picked":["Body Slam","Clash"],"picked":"Anger+1","floor":38},{"not_picked":["Headbutt+1","Havoc"],"picked":"Infernal Blade+1","floor":39},{"not_picked":["Battle Trance","Metallicize","Sever Soul"],"picked":"SKIP","floor":41},{"not_picked":["Thunderclap+1","Sword Boomerang+1"],"picked":"Dual Wield","floor":45}],"player_experience":1809956,"relics_obtained":[{"floor":9,"key":"Ornamental Fan"},{"floor":10,"key":"Paper Frog"},{"floor":14,"key":"The Courier"},{"floor":26,"key":"Magic Flower"},{"floor":37,"key":"Bird Faced Urn"},{"floor":41,"key":"Molten Egg 2"},{"floor":43,"key":"Boot"},{"floor":45,"key":"Bottled Flame"}],"event_choices":[{"damage_healed":0,"gold_gain":75,"player_choice":"Gather Gold","damage_taken":11,"max_hp_gain":0,"max_hp_loss":0,"event_name":"World of Goop","floor":4,"gold_loss":0},{"damage_healed":0,"gold_gain":0,"player_choice":"Ignored","damage_taken":0,"max_hp_gain":0,"max_hp_loss":0,"event_name":"Golden Idol","floor":5,"gold_loss":0},{"damage_healed":0,"gold_gain":175,"player_choice":"AGREE","damage_taken":0,"max_hp_gain":0,"max_hp_loss":0,"event_name":"Liars Game","floor":13,"gold_loss":0,"cards_obtained":["Doubt"]},{"cards_removed":["Doubt"],"damage_healed":0,"gold_gain":0,"player_choice":"Purged","damage_taken":0,"max_hp_gain":0,"max_hp_loss":0,"event_name":"Purifier","floor":19,"gold_loss":0},{"damage_healed":0,"gold_gain":0,"player_choice":"Ignored","damage_taken":0,"max_hp_gain":0,"max_hp_loss":0,"event_name":"Ghosts","floor":24,"gold_loss":0},{"damage_healed":0,"gold_gain":0,"player_choice":"Upgraded","damage_taken":0,"max_hp_gain":0,"max_hp_loss":0,"event_name":"Upgrade Shrine","floor":27,"gold_loss":0,"cards_upgraded":["Limit Break"]},{"damage_healed":0,"gold_gain":0,"player_choice":"Memory 2","damage_taken":5,"max_hp_gain":0,"max_hp_loss":0,"event_name":"SensoryStone","floor":36,"gold_loss":0},{"damage_healed":0,"gold_gain":0,"player_choice":"Fight","damage_taken":0,"max_hp_gain":0,"max_hp_loss":0,"event_name":"MindBloom","floor":37,"gold_loss":0},{"damage_healed":0,"gold_gain":0,"player_choice":"Embrace Madness","damage_taken":9,"max_hp_gain":0,"max_hp_loss":0,"event_name":"Winding Halls","floor":42,"gold_loss":0,"cards_obtained":["Madness","Madness"]}],"is_beta":false,"boss_relics":[{"not_picked":["Sozu","Pandora\u0027s Box"],"picked":"Cursed Key"},{"not_picked":["Busted Crown","Eternal Feather"],"picked":"Runic Cube"}],"items_purged_floors":[8,44],"is_endless":false,"potions_floor_spawned":[1,21,22,28,37,39],"ascension_level":14}