{"gold_per_floor":[118,118,193,207,132,132,132,167,191,209,226,226,226,237,237,339,339,352,252,263,443,455,455,481,114,114,134,134],"floor_reached":28,"playtime":1697,"items_purged":["Strike_R","Strike_R","Strike_R"],"score":263,"play_id":"9b2a9295-dd7b-45a0-b98e-41d566383df2","local_time":"20180728011859","is_ascension_mode":false,"campfire_choices":[{"data":"Spot Weakness","floor":6,"key":"SMITH"},{"data":"Bludgeon","floor":15,"key":"SMITH"},{"floor":23,"key":"REST"}],"neow_cost":"TEN_PERCENT_HP_LOSS","seed_source_timestamp":70131640437333,"circlet_count":0,"master_deck":["Defend_R","Defend_R","Defend_R","Defend_R","Bash","Feed+1","Spot Weakness+1","Cleave","Bludgeon+1","Pummel","Deep Breath","Evolve","Heavy Blade+1"],"relics":["Burning Blood","Dream Catcher","Ancient Tea Set","Bottled Lightning","Busted Crown","Letter Opener","Toxic Egg 2","Nunchaku"],"potions_floor_usage":[16,16,28,28,28],"damage_taken":[{"damage":3,"enemies":"Jaw Worm","floor":1,"turns":4},{"damage":0,"enemies":"Small Slimes","floor":4,"turns":3},{"damage":30,"enemies":"Gremlin Nob","floor":8,"turns":4},{"damage":0,"enemies":"2 Louse","floor":10,"turns":2},{"damage":14,"enemies":"Exordium Wildlife","floor":11,"turns":6},{"damage":1,"enemies":"Exordium Thugs","floor":14,"turns":4},{"damage":49,"enemies":"Slime Boss","floor":16,"turns":7},{"damage":12,"enemies":"Shell Parasite","floor":18,"turns":2},{"damage":10,"enemies":"2 Thieves","floor":20,"turns":3},{"damage":11,"enemies":"Cultist and Chosen","floor":22,"turns":6},{"damage":50,"enemies":"Gremlin Leader","floor":24,"turns":6},{"damage":10,"enemies":"Chosen and Byrds","floor":27,"turns":4},{"damage":34,"enemies":"Sentry and Sphere","floor":28,"turns":5}],"seed_played":"1634941434090543931","potions_obtained":[{"floor":4,"key":"LiquidBronze"},{"floor":11,"key":"SteroidPotion"},{"floor":20,"key":"Poison Potion"},{"floor":24,"key":"PowerPotion"},{"floor":27,"key":"Strength Potion"}],"is_trial":false,"path_per_floor":["M","?","?","M","$","R","?","E","T","M","M","T","?","M","R","B",null,"M","$","M","?","M","R","E","$","T","M"],"character_chosen":"IRONCLAD","items_purchased":["Toxic Egg 2"],"campfire_rested":1,"item_purchase_floors":[25],"current_hp_per_floor":[75,68,61,70,70,70,70,46,46,56,52,52,52,61,61,22,94,88,88,88,52,51,81,37,37,37,33,0],"gold":134,"neow_bonus":"THREE_RARE_CARDS","is_prod":false,"is_daily":false,"chose_seed":false,"campfire_upgraded":2,"win_rate":0,"timestamp":1532755139,"path_taken":["M","?","?","M","$","R","?","E","T","M","M","?","?","?","R","BOSS","M","$","M","?","M","R","E","?","T","M","M"],"build_version":"2018-07-26","purchased_purges":3,"victory":false,"max_hp_per_floor":[75,75,75,78,78,78,78,78,78,82,86,86,86,90,90,94,94,94,94,98,98,102,102,102,102,102,102,102],"card_choices":[{"not_picked":["Immolate","Dark Embrace"],"picked":"Feed","floor":0},{"not_picked":["Shrug It Off","Warcry"],"picked":"Spot Weakness","floor":1},{"not_picked":["Clothesline","Headbutt"],"picked":"Cleave","floor":4},{"not_picked":["Perfected Strike","Pommel Strike","Clash"],"picked":"SKIP","floor":8},{"not_picked":["Clash","Pommel Strike"],"picked":"Bludgeon","floor":10},{"not_picked":["Sentinel","Power Through"],"picked":"Pummel","floor":11},{"not_picked":["Flex","Evolve","Combust"],"picked":"SKIP","floor":14},{"not_picked":["Iron Wave+1"],"picked":"SKIP","floor":18},{"not_picked":["Carnage+1"],"picked":"SKIP","floor":20},{"not_picked":[],"picked":"Evolve","floor":22},{"not_picked":[],"picked":"Heavy Blade+1","floor":24},{"not_picked":["Havoc+1"],"picked":"SKIP","floor":27}],"player_experience":536693,"relics_obtained":[{"floor":8,"key":"Dream Catcher"},{"floor":9,"key":"Ancient Tea Set"},{"floor":12,"key":"Bottled Lightning"},{"floor":24,"key":"Letter Opener"},{"floor":26,"key":"Nunchaku"}],"event_choices":[{"event_name":"Golden Wing","player_choice":"Card Removal","floor":2,"damage_taken":0},{"event_name":"FaceTrader","player_choice":"Touch","floor":3,"damage_taken":0},{"event_name":"Upgrade Shrine","player_choice":"Upgraded","floor":7,"damage_taken":0},{"event_name":"Bonfire Elementals","player_choice":"BASIC","floor":13,"damage_taken":0},{"event_name":"Knowing Skull","player_choice":"GOLD GOLD CARD ","floor":21,"damage_taken":0}],"is_beta":false,"boss_relics":[{"not_picked":["Black Star","White Beast Statue"],"picked":"Busted Crown"}],"items_purged_floors":[5,19,25],"is_endless":false,"potions_floor_spawned":[4,11,20,24,27],"killed_by":"Sentry and Sphere","ascension_level":0}