{"gold_per_floor":[10,10,85,360,373,373,383,402,484,484,503,518,546,108,108,206,206,220,45,45,45,57,90,90,90,90,100,127,127],"floor_reached":29,"playtime":4166,"items_purged":["Regret","Strike_B"],"score":329,"play_id":"3b542b47-4244-44ec-ad3a-7804e9564069","local_time":"20190118005317","is_ascension_mode":true,"campfire_choices":[{"floor":6,"key":"RECALL"},{"data":"Zap","floor":10,"key":"SMITH"},{"floor":15,"key":"REST"},{"data":"Zap","floor":25,"key":"SMITH"}],"neow_cost":"NO_GOLD","seed_source_timestamp":25899180213082,"circlet_count":0,"master_deck":["Strike_B+1","Strike_B+1","Strike_B","Defend_B","Defend_B","Defend_B+1","Defend_B","Zap+1","Dualcast","Tempest","Beam Cell","Scrape","Static Discharge","Defragment","Conserve Battery","Self Repair","Apotheosis+1","FTL","Redo","Electrodynamics","Darkness+1","Melter","Capacitor+1","Chaos+1","Streamline","Zap+1","Pain","Loop+1","Machine Learning"],"relics":["FrozenCore","Mango","Vajra","War Paint","Dodecahedron","Whetstone"],"potions_floor_usage":[8,13,13,23,23,28],"damage_taken":[{"damage":1,"enemies":"Cultist","floor":1,"turns":3},{"damage":12,"enemies":"Jaw Worm","floor":5,"turns":4},{"damage":9,"enemies":"Small Slimes","floor":7,"turns":3},{"damage":18,"enemies":"2 Fungi Beasts","floor":8,"turns":4},{"damage":25,"enemies":"Exordium Thugs","floor":11,"turns":4},{"damage":14,"enemies":"3 Louse","floor":12,"turns":3},{"damage":10,"enemies":"Gremlin Nob","floor":13,"turns":3},{"damage":8,"enemies":"Slime Boss","floor":16,"turns":7},{"damage":9,"enemies":"Chosen","floor":18,"turns":4},{"damage":0,"enemies":"Spheric Guardian","floor":22,"turns":1},{"damage":38,"enemies":"Slavers","floor":23,"turns":4},{"damage":18,"enemies":"3 Cultists","floor":27,"turns":4},{"damage":34,"enemies":"Book of Stabbing","floor":28,"turns":5},{"damage":19,"enemies":"Centurion and Healer","floor":29,"turns":2}],"seed_played":"584863206761798813","potions_obtained":[{"floor":5,"key":"Regen Potion"},{"floor":8,"key":"Poison Potion"},{"floor":12,"key":"Poison Potion"},{"floor":16,"key":"Block Potion"},{"floor":18,"key":"AttackPotion"},{"floor":22,"key":"FocusPotion"},{"floor":28,"key":"Dexterity Potion"}],"is_trial":false,"path_per_floor":["M","$","?","?","M","R","M","M","T","R","M","M","E","$","R","B",null,"M","$","?","?","M","E","?","R","T","M","E","M"],"character_chosen":"DEFECT","items_purchased":["Self Repair","Apotheosis","FTL","Redo","Melter"],"campfire_rested":1,"item_purchase_floors":[14,14,14,14,19],"current_hp_per_floor":[88,88,77,77,65,65,56,50,50,50,25,11,1,1,27,29,74,72,72,72,72,79,48,48,48,48,40,16,0],"gold":127,"neow_bonus":"ONE_RARE_RELIC","is_prod":false,"is_daily":false,"chose_seed":false,"campfire_upgraded":2,"win_rate":0,"timestamp":1547790797,"path_taken":["M","$","?","?","M","R","?","M","T","R","?","M","E","$","R","BOSS","M","$","?","?","M","E","?","R","T","M","E","M"],"build_version":"2019-01-17","purchased_purges":2,"victory":false,"max_hp_per_floor":[89,89,89,89,89,89,89,89,89,89,89,89,89,89,89,89,89,89,89,89,89,89,89,89,89,89,89,89,89],"card_choices":[{"not_picked":["Gash","Hologram","Rebound"],"picked":"SKIP","floor":1},{"not_picked":["Compile Driver","Rebound"],"picked":"Tempest","floor":5},{"not_picked":["Sunder","Heatsinks"],"picked":"Beam Cell","floor":7},{"not_picked":["Rebound","Skim"],"picked":"Scrape","floor":8},{"not_picked":["Hologram","Fusion"],"picked":"Static Discharge","floor":11},{"not_picked":["Cold Snap","Recycle"],"picked":"Defragment","floor":12},{"not_picked":["Heatsinks","Barrage"],"picked":"Conserve Battery","floor":13},{"not_picked":["Core Surge","Hyperbeam"],"picked":"Electrodynamics","floor":16},{"not_picked":["Beam Cell+1","Lockon+1"],"picked":"Darkness+1","floor":18},{"not_picked":["Coolheaded+1","Steam"],"picked":"Capacitor+1","floor":22},{"not_picked":["Sweeping Beam+1","Recycle"],"picked":"Chaos+1","floor":23},{"not_picked":["Conserve Battery+1","Ball Lightning"],"picked":"Loop+1","floor":27},{"not_picked":["Gash","Double Energy+1"],"picked":"Machine Learning","floor":28}],"player_experience":379089,"relics_obtained":[{"floor":13,"key":"Vajra"},{"floor":23,"key":"War Paint"},{"floor":26,"key":"Dodecahedron"},{"floor":28,"key":"Whetstone"}],"event_choices":[{"damage_healed":0,"gold_gain":75,"player_choice":"Gather Gold","damage_taken":11,"max_hp_gain":0,"max_hp_loss":0,"event_name":"World of Goop","floor":3,"gold_loss":0},{"damage_healed":0,"gold_gain":275,"player_choice":"Desecrate","damage_taken":0,"max_hp_gain":0,"max_hp_loss":0,"event_name":"Golden Shrine","floor":4,"gold_loss":0,"cards_obtained":["Regret"]},{"damage_healed":0,"gold_gain":0,"player_choice":"Ignored","damage_taken":0,"max_hp_gain":0,"max_hp_loss":0,"event_name":"Ghosts","floor":20,"gold_loss":0},{"damage_healed":0,"gold_gain":0,"player_choice":"Ignored","damage_taken":0,"max_hp_gain":0,"max_hp_loss":0,"event_name":"Beggar","floor":21,"gold_loss":0},{"damage_healed":0,"gold_gain":0,"player_choice":"3 cards matched","damage_taken":0,"max_hp_gain":0,"max_hp_loss":0,"event_name":"Match and Keep!","floor":24,"gold_loss":0,"cards_obtained":["Streamline","Zap","Pain"]}],"is_beta":false,"boss_relics":[{"not_picked":["Inserter","Cursed Key"],"picked":"FrozenCore"}],"items_purged_floors":[14,19],"is_endless":false,"potions_floor_spawned":[5,8,12,16,18,22,28],"killed_by":"Centurion and Healer","ascension_level":5}