{"gold_per_floor":[118,137,156,156,175,175,203,74,128,140,152,207,243,276,288,391,403,431,457,484,496,508,520,564,593,681,705,735,407,407,22,22,96,96,110,120,135,155,174,174,201,201,246,19,19,32,62,62,62,62],"floor_reached":51,"playtime":5832,"items_purged":["Injury","Expertise","Calculated Gamble"],"score":1319,"play_id":"7b34d9e4-2e75-4619-80d7-9d5ec516ed3d","local_time":"20190520001401","is_ascension_mode":true,"campfire_choices":[{"data":"Terror","floor":6.0,"key":"SMITH"},{"floor":11.0,"key":"REST"},{"floor":15.0,"key":"REST"},{"floor":23.0,"key":"REST"},{"data":"Envenom","floor":30.0,"key":"SMITH"},{"data":"Apotheosis","floor":32.0,"key":"SMITH"},{"floor":40.0,"key":"REST"},{"floor":45,"key":"REST"},{"floor":49,"key":"REST"}],"neow_cost":"NONE","seed_source_timestamp":0,"circlet_count":0,"master_deck":["AscendersBane","Survivor","Neutralize","Endless Agony","Backstab","PiercingWail","Terror+1","Cloak And Dagger","Noxious Fumes","Escape Plan","Blur","Backflip","Backstab","Cloak And Dagger","Burst","Doppelganger","Die Die Die","Burst","Envenom+1","Backstab","Dagger Throw","Backstab","Noxious Fumes","Backstab","Backflip+1","Crippling Poison","Crippling Poison+1","Infinite Blades","Apotheosis+1","PiercingWail","Malaise","Noxious Fumes+1","Backflip","Blade Dance+1","Well Laid Plans+1","Backstab","Bouncing Flask"],"special_seed":0,"relics":["Ring of the Snake","Darkstone Periapt","MawBank","Bloody Idol","Dream Catcher","Pandora\u0027s Box","Mercury Hourglass","Shuriken","Bottled Lightning","Membership Card","Lizard Tail","Calipers","Anchor","Snake Skull","Turnip"],"potions_floor_usage":[44,47,50,50],"damage_taken":[{"damage":0.0,"enemies":"2 Louse","floor":1.0,"turns":3.0},{"damage":0.0,"enemies":"Small Slimes","floor":2.0,"turns":4.0},{"damage":2.0,"enemies":"Cultist","floor":3.0,"turns":4.0},{"damage":13.0,"enemies":"Exordium Thugs","floor":5.0,"turns":8.0},{"damage":22.0,"enemies":"3 Sentries","floor":7.0,"turns":15.0},{"damage":38.0,"enemies":"Gremlin Nob","floor":12.0,"turns":6.0},{"damage":0.0,"enemies":"2 Fungi Beasts","floor":13.0,"turns":3.0},{"damage":3.0,"enemies":"Looter","floor":14.0,"turns":3.0},{"damage":22.0,"enemies":"The Guardian","floor":16.0,"turns":15.0},{"damage":11.0,"enemies":"Shell Parasite","floor":18.0,"turns":5.0},{"damage":18.0,"enemies":"Chosen","floor":19.0,"turns":4.0},{"damage":21.0,"enemies":"Snake Plant","floor":20.0,"turns":6.0},{"damage":20.0,"enemies":"Slavers","floor":24.0,"turns":9.0},{"damage":8.0,"enemies":"Snecko","floor":25.0,"turns":3.0},{"damage":15.0,"enemies":"Centurion and Healer","floor":27.0,"turns":5.0},{"damage":1.0,"enemies":"3 Cultists","floor":28.0,"turns":4.0},{"damage":42.0,"enemies":"Automaton","floor":33.0,"turns":8.0},{"damage":0.0,"enemies":"3 Shapes","floor":35.0,"turns":5.0},{"damage":13.0,"enemies":"Orb Walker","floor":36.0,"turns":3.0},{"damage":44.0,"enemies":"Writhing Mass","floor":37.0,"turns":7.0},{"damage":19.0,"enemies":"3 Darklings","floor":38.0,"turns":4.0},{"damage":9.0,"enemies":"Spire Growth","floor":39.0,"turns":7.0},{"damage":23.0,"enemies":"Reptomancer","floor":41.0,"turns":6.0},{"damage":0,"enemies":"4 Shapes","floor":46,"turns":5},{"damage":4,"enemies":"Nemesis","floor":47,"turns":5},{"damage":53,"enemies":"Awakened One","floor":50,"turns":17}],"seed_played":"7833631380169327964","potions_obtained":[{"floor":1.0,"key":"Dexterity Potion"},{"floor":7.0,"key":"Ancient Potion"},{"floor":12.0,"key":"Fire Potion"},{"floor":16.0,"key":"SteroidPotion"},{"floor":18.0,"key":"GamblersBrew"},{"floor":33.0,"key":"SteroidPotion"},{"floor":38.0,"key":"SpeedPotion"},{"floor":39.0,"key":"SteroidPotion"},{"floor":41.0,"key":"SpeedPotion"},{"floor":47,"key":"SteroidPotion"}],"is_trial":false,"path_per_floor":["M","M","M","?","M","R","E","$","T","?","R","E","M","M","R","B",null,"M","M","M","?","?","R","E","M","T","M","M","$","R","$","R","B",null,"M","M","M","M","M","R","E","?","T","$","R","M","E","$","R","B",null],"character_chosen":"THE_SILENT","items_purchased":["Noxious Fumes","Escape Plan","Bottled Lightning","Membership Card","Apotheosis","PiercingWail","Snake Skull","Fruit Juice","PowerPotion"],"campfire_rested":6,"item_purchase_floors":[8,8,29,31,31,31,44,44,44],"current_hp_per_floor":[59,59,57,62,49,49,27,27,27,33,56,18,18,15,38,16,62,51,33,12,12,32,60,50,52,62,57,66,71,71,71,71,34,66,71,63,24,10,6,29,11,11,16,21,45,50,51,51,75,22],"gold":62,"neow_bonus":"REMOVE_CARD","is_prod":false,"is_daily":false,"chose_seed":false,"campfire_upgraded":3,"win_rate":0,"timestamp":1558329241,"path_taken":["M","M","M","?","M","R","E","$","T","?","R","E","M","M","R","BOSS","M","M","M","?","?","R","E","M","T","M","M","$","R","$","R","BOSS","M","M","M","M","M","R","E","?","T","?","R","M","E","$","R","BOSS"],"build_version":"2019-01-23","purchased_purges":3,"victory":true,"max_hp_per_floor":[66,66,66,71,71,71,71,71,71,77,77,77,77,77,77,77,77,77,77,77,77,77,77,77,77,77,77,77,77,77,77,77,77,77,77,77,77,77,77,77,77,77,77,82,82,82,82,82,82,82],"card_choices":[{"not_picked":["Prepared","Outmaneuver"],"picked":"Endless Agony","floor":1.0},{"not_picked":["Underhanded Strike","Quick Slash"],"picked":"Backstab","floor":2.0},{"not_picked":["Acrobatics","Deflect"],"picked":"PiercingWail","floor":3.0},{"not_picked":["Slice","Blade Dance"],"picked":"Terror","floor":5.0},{"not_picked":["Dodge and Roll","Slice"],"picked":"Cloak And Dagger","floor":7.0},{"not_picked":["Distraction","Masterful Stab"],"picked":"Blur","floor":12.0},{"not_picked":["Outmaneuver","Tactician"],"picked":"Backflip","floor":13.0},{"not_picked":["Dagger Throw","Night Terror"],"picked":"Backstab","floor":14.0},{"not_picked":["Deflect","Bane"],"picked":"Cloak And Dagger","floor":15.0},{"not_picked":["Venomology","Tools of the Trade"],"picked":"Burst","floor":16.0},{"not_picked":["Sucker Punch","Outmaneuver"],"picked":"Backstab","floor":18.0},{"not_picked":["Backflip","Flechettes"],"picked":"Noxious Fumes","floor":19.0},{"not_picked":["Eviscerate+1","Flechettes"],"picked":"Backstab","floor":20.0},{"not_picked":["Setup","Terror"],"picked":"Backflip+1","floor":24.0},{"not_picked":["Bane+1","Flying Knee"],"picked":"Crippling Poison","floor":25.0},{"not_picked":["Outmaneuver","Concentrate"],"picked":"Crippling Poison+1","floor":27.0},{"not_picked":["Deflect","Acrobatics"],"picked":"Infinite Blades","floor":28.0},{"not_picked":["Grand Finale","Phantasmal Killer"],"picked":"Malaise","floor":33.0},{"not_picked":["Sucker Punch","Deadly Poison+1"],"picked":"Noxious Fumes+1","floor":35.0},{"not_picked":["Flying Knee","Bane+1"],"picked":"Backflip","floor":36.0},{"not_picked":["Terror+1","Concentrate"],"picked":"Blade Dance+1","floor":37.0},{"not_picked":["Poisoned Stab","Predator","Outmaneuver"],"picked":"SKIP","floor":38.0},{"not_picked":["Prepared+1","Bane","Tools of the Trade"],"picked":"SKIP","floor":39.0},{"not_picked":["Underhanded Strike","PiercingWail"],"picked":"Well Laid Plans+1","floor":40.0},{"not_picked":["Infinite Blades","Quick Slash","Blade Dance"],"picked":"SKIP","floor":41.0},{"not_picked":["Quick Slash","Slice+1","Bane+1"],"picked":"SKIP","floor":46},{"not_picked":["Slice","Flying Knee"],"picked":"Bouncing Flask","floor":47}],"player_experience":689668,"relics_obtained":[{"floor":7.0,"key":"Darkstone Periapt"},{"floor":9.0,"key":"MawBank"},{"floor":12.0,"key":"Dream Catcher"},{"floor":24.0,"key":"Mercury Hourglass"},{"floor":26.0,"key":"Shuriken"},{"floor":41.0,"key":"Calipers"},{"floor":43.0,"key":"Anchor"},{"floor":47,"key":"Turnip"}],"event_choices":[{"damage_healed":0.0,"max_hp_gain":5.0,"max_hp_loss":0.0,"gold_gain":0.0,"event_name":"Big Fish","player_choice":"Donut","floor":4.0,"gold_loss":0.0,"damage_taken":0.0},{"damage_healed":0.0,"max_hp_gain":0.0,"max_hp_loss":0.0,"gold_gain":0.0,"event_name":"Golden Idol","player_choice":"Take Wound","floor":10.0,"gold_loss":0.0,"damage_taken":0.0,"relics_obtained":["Golden Idol"],"cards_obtained":["Injury"]},{"damage_healed":0.0,"max_hp_gain":0.0,"max_hp_loss":0.0,"gold_gain":0.0,"event_name":"Forgotten Altar","player_choice":"Gave Idol","floor":21.0,"relics_lost":["Golden Idol"],"gold_loss":0.0,"damage_taken":0.0,"relics_obtained":["Bloody Idol"]},{"damage_healed":15.0,"max_hp_gain":0.0,"max_hp_loss":0.0,"gold_gain":0.0,"event_name":"The Library","player_choice":"Heal","floor":22.0,"gold_loss":0.0,"damage_taken":0.0},{"damage_healed":0.0,"max_hp_gain":0.0,"max_hp_loss":0.0,"gold_gain":0.0,"cards_transformed":["Calculated Gamble"],"event_name":"Transmorgrifier","player_choice":"Transformed","floor":42.0,"gold_loss":0.0,"damage_taken":0.0,"cards_obtained":["Backstab"]}],"is_beta":false,"boss_relics":[{"not_picked":["Fusion Hammer","Astrolabe"],"picked":"Pandora\u0027s Box"},{"not_picked":["Snecko Eye","HoveringKite"],"picked":"Lizard Tail"}],"items_purged_floors":[29,31,44],"is_endless":false,"potions_floor_spawned":[1,7,12,16,18,24,33,38,39,41,47],"ascension_level":16}