{"gold_per_floor":[115,131,131,206,206,239,239,239,239,257,257,282,343,356,356,428,428,443,358,358,137,122,149,149,164,240,271,271,289,147,165,165,242,242,254,254,266,284,184,184,212,212,238,252,267,279,91,106,106,106],"floor_reached":51,"playtime":3194,"items_purged":["Strike_R","Strike_R","Strike_R","Defend_R"],"score":1266,"play_id":"68ad236f-6b44-46fc-80a9-a6490aef7c73","local_time":"20190513132302","is_ascension_mode":true,"campfire_choices":[{"data":"Juggernaut","floor":7,"key":"SMITH"},{"data":"Metallicize","floor":11,"key":"SMITH"},{"data":"Defend_R","floor":15,"key":"SMITH"},{"data":"Shrug It Off","floor":24,"key":"SMITH"},{"floor":28,"key":"REST"},{"data":"Metallicize","floor":32,"key":"SMITH"},{"floor":40,"key":"REST"},{"floor":42,"key":"REST"},{"floor":49,"key":"REST"}],"neow_cost":"NONE","seed_source_timestamp":3798455029003752,"circlet_count":0,"master_deck":["AscendersBane","Defend_R+1","Defend_R+1","Defend_R+1","Bash","Juggernaut+1","Feel No Pain","Metallicize+1","Impervious","Shrug It Off+1","Metallicize+1","Metallicize+1","Barricade+1","Shrug It Off+1","Impatience"],"relics":["Burning Blood","War Paint","The Courier","Potion Belt","Blood Vial","White Beast Statue","Anchor","TheAbacus","Self Forming Clay","Blue Candle","Calipers","Fusion Hammer","Juzu Bracelet","Bronze Scales"],"potions_floor_usage":[16,16,23,23,25,25,27,33,33,41,41,50,50,50,50],"damage_taken":[{"damage":6,"enemies":"Cultist","floor":1,"turns":4},{"damage":12,"enemies":"Small Slimes","floor":2,"turns":5},{"damage":20,"enemies":"3 Sentries","floor":6,"turns":7},{"damage":4,"enemies":"Jaw Worm","floor":10,"turns":5},{"damage":26,"enemies":"Gremlin Nob","floor":12,"turns":5},{"damage":23,"enemies":"Gremlin Nob","floor":13,"turns":5},{"damage":9,"enemies":"2 Fungi Beasts","floor":14,"turns":4},{"damage":16,"enemies":"The Guardian","floor":16,"turns":14},{"damage":7,"enemies":"Spheric Guardian","floor":18,"turns":5},{"damage":14,"enemies":"2 Thieves","floor":22,"turns":4},{"damage":74,"enemies":"Gremlin Leader","floor":23,"turns":10},{"damage":4,"enemies":"3 Cultists","floor":25,"turns":6},{"damage":24,"enemies":"Slavers","floor":27,"turns":8},{"damage":0,"enemies":"Cultist and Chosen","floor":29,"turns":7},{"damage":0,"enemies":"Shelled Parasite and Fungi","floor":31,"turns":7},{"damage":17,"enemies":"Automaton","floor":33,"turns":14},{"damage":17,"enemies":"3 Darklings","floor":35,"turns":9},{"damage":6,"enemies":"3 Shapes","floor":37,"turns":7},{"damage":21,"enemies":"3 Darklings","floor":38,"turns":8},{"damage":0,"enemies":"Giant Head","floor":41,"turns":15},{"damage":0,"enemies":"Spire Growth","floor":44,"turns":8},{"damage":8,"enemies":"Maw","floor":45,"turns":9},{"damage":1,"enemies":"3 Darklings","floor":46,"turns":7},{"damage":20,"enemies":"Transient","floor":48,"turns":5},{"damage":0,"enemies":"Time Eater","floor":50,"turns":18}],"seed_played":"7915663116762593638","potions_obtained":[{"floor":2,"key":"BloodPotion"},{"floor":10,"key":"BloodPotion"},{"floor":13,"key":"SpeedPotion"},{"floor":18,"key":"Regen Potion"},{"floor":22,"key":"Poison Potion"},{"floor":23,"key":"SteroidPotion"},{"floor":25,"key":"AttackPotion"},{"floor":27,"key":"Dexterity Potion"},{"floor":29,"key":"PowerPotion"},{"floor":31,"key":"AttackPotion"},{"floor":33,"key":"Fire Potion"},{"floor":35,"key":"PowerPotion"},{"floor":37,"key":"SneckoOil"},{"floor":38,"key":"SkillPotion"},{"floor":41,"key":"SteroidPotion"},{"floor":44,"key":"Dexterity Potion"},{"floor":45,"key":"Weak Potion"}],"is_trial":false,"path_per_floor":["M","M","?","?","?","E","R","?","T","M","R","E","?","M","R","B",null,"M","?","?","$","M","E","R","M","T","E","R","M","$","M","R","B",null,"M","?","M","M","$","R","E","R","T","M","M","M","$","M","R","B",null],"character_chosen":"IRONCLAD","items_purchased":["TheAbacus","Metallicize","Impatience"],"campfire_rested":4,"item_purchase_floors":[21,30,47],"current_hp_per_floor":[72,66,66,55,80,66,66,66,66,68,68,48,31,30,30,30,68,69,69,69,69,63,12,12,24,24,8,32,40,40,48,48,39,70,61,61,63,50,50,74,80,80,80,80,78,80,80,66,80,80],"gold":106,"neow_bonus":"ONE_RANDOM_RARE_CARD","is_prod":false,"is_daily":false,"chose_seed":false,"campfire_upgraded":5,"win_rate":0,"timestamp":1557746582,"path_taken":["M","?","?","?","?","E","R","?","T","?","R","E","?","M","R","BOSS","M","?","?","$","M","E","R","M","T","E","R","M","$","M","R","BOSS","M","?","?","M","$","R","E","R","T","M","M","M","$","M","R","BOSS"],"build_version":"2019-01-23","purchased_purges":4,"victory":true,"max_hp_per_floor":[80,80,80,80,80,80,80,80,80,80,80,80,80,80,80,80,80,80,80,80,80,80,80,80,80,80,80,80,80,80,80,80,80,80,80,80,80,80,80,80,80,80,80,80,80,80,80,80,80,80],"card_choices":[{"not_picked":["Clothesline","Body Slam","Cleave"],"picked":"SKIP","floor":1},{"not_picked":["Clash","Headbutt"],"picked":"Feel No Pain","floor":2},{"not_picked":["Clash","Corruption"],"picked":"Metallicize","floor":6},{"not_picked":["Sword Boomerang","Wild Strike","Searing Blow"],"picked":"SKIP","floor":10},{"not_picked":["Heavy Blade","Flex","Hemokinesis"],"picked":"SKIP","floor":12},{"not_picked":["Carnage","Sword Boomerang","Twin Strike"],"picked":"SKIP","floor":14},{"not_picked":["Bludgeon","Immolate"],"picked":"Impervious","floor":16},{"not_picked":["Wild Strike+1","Second Wind","Cleave"],"picked":"SKIP","floor":18},{"not_picked":["Wild Strike","Uppercut"],"picked":"Shrug It Off","floor":22},{"not_picked":["Body Slam","Inflame","Warcry+1"],"picked":"SKIP","floor":23},{"not_picked":["Headbutt","Warcry+1"],"picked":"Metallicize+1","floor":25},{"not_picked":["Reckless Charge","Cleave","Clash"],"picked":"SKIP","floor":27},{"not_picked":["Carnage","Sever Soul","Sword Boomerang"],"picked":"SKIP","floor":29},{"not_picked":["Limit Break","Clothesline","Armaments"],"picked":"SKIP","floor":31},{"not_picked":["Exhume","Fiend Fire"],"picked":"Barricade","floor":33},{"not_picked":["Power Through","Wild Strike","Bloodletting"],"picked":"SKIP","floor":35},{"not_picked":["Second Wind","Burning Pact"],"picked":"Shrug It Off+1","floor":37},{"not_picked":["Shockwave+1","Shrug It Off","Sever Soul"],"picked":"SKIP","floor":38},{"not_picked":["Perfected Strike","Sentinel","Dropkick"],"picked":"SKIP","floor":41},{"not_picked":["Heavy Blade+1","Cleave","Dropkick+1"],"picked":"SKIP","floor":44},{"not_picked":["Clash","Wild Strike","Clothesline"],"picked":"SKIP","floor":45},{"not_picked":["Shrug It Off","Sever Soul","Pommel Strike"],"picked":"SKIP","floor":46},{"not_picked":["Shrug It Off","Sever Soul","Pommel Strike"],"picked":"SKIP","floor":46},{"not_picked":["Wild Strike","Pummel+1","Heavy Blade+1"],"picked":"SKIP","floor":48}],"player_experience":543501,"relics_obtained":[{"floor":6,"key":"War Paint"},{"floor":9,"key":"The Courier"},{"floor":12,"key":"Potion Belt"},{"floor":13,"key":"Blood Vial"},{"floor":23,"key":"Self Forming Clay"},{"floor":26,"key":"Blue Candle"},{"floor":27,"key":"Calipers"},{"floor":41,"key":"Juzu Bracelet"},{"floor":43,"key":"Bronze Scales"}],"event_choices":[{"cards_removed":["Strike_R"],"damage_healed":0,"gold_gain":0,"player_choice":"Forget","damage_taken":0,"max_hp_gain":0,"max_hp_loss":0,"event_name":"Living Wall","floor":3,"gold_loss":0},{"damage_healed":0,"gold_gain":75,"player_choice":"Gather Gold","damage_taken":11,"max_hp_gain":0,"max_hp_loss":0,"event_name":"World of Goop","floor":4,"gold_loss":0},{"damage_healed":26,"gold_gain":0,"player_choice":"Banana","damage_taken":0,"max_hp_gain":0,"max_hp_loss":0,"event_name":"Big Fish","floor":5,"gold_loss":0},{"damage_healed":0,"gold_gain":0,"player_choice":"Bought 0 Potions","damage_taken":0,"max_hp_gain":0,"max_hp_loss":0,"event_name":"The Woman in Blue","floor":8,"gold_loss":0},{"damage_healed":0,"gold_gain":0,"player_choice":"Searched \u00271\u0027 times","damage_taken":0,"max_hp_gain":0,"max_hp_loss":0,"event_name":"Dead Adventurer","floor":13,"gold_loss":0},{"damage_healed":0,"gold_gain":0,"player_choice":"Obtained Relic","damage_taken":0,"relics_obtained":["Anchor"],"max_hp_gain":0,"max_hp_loss":0,"event_name":"Addict","floor":19,"gold_loss":85},{"cards_removed":["Strike_R"],"damage_healed":0,"gold_gain":0,"player_choice":"Elegance","damage_taken":0,"max_hp_gain":0,"max_hp_loss":0,"event_name":"Back to Basics","floor":20,"gold_loss":0},{"damage_healed":0,"gold_gain":0,"player_choice":"Upgraded","damage_taken":0,"max_hp_gain":0,"max_hp_loss":0,"event_name":"Upgrade Shrine","floor":36,"gold_loss":0,"cards_upgraded":["Barricade"]}],"is_beta":false,"boss_relics":[{"not_picked":["Cursed Key","Calling Bell"],"picked":"White Beast Statue"},{"not_picked":["Tiny House","Lizard Tail"],"picked":"Fusion Hammer"}],"items_purged_floors":[21,30,39,47],"is_endless":false,"potions_floor_spawned":[2,10,13,18,22,23,25,27,29,31,33,35,37,38,41,44,45,46,48],"ascension_level":13}