{"gold_per_floor":[109,109,109,9,84,99,115,133,157,170,170,47,47,66,66,66],"floor_reached":16,"playtime":527,"items_purged":["Regret","Strike_B"],"score":97,"play_id":"d7d1f1c7-0562-44d8-a24c-852206c77e5b","local_time":"20181219224300","is_ascension_mode":true,"campfire_choices":[{"floor":13,"key":"RECALL"},{"data":"Redo","floor":15,"key":"SMITH"}],"neow_cost":"NONE","seed_source_timestamp":425299534718328,"circlet_count":0,"master_deck":["Strike_B","Strike_B","Strike_B","Defend_B","Defend_B","Defend_B","Defend_B","Zap+1","Dualcast","Deep Breath","Cold Snap","Conserve Battery","Leap","White Noise","White Noise","Redo+1","Cold Snap","Defragment"],"relics":["Cracked Core","Juzu Bracelet","Bag of Marbles"],"potions_floor_usage":[14],"damage_taken":[{"damage":0,"enemies":"2 Louse","floor":1,"turns":2},{"damage":0,"enemies":"Jaw Worm","floor":6,"turns":3},{"damage":1,"enemies":"Small Slimes","floor":7,"turns":2},{"damage":7,"enemies":"Exordium Wildlife","floor":8,"turns":3},{"damage":12,"enemies":"Blue Slaver","floor":10,"turns":4},{"damage":11,"enemies":"Lots of Slimes","floor":14,"turns":4},{"damage":31,"enemies":"Hexaghost","floor":16,"turns":10}],"seed_played":"438297242027320894","potions_obtained":[{"floor":1,"key":"FearPotion"},{"floor":8,"key":"PowerPotion"},{"floor":10,"key":"SmokeBomb"},{"floor":14,"key":"SpeedPotion"}],"is_trial":false,"path_per_floor":["M","?","?","$","?","M","M","M","T","M","?","$","R","M","R","B"],"character_chosen":"DEFECT","items_purchased":["Conserve Battery","Cold Snap"],"campfire_rested":0,"item_purchase_floors":[4,12],"current_hp_per_floor":[75,72,72,72,61,61,60,53,53,41,41,41,41,30,30,0],"gold":66,"neow_bonus":"RANDOM_COLORLESS","is_prod":false,"is_daily":false,"chose_seed":false,"campfire_upgraded":1,"win_rate":0,"timestamp":1545277380,"path_taken":["M","?","?","$","?","M","M","M","T","M","?","?","R","M","R","BOSS"],"build_version":"2018-12-13","purchased_purges":2,"victory":false,"max_hp_per_floor":[75,75,75,75,75,75,75,75,75,75,75,75,75,75,75,75],"card_choices":[{"not_picked":["Rebound","Reinforced Body"],"picked":"Cold Snap","floor":1},{"not_picked":["Turbo","Force Field"],"picked":"Leap","floor":6},{"not_picked":["Rebound","Steam"],"picked":"White Noise","floor":7},{"not_picked":["Streamline","Rebound"],"picked":"White Noise","floor":8},{"not_picked":["Leap","Steam Power"],"picked":"Redo","floor":10},{"not_picked":["Blizzard","Redo"],"picked":"Defragment","floor":14}],"player_experience":149039,"relics_obtained":[],"event_choices":[{"damage_healed":0,"gold_gain":0,"player_choice":"Success","damage_taken":3,"relics_obtained":["Juzu Bracelet"],"max_hp_gain":0,"max_hp_loss":0,"event_name":"Scrap Ooze","floor":2,"gold_loss":0},{"damage_healed":0,"gold_gain":0,"player_choice":"Box","damage_taken":0,"relics_obtained":["Bag of Marbles"],"max_hp_gain":0,"max_hp_loss":0,"event_name":"Big Fish","floor":3,"gold_loss":0,"cards_obtained":["Regret"]},{"damage_healed":0,"gold_gain":75,"player_choice":"Gather Gold","damage_taken":11,"max_hp_gain":0,"max_hp_loss":0,"event_name":"World of Goop","floor":5,"gold_loss":0},{"damage_healed":0,"gold_gain":0,"player_choice":"Grow","damage_taken":0,"max_hp_gain":0,"max_hp_loss":0,"event_name":"Living Wall","floor":11,"gold_loss":0,"cards_upgraded":["Zap"]}],"is_beta":false,"boss_relics":[],"items_purged_floors":[4,12],"is_endless":false,"potions_floor_spawned":[1,8,10,14],"killed_by":"Hexaghost","ascension_level":1}