{"path_per_floor":["M","M","?","M","M","R","$","M","T","M","M","R","M","?","R"],"character_chosen":"IRONCLAD","items_purchased":[],"gold_per_floor":[110,130,130,148,164,164,89,106,129,147,159,159,177,177,177,177],"floor_reached":16,"campfire_rested":0,"playtime":779,"item_purchase_floors":[],"current_hp_per_floor":[78,80,80,80,67,67,67,71,71,66,68,68,73,73,73,0],"items_purged":["Defend_R"],"gold":177,"score":134,"play_id":"2caf73bd-3c72-4449-8b05-c6f4aa211d5e","local_time":"20180610015301","is_prod":false,"is_daily":false,"chose_seed":false,"is_ascension_mode":true,"campfire_upgraded":3,"win_rate":0,"timestamp":1528588381,"campfire_choices":[{"data":"True Grit","floor":6,"key":"SMITH"},{"data":"Flex","floor":12,"key":"SMITH"},{"data":"Inflame","floor":15,"key":"SMITH"}],"path_taken":["M","?","?","M","M","R","$","M","T","M","M","R","M","?","R","BOSS"],"build_version":"2018-06-07v3","seed_source_timestamp":2087906605474199,"purchased_purges":1,"victory":false,"master_deck":["Strike_R","Strike_R","Strike_R","Strike_R","Defend_R","Defend_R","Defend_R","Bash","Flex+1","Carnage","Flex","True Grit+1","Battle Trance","Thunderclap","Inflame+1"],"max_hp_per_floor":[80,80,80,80,80,80,80,80,80,80,80,80,80,80,80,80],"relics":["Burning Blood","Lantern","Juzu Bracelet"],"card_choices":[{"not_picked":["Twin Strike","Perfected Strike"],"picked":"Flex","floor":1},{"not_picked":["Bloodletting","Wild Strike"],"picked":"Carnage","floor":2},{"not_picked":["Sword Boomerang","Dropkick"],"picked":"Flex","floor":4},{"not_picked":["Power Through","Wild Strike"],"picked":"True Grit","floor":5},{"not_picked":["Hemokinesis","Sword Boomerang"],"picked":"Battle Trance","floor":8},{"not_picked":["Warcry","Flex"],"picked":"Thunderclap","floor":10},{"not_picked":["Blood for Blood","Dual Wield","Berserk"],"picked":"SKIP","floor":11},{"not_picked":["Armaments","Sword Boomerang"],"picked":"Inflame","floor":13}],"player_experience":289963,"potions_floor_usage":[10,11,16],"damage_taken":[{"damage":0,"enemies":"Cultist","floor":1,"turns":4},{"damage":0,"enemies":"2 Louse","floor":2,"turns":3},{"damage":0,"enemies":"Small Slimes","floor":4,"turns":2},{"damage":19,"enemies":"Exordium Thugs","floor":5,"turns":7},{"damage":2,"enemies":"Looter","floor":8,"turns":3},{"damage":11,"enemies":"Gremlin Gang","floor":10,"turns":4},{"damage":4,"enemies":"Blue Slaver","floor":11,"turns":2},{"damage":1,"enemies":"Looter","floor":13,"turns":2},{"damage":76,"enemies":"Hexaghost","floor":16,"turns":9}],"relics_obtained":[{"floor":9,"key":"Juzu Bracelet"}],"event_choices":[{"event_name":"The Lab","player_choice":"Got Potions","floor":3,"damage_taken":0},{"event_name":"Purifier","player_choice":"One Purge","floor":14,"damage_taken":0}],"boss_relics":[],"items_purged_floors":[7],"potions_floor_spawned":[4,5,10,11],"seed_played":"-7193716100434110642","killed_by":"Hexaghost","ascension_level":8,"potions_obtained":[{"floor":3,"key":"Ancient Potion"},{"floor":3,"key":"SmokeBomb"},{"floor":3,"key":"Strength Potion"},{"floor":10,"key":"FearPotion"},{"floor":11,"key":"Dexterity Potion"}],"is_trial":false}