{"gold_per_floor":[109,125,142,156,106,106,134,154,179,191,217,247,291,303,315,424,436,464,476,488,512,542,582,594,634,646,658,670],"floor_reached":28,"playtime":2402,"items_purged":[],"score":419,"play_id":"e0d0d028-25e9-4ea8-a3e2-7657fb6cb47c","local_time":"20190107183415","is_ascension_mode":true,"campfire_choices":[{"data":"Trip","floor":6.0,"key":"SMITH"},{"data":"Fiend Fire","floor":10.0,"key":"SMITH"},{"data":"Ghostly Armor","floor":15.0,"key":"SMITH"},{"floor":24,"key":"REST"},{"data":"Sword Boomerang","floor":27,"key":"SMITH"}],"neow_cost":"NONE","seed_source_timestamp":2349630117877032,"circlet_count":0,"master_deck":["AscendersBane","Strike_R","Strike_R","Strike_R","Defend_R","Defend_R","Defend_R","Trip+1","Cleave","Fiend Fire+1","Battle Trance","Shrug It Off","Ghostly Armor+1","Inflame+1","Dark Embrace+1","Double Tap+1","Disarm","Sword Boomerang+1","Warcry+1","Rampage+1","Disarm+1"],"special_seed":0,"relics":["Burning Blood","Blood Vial","MawBank","Strawberry","Astrolabe","Happy Flower","Gremlin Horn","Ornamental Fan"],"potions_floor_usage":[25,28],"damage_taken":[{"damage":0.0,"enemies":"Cultist","floor":1.0,"turns":3.0},{"damage":9.0,"enemies":"2 Louse","floor":2.0,"turns":2.0},{"damage":2.0,"enemies":"Small Slimes","floor":3.0,"turns":3.0},{"damage":5.0,"enemies":"3 Louse","floor":4.0,"turns":3.0},{"damage":32.0,"enemies":"Gremlin Nob","floor":7.0,"turns":5.0},{"damage":3.0,"enemies":"Exordium Wildlife","floor":8.0,"turns":3.0},{"damage":2.0,"enemies":"2 Fungi Beasts","floor":11.0,"turns":3.0},{"damage":4.0,"enemies":"Red Slaver","floor":12.0,"turns":2.0},{"damage":24.0,"enemies":"Lagavulin","floor":13.0,"turns":4.0},{"damage":26.0,"enemies":"Slime Boss","floor":16.0,"turns":14.0},{"damage":45.0,"enemies":"3 Byrds","floor":18.0,"turns":6.0},{"damage":0.0,"enemies":"Chosen","floor":21.0,"turns":3.0},{"damage":11,"enemies":"Snecko","floor":22,"turns":3},{"damage":33,"enemies":"Book of Stabbing","floor":23,"turns":5},{"damage":30,"enemies":"Gremlin Leader","floor":25,"turns":9},{"damage":42,"enemies":"Slavers","floor":28,"turns":4}],"seed_played":"3977158720332357142","potions_obtained":[{"floor":1.0,"key":"Dexterity Potion"},{"floor":2.0,"key":"SkillPotion"},{"floor":3.0,"key":"Weak Potion"},{"floor":7.0,"key":"SkillPotion"},{"floor":11.0,"key":"Strength Potion"},{"floor":21.0,"key":"Dexterity Potion"},{"floor":23,"key":"BloodPotion"}],"is_trial":false,"path_per_floor":["M","M","M","M","?","R","E","M","T","R","M","M","E","$","R","B",null,"M","?","?","M","M","E","R","E","T","R","E"],"character_chosen":"IRONCLAD","items_purchased":[],"campfire_rested":1,"item_purchase_floors":[],"current_hp_per_floor":[78,75,79,80,80,80,54,59,59,59,65,69,60,60,60,42,76,39,39,39,47,44,19,45,31,31,31,0],"gold":670,"neow_bonus":"RANDOM_COLORLESS","is_prod":false,"is_daily":false,"chose_seed":false,"campfire_upgraded":4,"win_rate":0,"timestamp":1546914855,"path_taken":["M","M","M","?","?","R","E","M","T","R","M","M","E","$","R","BOSS","M","?","?","M","M","E","R","E","T","R","E"],"build_version":"2019-01-03v4","purchased_purges":0,"victory":false,"max_hp_per_floor":[80,80,80,80,80,80,80,80,80,80,80,80,87,87,87,87,87,87,87,87,87,87,87,87,87,87,87,87],"card_choices":[{"not_picked":["Warcry","Entrench"],"picked":"Cleave","floor":1.0},{"not_picked":["Combust","Second Wind","Entrench"],"picked":"SKIP","floor":2.0},{"not_picked":["Clothesline","Sever Soul","Heavy Blade"],"picked":"SKIP","floor":3.0},{"not_picked":["Clothesline","Sever Soul","Heavy Blade"],"picked":"SKIP","floor":3.0},{"not_picked":["Blood for Blood","Wild Strike","True Grit"],"picked":"SKIP","floor":4.0},{"not_picked":["Impervious","Disarm"],"picked":"Fiend Fire","floor":7.0},{"not_picked":["Blood for Blood","Shockwave","Perfected Strike"],"picked":"SKIP","floor":8.0},{"not_picked":["Second Wind","Warcry"],"picked":"Battle Trance","floor":11.0},{"not_picked":["Iron Wave","Searing Blow"],"picked":"Shrug It Off","floor":12.0},{"not_picked":["Flex","Anger"],"picked":"Ghostly Armor","floor":13.0},{"not_picked":["Searing Blow","Rupture"],"picked":"Disarm","floor":18.0},{"not_picked":["Spot Weakness+1","Pommel Strike"],"picked":"Warcry+1","floor":21.0},{"not_picked":["Spot Weakness","Ghostly Armor"],"picked":"Rampage+1","floor":22},{"not_picked":["Inflame","Sword Boomerang"],"picked":"Disarm+1","floor":23},{"not_picked":["Clash","Thunderclap","Intimidate"],"picked":"SKIP","floor":25}],"player_experience":610277,"relics_obtained":[{"floor":7.0,"key":"Blood Vial"},{"floor":9.0,"key":"MawBank"},{"floor":13.0,"key":"Strawberry"},{"floor":23,"key":"Happy Flower"},{"floor":25,"key":"Gremlin Horn"},{"floor":26,"key":"Ornamental Fan"}],"event_choices":[{"cards_removed":["Bash"],"damage_healed":0.0,"max_hp_gain":0.0,"max_hp_loss":0.0,"gold_gain":0.0,"event_name":"The Cleric","player_choice":"Card Removal","floor":5.0,"gold_loss":50.0,"damage_taken":0.0},{"damage_healed":0.0,"max_hp_gain":0.0,"max_hp_loss":0.0,"gold_gain":0.0,"event_name":"The Library","player_choice":"Read","floor":19.0,"gold_loss":0.0,"damage_taken":0.0,"cards_obtained":["Sword Boomerang"]},{"damage_healed":0.0,"max_hp_gain":0.0,"max_hp_loss":0.0,"gold_gain":0.0,"event_name":"Cursed Tome","player_choice":"Ignored","floor":20.0,"gold_loss":0.0,"damage_taken":0.0}],"is_beta":false,"boss_relics":[{"not_picked":["White Beast Statue","Philosopher\u0027s Stone"],"picked":"Astrolabe"}],"items_purged_floors":[],"is_endless":false,"potions_floor_spawned":[1,2,3,7,11,21,23],"killed_by":"Slavers","ascension_level":11}