{"gold_per_floor":[118,218,143,155,55,87,87,103,103,103,178,190,190,209,209,305,305,230,230,230,105,105,105,105,105],"floor_reached":25,"playtime":1034,"items_purged":["Normality","Defend_R","Strike_R"],"score":350,"play_id":"ad61bd13-72dc-4823-9680-ef9773935bef","local_time":"20190512231611","is_ascension_mode":true,"campfire_choices":[{"data":"Shrug It Off","floor":10,"key":"SMITH"},{"data":"Inflame","floor":13,"key":"SMITH"},{"data":"Cleave","floor":15,"key":"SMITH"},{"floor":24,"key":"REST"}],"neow_cost":"CURSE","seed_source_timestamp":3749908972345046,"circlet_count":0,"master_deck":["AscendersBane","Strike_R","Strike_R","Strike_R","Defend_R","Defend_R","Defend_R","Bash","Shrug It Off+1","Ghostly Armor","Inflame+1","Cleave+1","Limit Break","Clothesline","Shrug It Off"],"relics":["Burning Blood","Champion Belt","Pantograph","Singing Bowl","Ectoplasm"],"potions_floor_usage":[6,16,22,23],"damage_taken":[{"damage":7,"enemies":"2 Louse","floor":1,"turns":4},{"damage":1,"enemies":"Cultist","floor":4,"turns":4},{"damage":32,"enemies":"Gremlin Nob","floor":6,"turns":4},{"damage":7,"enemies":"Small Slimes","floor":8,"turns":4},{"damage":0,"enemies":"Blue Slaver","floor":12,"turns":6},{"damage":26,"enemies":"Large Slime","floor":14,"turns":10},{"damage":69,"enemies":"The Guardian","floor":16,"turns":14},{"damage":21,"enemies":"2 Thieves","floor":18,"turns":4},{"damage":17,"enemies":"Spheric Guardian","floor":22,"turns":5},{"damage":2,"enemies":"Book of Stabbing","floor":23,"turns":3},{"damage":61,"enemies":"Slavers","floor":25,"turns":4}],"seed_played":"-201268614714704381","potions_obtained":[{"floor":1,"key":"SteroidPotion"},{"floor":6,"key":"SmokeBomb"},{"floor":14,"key":"Poison Potion"},{"floor":16,"key":"Fire Potion"}],"is_trial":false,"path_per_floor":["M","?","$","M","$","E","?","M","T","R","?","M","R","M","R","B",null,"M","?","?","$","M","E","R","E"],"character_chosen":"IRONCLAD","items_purchased":[],"campfire_rested":1,"item_purchase_floors":[],"current_hp_per_floor":[71,71,71,76,76,50,76,75,75,75,64,72,72,52,52,14,65,52,36,36,36,25,29,55,0],"gold":105,"neow_bonus":"ONE_RARE_RELIC","is_prod":false,"is_daily":false,"chose_seed":false,"campfire_upgraded":3,"win_rate":0,"timestamp":1557695771,"path_taken":["M","?","$","?","$","E","?","M","T","R","?","M","R","M","R","BOSS","M","?","?","$","?","E","R","E"],"build_version":"2019-01-23","purchased_purges":3,"victory":false,"max_hp_per_floor":[80,80,80,80,80,80,80,80,80,80,80,82,82,82,82,82,82,84,89,89,89,89,89,89,89],"card_choices":[{"not_picked":["True Grit","Shockwave","Anger"],"picked":"SKIP","floor":1},{"not_picked":["Flame Barrier","Intimidate"],"picked":"Shrug It Off","floor":4},{"not_picked":["Clash","Feel No Pain"],"picked":"Ghostly Armor","floor":6},{"not_picked":["Bloodletting","Bludgeon"],"picked":"Inflame","floor":8},{"not_picked":["Iron Wave","Clothesline","Sentinel"],"picked":"Singing Bowl","floor":12},{"not_picked":["Twin Strike","Infernal Blade"],"picked":"Cleave","floor":14},{"not_picked":["Barricade","Immolate"],"picked":"Limit Break","floor":16},{"not_picked":["Cleave","Clothesline","Anger"],"picked":"Singing Bowl","floor":18},{"not_picked":["Anger","Havoc+1"],"picked":"Shrug It Off","floor":22}],"player_experience":528785,"relics_obtained":[{"floor":6,"key":"Pantograph"},{"floor":9,"key":"Singing Bowl"}],"event_choices":[{"damage_healed":0,"gold_gain":100,"player_choice":"Pray","damage_taken":0,"max_hp_gain":0,"max_hp_loss":0,"event_name":"Golden Shrine","floor":2,"gold_loss":0},{"damage_healed":26,"gold_gain":0,"player_choice":"Banana","damage_taken":0,"max_hp_gain":0,"max_hp_loss":0,"event_name":"Big Fish","floor":7,"gold_loss":0},{"damage_healed":0,"gold_gain":75,"player_choice":"Gather Gold","damage_taken":11,"max_hp_gain":0,"max_hp_loss":0,"event_name":"World of Goop","floor":11,"gold_loss":0},{"damage_healed":0,"gold_gain":0,"player_choice":"Shed Blood","damage_taken":21,"max_hp_gain":5,"max_hp_loss":0,"event_name":"Forgotten Altar","floor":19,"gold_loss":0},{"damage_healed":0,"gold_gain":0,"cards_transformed":["Strike_R"],"player_choice":"Transformed","damage_taken":0,"max_hp_gain":0,"max_hp_loss":0,"event_name":"Transmorgrifier","floor":20,"gold_loss":0,"cards_obtained":["Clothesline"]}],"is_beta":false,"boss_relics":[{"not_picked":["Calling Bell","Black Star"],"picked":"Ectoplasm"}],"items_purged_floors":[3,5,21],"is_endless":false,"potions_floor_spawned":[1,6,14,16,23],"killed_by":"Slavers","ascension_level":12}