{"gold_per_floor":[117,42,62,76,87,120,132,132,205,219,219,219,219,231,231,329,329,345,345,355,129,129,129,159,159,159,159,187,205,205,215,215,310,310,325,325,380,22,33,33,50,50,50,50,69,102,121,121],"floor_reached":48,"playtime":3602,"items_purged":["Shame","Defend_B"],"score":580,"play_id":"692ce209-ba43-4e2c-b61a-d5e2f97918b2","local_time":"20181221192429","is_ascension_mode":true,"campfire_choices":[{"floor":8.0,"key":"RECALL"},{"data":"Zap","floor":11.0,"key":"SMITH"},{"data":"Tempest","floor":15.0,"key":"SMITH"},{"data":"Magnetism","floor":23.0,"key":"SMITH"},{"data":"Dualcast","floor":25.0,"key":"SMITH"},{"data":"Go for the Eyes","floor":27.0,"key":"SMITH"},{"floor":30.0,"key":"REST"},{"floor":32.0,"key":"REST"},{"floor":40.0,"key":"REST"},{"data":"Capacitor","floor":44,"key":"SMITH"}],"neow_cost":"CURSE","seed_source_timestamp":0,"circlet_count":0,"master_deck":["Zap+1","Dualcast+1","Chill","FTL","Undo","Glacier","Cold Snap","Tempest+1","Go for the Eyes+1","Gash+1","Sunder+1","Core Surge+1","Doom and Gloom+1","Coolheaded","Streamline+1","Cold Snap+1","Magnetism+1","Conserve Battery","Genetic Algorithm","Electrodynamics","Capacitor+1","Thunder Strike+1","Blizzard+1","Redo+1","Ball Lightning+1","Melter+1","Defragment"],"special_seed":0,"relics":["Cracked Core","Matryoshka","Molten Egg 2","Empty Cage","Omamori","Pen Nib","Bottled Lightning","Ornamental Fan","Lizard Tail","Ginger","Singing Bowl","Bottled Tornado","DataDisk"],"potions_floor_usage":[48],"damage_taken":[{"damage":0.0,"enemies":"Small Slimes","floor":1.0,"turns":2.0},{"damage":0.0,"enemies":"Jaw Worm","floor":3.0,"turns":3.0},{"damage":1.0,"enemies":"2 Louse","floor":4.0,"turns":2.0},{"damage":0.0,"enemies":"Blue Slaver","floor":5.0,"turns":4.0},{"damage":20.0,"enemies":"Lagavulin","floor":6.0,"turns":8.0},{"damage":2.0,"enemies":"2 Fungi Beasts","floor":7.0,"turns":4.0},{"damage":5.0,"enemies":"3 Louse","floor":10.0,"turns":2.0},{"damage":1.0,"enemies":"Looter","floor":14.0,"turns":2.0},{"damage":0.0,"enemies":"Slime Boss","floor":16.0,"turns":4.0},{"damage":0.0,"enemies":"Spheric Guardian","floor":18.0,"turns":4.0},{"damage":3.0,"enemies":"3 Byrds","floor":20.0,"turns":4.0},{"damage":27.0,"enemies":"Slavers","floor":24.0,"turns":4.0},{"damage":1.0,"enemies":"Gremlin Leader","floor":28.0,"turns":5.0},{"damage":13.0,"enemies":"Sentry and Sphere","floor":29.0,"turns":5.0},{"damage":12.0,"enemies":"Centurion and Healer","floor":31.0,"turns":3.0},{"damage":47.0,"enemies":"Champ","floor":33.0,"turns":12.0},{"damage":11.0,"enemies":"Orb Walker","floor":35.0,"turns":5.0},{"damage":96.0,"enemies":"2 Orb Walkers","floor":37.0,"turns":8.0},{"damage":15.0,"enemies":"3 Darklings","floor":39.0,"turns":4.0},{"damage":17.0,"enemies":"Transient","floor":41.0,"turns":5.0},{"damage":26,"enemies":"Spire Growth","floor":45,"turns":7},{"damage":36,"enemies":"Reptomancer","floor":46,"turns":7},{"damage":6,"enemies":"Jaw Worm Horde","floor":47,"turns":4},{"damage":34,"enemies":"Writhing Mass","floor":48,"turns":1}],"seed_played":"-6215314503571112699","potions_obtained":[{"floor":3.0,"key":"GamblersBrew"},{"floor":7.0,"key":"Swift Potion"},{"floor":14.0,"key":"EssenceOfSteel"},{"floor":20.0,"key":"Block Potion"},{"floor":28.0,"key":"Explosive Potion"},{"floor":37.0,"key":"Dexterity Potion"},{"floor":41.0,"key":"FearPotion"},{"floor":46,"key":"FocusPotion"},{"floor":47,"key":"SteroidPotion"}],"is_trial":false,"path_per_floor":["M","$","M","M","M","E","M","R","T","M","R","?","?","M","R","B",null,"M","?","M","$","?","R","E","R","T","R","E","M","R","M","R","B",null,"M","?","?","$","M","R","M","?","T","R","M","E","M","M"],"character_chosen":"DEFECT","items_purchased":["Magnetism","Conserve Battery","Singing Bowl"],"campfire_rested":3,"item_purchase_floors":[21,21,38],"current_hp_per_floor":[75,75,75,74,74,54,52,52,52,47,47,40,65,64,64,64,75,75,75,72,72,72,72,45,45,45,45,44,31,53,41,63,16,75,64,64,17,17,4,27,10,77,77,77,51,15,9,0],"gold":121,"neow_bonus":"TRANSFORM_TWO_CARDS","is_prod":false,"is_daily":false,"chose_seed":false,"campfire_upgraded":6,"win_rate":0,"timestamp":1545438269,"path_taken":["M","$","M","M","M","E","M","R","T","M","R","?","?","M","R","BOSS","M","?","M","$","?","R","E","R","T","R","E","M","R","?","R","BOSS","M","?","?","$","M","R","M","?","T","R","M","E","?","M"],"build_version":"2018-12-20","purchased_purges":2,"victory":false,"max_hp_per_floor":[75,75,75,75,75,75,75,75,75,75,75,75,75,75,75,75,75,75,75,75,75,75,75,75,75,75,75,75,75,75,75,75,75,75,75,75,75,75,77,77,77,77,77,77,77,77,77,77],"card_choices":[{"not_picked":["Auto Shields","Beam Cell"],"picked":"Undo","floor":1.0},{"not_picked":["Hologram","Stack"],"picked":"Glacier","floor":3.0},{"not_picked":["Turbo","Redo"],"picked":"Cold Snap","floor":4.0},{"not_picked":["Steam","Skim"],"picked":"Tempest","floor":5.0},{"not_picked":["Steam Power","Meteor Strike"],"picked":"Go for the Eyes","floor":6.0},{"not_picked":["Turbo","Aggregate","Barrage"],"picked":"SKIP","floor":7.0},{"not_picked":["Fusion","Steam"],"picked":"Gash+1","floor":10.0},{"not_picked":["Recycle","Stack"],"picked":"Sunder+1","floor":14.0},{"not_picked":["Creative AI","Buffer"],"picked":"Core Surge+1","floor":16.0},{"not_picked":["Static Discharge","Force Field"],"picked":"Doom and Gloom+1","floor":18.0},{"not_picked":["Static Discharge","Rebound+1"],"picked":"Cold Snap+1","floor":20.0},{"not_picked":["Glacier","Compile Driver+1"],"picked":"Genetic Algorithm","floor":24.0},{"not_picked":["Hologram","Turbo"],"picked":"Electrodynamics","floor":28.0},{"not_picked":["Reprogram","Aggregate","Sweeping Beam+1"],"picked":"SKIP","floor":29.0},{"not_picked":["Leap+1","Rebound+1"],"picked":"Capacitor","floor":31.0},{"not_picked":["Meteor Strike+1","Biased Cognition"],"picked":"Thunder Strike+1","floor":33.0},{"not_picked":["Sunder+1","Barrage+1","Sweeping Beam+1"],"picked":"SKIP","floor":35.0},{"not_picked":["Sunder+1","Cold Snap+1"],"picked":"Blizzard+1","floor":37.0},{"not_picked":["Streamline+1","FTL+1","Genetic Algorithm"],"picked":"Singing Bowl","floor":39.0},{"not_picked":["Capacitor+1","Scrape+1"],"picked":"Redo+1","floor":41.0},{"not_picked":["BootSequence+1","Capacitor+1"],"picked":"Ball Lightning+1","floor":45},{"not_picked":["Machine Learning","Electrodynamics"],"picked":"Melter+1","floor":46},{"not_picked":["Sweeping Beam+1","Leap"],"picked":"Defragment","floor":47}],"player_experience":149566,"relics_obtained":[{"floor":6.0,"key":"Matryoshka"},{"floor":9.0,"key":"Molten Egg 2"},{"floor":24.0,"key":"Omamori"},{"floor":26.0,"key":"Pen Nib"},{"floor":26.0,"key":"Bottled Lightning"},{"floor":28.0,"key":"Ornamental Fan"},{"floor":37.0,"key":"Ginger"},{"floor":43,"key":"Bottled Tornado"},{"floor":46,"key":"DataDisk"}],"event_choices":[{"cards_removed":["Strike_B"],"damage_healed":0.0,"max_hp_gain":0.0,"max_hp_loss":0.0,"gold_gain":0.0,"event_name":"Golden Wing","player_choice":"Card Removal","floor":12.0,"gold_loss":0.0,"damage_taken":7.0},{"damage_healed":25.0,"max_hp_gain":0.0,"max_hp_loss":0.0,"gold_gain":0.0,"event_name":"Big Fish","player_choice":"Banana","floor":13.0,"gold_loss":0.0,"damage_taken":0.0},{"damage_healed":0.0,"max_hp_gain":0.0,"max_hp_loss":0.0,"gold_gain":0.0,"cards_transformed":["Strike_B","Defend_B"],"event_name":"Drug Dealer","player_choice":"Became Test Subject","floor":19.0,"gold_loss":0.0,"damage_taken":0.0,"cards_obtained":["Coolheaded","Streamline"]},{"damage_healed":0.0,"max_hp_gain":0.0,"max_hp_loss":0.0,"gold_gain":0.0,"event_name":"Ghosts","player_choice":"Ignored","floor":22.0,"gold_loss":0.0,"damage_taken":0.0},{"damage_healed":0.0,"max_hp_gain":0.0,"max_hp_loss":0.0,"gold_gain":0.0,"event_name":"Tomb of Lord Red Mask","player_choice":"Ignored","floor":36.0,"gold_loss":0.0,"damage_taken":0.0},{"damage_healed":0.0,"max_hp_gain":0.0,"max_hp_loss":0.0,"gold_gain":0.0,"event_name":"Mysterious Sphere","player_choice":"Fight","floor":37.0,"gold_loss":0.0,"damage_taken":0.0},{"damage_healed":67,"gold_gain":0,"player_choice":"Heal","damage_taken":0,"max_hp_gain":0,"max_hp_loss":0,"event_name":"MindBloom","floor":42,"gold_loss":0,"cards_obtained":["Doubt"]}],"is_beta":false,"boss_relics":[{"not_picked":["Calling Bell","Ectoplasm"],"picked":"Empty Cage"},{"not_picked":["Velvet Choker","Snecko Eye"],"picked":"Lizard Tail"}],"items_purged_floors":[2,38],"is_endless":false,"potions_floor_spawned":[3,7,14,20,28,37,41,46,47],"killed_by":"Writhing Mass","ascension_level":1}