{"gold_per_floor":[113,126,141,161,177,177,203,222,270,281,206,219,219,67,67,167,167,178,193,143,18,18,46,56,68,68,93,43,43,43,60,60,161,161,180,180,180,30,40,40,71,71,71,85,102,120,166,184,184,184,184,184,29,64,64],"floor_reached":55,"playtime":5847,"items_purged":["Strike_R","Defend_R","Bash","Defend_R"],"score":860,"play_id":"0c21ba08-bcea-4a84-8455-08164dc704c2","local_time":"20181210230808","is_ascension_mode":true,"campfire_choices":[{"data":"Armaments","floor":6,"key":"SMITH"},{"floor":13,"key":"REST"},{"floor":15,"key":"REST"},{"floor":29,"key":"RECALL"},{"floor":32,"key":"REST"}],"neow_cost":"NONE","seed_source_timestamp":359779363007614,"circlet_count":0,"master_deck":["Strike_R","Defend_R","Defend_R","Armaments+1","Spot Weakness","Feed","Body Slam","Shrug It Off","Shrug It Off","Uppercut+1","Anger+1","Shrug It Off+1","Body Slam+1","Juggernaut","Heavy Blade+1","Madness","Madness","Bloodletting","Shrug It Off+1"],"relics":["Burning Blood","Blood Vial","Bag of Preparation","Fusion Hammer","Kunai","Bottled Flame","Coffee Dripper","Lantern","Paper Frog","Champion Belt","Vajra","Oddly Smooth Stone"],"potions_floor_usage":[5,16,16,16,18,23,23,23,33,33,45,50,50,50],"damage_taken":[{"damage":18,"enemies":"Cultist","floor":1,"turns":5},{"damage":6,"enemies":"Jaw Worm","floor":2,"turns":5},{"damage":3,"enemies":"2 Louse","floor":3,"turns":4},{"damage":26,"enemies":"Gremlin Gang","floor":4,"turns":6},{"damage":16,"enemies":"Lots of Slimes","floor":5,"turns":5},{"damage":35,"enemies":"3 Sentries","floor":7,"turns":8},{"damage":5,"enemies":"Looter","floor":8,"turns":3},{"damage":5,"enemies":"Exordium Thugs","floor":10,"turns":4},{"damage":7,"enemies":"Large Slime","floor":12,"turns":6},{"damage":46,"enemies":"Hexaghost","floor":16,"turns":9},{"damage":22,"enemies":"3 Byrds","floor":18,"turns":6},{"damage":5,"enemies":"Chosen","floor":19,"turns":3},{"damage":3,"enemies":"Book of Stabbing","floor":23,"turns":3},{"damage":27,"enemies":"Centurion and Healer","floor":24,"turns":5},{"damage":0,"enemies":"Snake Plant","floor":25,"turns":4},{"damage":16,"enemies":"Gremlin Leader","floor":27,"turns":6},{"damage":5,"enemies":"Shelled Parasite and Fungi","floor":31,"turns":5},{"damage":41,"enemies":"Champ","floor":33,"turns":8},{"damage":0,"enemies":"Orb Walker","floor":35,"turns":2},{"damage":0,"enemies":"3 Shapes","floor":39,"turns":4},{"damage":35,"enemies":"Nemesis","floor":41,"turns":6},{"damage":0,"enemies":"Spire Growth","floor":44,"turns":3},{"damage":6,"enemies":"3 Darklings","floor":45,"turns":3},{"damage":50,"enemies":"Jaw Worm Horde","floor":46,"turns":5},{"damage":8,"enemies":"2 Orb Walkers","floor":47,"turns":4},{"damage":0,"enemies":"Spire Growth","floor":48,"turns":3},{"damage":38,"enemies":"Awakened One","floor":50,"turns":7},{"damage":78,"enemies":"Shield and Spear","floor":54,"turns":7},{"damage":37,"enemies":"The Heart","floor":55,"turns":3}],"seed_played":"-2549039677196881829","potions_obtained":[{"floor":2,"key":"SpeedPotion"},{"floor":3,"key":"Block Potion"},{"floor":5,"key":"Poison Potion"},{"floor":10,"key":"Explosive Potion"},{"floor":16,"key":"AttackPotion"},{"floor":19,"key":"AttackPotion"},{"floor":22,"key":"AttackPotion"},{"floor":22,"key":"Block Potion"},{"floor":23,"key":"GamblersBrew"},{"floor":27,"key":"Block Potion"},{"floor":33,"key":"GamblersBrew"},{"floor":35,"key":"Fire Potion"},{"floor":39,"key":"SteroidPotion"},{"floor":41,"key":"SteroidPotion"},{"floor":45,"key":"Ancient Potion"}],"is_trial":false,"path_per_floor":["M","M","M","M","M","R","E","M","T","M","$","M","R","$","R","B",null,"M","M","?","$","?","E","M","M","T","E","$","R","?","M","R","B",null,"M","?","?","$","M","R","E","?","T","M","M","M","?","M","R","B",null,"R","$","E","B"],"character_chosen":"IRONCLAD","items_purchased":["Shrug It Off","PowerPotion","Vajra"],"campfire_rested":3,"item_purchase_floors":[14,28,53],"current_hp_per_floor":[68,68,71,51,44,44,19,25,25,28,28,32,59,59,86,52,97,85,88,88,88,88,93,77,85,85,77,77,77,77,80,104,69,104,104,104,91,91,99,99,72,72,72,83,85,43,43,51,51,21,107,107,107,35,0],"gold":64,"neow_bonus":"REMOVE_CARD","is_prod":false,"is_daily":false,"chose_seed":false,"campfire_upgraded":1,"win_rate":0,"timestamp":1544504888,"path_taken":["M","M","M","?","M","R","E","?","T","M","$","M","R","?","R","BOSS","M","M","?","?","?","E","?","M","T","E","?","R","?","?","R","BOSS","M","?","?","$","M","R","E","?","T","?","M","M","?","M","R","BOSS","R","$","E","BOSS"],"build_version":"2018-12-06","purchased_purges":4,"victory":false,"max_hp_per_floor":[80,80,80,80,83,83,87,90,90,90,90,93,93,93,93,97,97,101,101,101,101,101,101,104,104,104,104,104,104,104,104,104,104,104,104,104,104,104,104,104,104,104,104,107,107,107,107,107,107,107,107,107,107,107,107],"card_choices":[{"not_picked":["Intimidate","Rage"],"picked":"Armaments","floor":1},{"not_picked":["Anger","Second Wind","Heavy Blade"],"picked":"SKIP","floor":2},{"not_picked":["Iron Wave","Body Slam"],"picked":"Spot Weakness","floor":3},{"not_picked":["Battle Trance","Twin Strike"],"picked":"Feed","floor":4},{"not_picked":["Entrench","Clash","Thunderclap"],"picked":"SKIP","floor":5},{"not_picked":["Second Wind","Armaments","Headbutt"],"picked":"SKIP","floor":7},{"not_picked":["Burning Pact","Clash"],"picked":"Body Slam","floor":8},{"not_picked":["Whirlwind","Pommel Strike","Rampage"],"picked":"SKIP","floor":10},{"not_picked":["Hemokinesis","Clothesline"],"picked":"Shrug It Off","floor":12},{"not_picked":["Uppercut","Body Slam","Blood for Blood"],"picked":"SKIP","floor":18},{"not_picked":["Body Slam","Anger"],"picked":"Uppercut+1","floor":19},{"not_picked":["Evolve","Wild Strike"],"picked":"Anger+1","floor":23},{"not_picked":["Searing Blow","Flex"],"picked":"Shrug It Off+1","floor":24},{"not_picked":["Shrug It Off","Armaments"],"picked":"Body Slam+1","floor":25},{"not_picked":["Uppercut","Sever Soul"],"picked":"Juggernaut","floor":27},{"not_picked":["Intimidate","Wild Strike+1","Flame Barrier"],"picked":"SKIP","floor":31},{"not_picked":["Anger+1","Battle Trance"],"picked":"Heavy Blade+1","floor":35},{"not_picked":["Power Through+1","Seeing Red","True Grit"],"picked":"SKIP","floor":39},{"not_picked":["Bludgeon","Clothesline","Entrench+1"],"picked":"SKIP","floor":41},{"not_picked":["Carnage+1","Sword Boomerang"],"picked":"Bloodletting","floor":44},{"not_picked":["True Grit+1","Anger"],"picked":"Shrug It Off+1","floor":45},{"not_picked":["Anger","Flame Barrier","Reckless Charge+1"],"picked":"SKIP","floor":46},{"not_picked":["Shockwave","Headbutt+1","Clash"],"picked":"SKIP","floor":48},{"not_picked":["Heavy Blade","Clothesline+1","Feel No Pain+1"],"picked":"SKIP","floor":54}],"player_experience":155475,"relics_obtained":[{"floor":7,"key":"Blood Vial"},{"floor":9,"key":"Bag of Preparation"},{"floor":23,"key":"Kunai"},{"floor":27,"key":"Bottled Flame"},{"floor":41,"key":"Lantern"},{"floor":43,"key":"Paper Frog"},{"floor":47,"key":"Champion Belt"},{"floor":54,"key":"Oddly Smooth Stone"}],"event_choices":[{"damage_healed":0,"gold_gain":0,"player_choice":"Bet on Owner","damage_taken":0,"max_hp_gain":0,"max_hp_loss":0,"event_name":"The Joust","floor":20,"gold_loss":50},{"damage_healed":0,"gold_gain":0,"player_choice":"Got Potions","damage_taken":0,"max_hp_gain":0,"max_hp_loss":0,"event_name":"Lab","floor":22,"gold_loss":0},{"damage_healed":0,"gold_gain":0,"player_choice":"Ignored","damage_taken":0,"max_hp_gain":0,"max_hp_loss":0,"event_name":"Ghosts","floor":30,"gold_loss":0},{"cards_removed":["Strike_R"],"damage_healed":0,"gold_gain":0,"player_choice":"Removed Attack","damage_taken":0,"max_hp_gain":0,"max_hp_loss":0,"event_name":"Falling","floor":36,"gold_loss":0},{"damage_healed":0,"gold_gain":0,"player_choice":"Embrace Madness","damage_taken":13,"max_hp_gain":0,"max_hp_loss":0,"event_name":"Winding Halls","floor":37,"gold_loss":0,"cards_obtained":["Madness","Madness"]},{"cards_removed":["Strike_R"],"damage_healed":0,"gold_gain":0,"player_choice":"Offered Basic","damage_taken":0,"max_hp_gain":0,"max_hp_loss":0,"event_name":"Bonfire Elementals","floor":42,"gold_loss":0},{"damage_healed":0,"gold_gain":0,"player_choice":"Fight","damage_taken":0,"max_hp_gain":0,"max_hp_loss":0,"event_name":"Mysterious Sphere","floor":47,"gold_loss":0}],"is_beta":false,"boss_relics":[{"not_picked":["Philosopher\u0027s Stone","Tiny House"],"picked":"Fusion Hammer"},{"not_picked":["Orrery","Runic Dome"],"picked":"Coffee Dripper"}],"items_purged_floors":[11,14,21,38],"is_endless":false,"potions_floor_spawned":[2,3,5,10,12,16,19,23,27,33,35,39,41,45],"killed_by":"The Heart","ascension_level":1}