{"path_per_floor":["M","?","$","M","M","R","E","R","T","R","M","E","?","M","R","B",null,"M","?","T","$","?","R","E","R","T","M","?","M","E","M","R"],"character_chosen":"THE_SILENT","items_purchased":["Backstab","Gremlin Horn"],"gold_per_floor":[111,141,66,81,100,100,132,132,159,159,178,207,207,226,226,324,354,367,402,451,62,62,62,89,89,89,108,108,127,160,175,175,175],"floor_reached":33,"campfire_rested":3,"playtime":3213,"item_purchase_floors":[21,21],"current_hp_per_floor":[62,59,59,58,52,52,30,30,37,37,37,25,18,18,39,19,75,61,37,37,37,37,37,11,33,33,26,26,14,8,1,23,0],"items_purged":["Strike_G","Defend_G"],"gold":175,"score":293,"play_id":"75d20a6f-a6f5-4ea7-9c62-34bfa92f9a03","local_time":"20180531002724","is_prod":false,"is_daily":false,"chose_seed":false,"is_ascension_mode":false,"campfire_upgraded":4,"win_rate":0,"timestamp":1527719244,"campfire_choices":[{"data":"A Thousand Cuts","floor":6,"key":"SMITH"},{"data":"Caltrops","floor":8,"key":"SMITH"},{"data":"Defend_G","floor":10,"key":"SMITH"},{"floor":15,"key":"REST"},{"data":"Infinite Blades","floor":23,"key":"SMITH"},{"floor":25,"key":"REST"},{"floor":32,"key":"REST"}],"path_taken":["M","?","$","M","M","R","E","R","T","R","?","E","?","?","R","BOSS","M","?","?","$","?","R","E","R","T","M","?","M","E","M","R","BOSS"],"build_version":"2018-05-24","seed_source_timestamp":1216351542461215,"purchased_purges":2,"victory":false,"master_deck":["Defend_G","Defend_G+1","Defend_G+1","Defend_G","Strike_G","Strike_G","Strike_G","Survivor","Neutralize","A Thousand Cuts+1","Caltrops+1","Quick Slash","Acrobatics","Blade Dance","Flying Knee","Footwork","Infinite Blades+1","Night Terror","Deflect","Flying Knee+1","Backstab","Acrobatics","Choke"],"max_hp_per_floor":[63,63,63,63,63,63,63,63,70,70,70,70,70,70,70,70,75,75,75,75,75,75,75,75,75,75,75,75,75,75,75,75,75],"relics":["Ring of the Snake","Tiny Chest","Ice Cream","Strawberry","Orichalcum","Tiny House","Red Mask","Blood Vial","Gremlin Horn","Sundial","Ninja Scroll","Bag of Preparation","Girya"],"card_choices":[{"not_picked":["Tools of the Trade","Doppelganger"],"picked":"A Thousand Cuts","floor":0},{"not_picked":["Dagger Spray","Backflip"],"picked":"Caltrops","floor":1},{"not_picked":["Poisoned Stab","Deadly Poison"],"picked":"Quick Slash","floor":4},{"not_picked":["Heel Hook","Slice"],"picked":"Acrobatics","floor":5},{"not_picked":["Terror","Dagger Spray"],"picked":"Blade Dance","floor":7},{"not_picked":["Deadly Poison","Acrobatics"],"picked":"Flying Knee","floor":11},{"not_picked":["Finisher","Outmaneuver"],"picked":"Footwork","floor":12},{"not_picked":["Eviscerate","Tools of the Trade"],"picked":"Infinite Blades","floor":14},{"not_picked":["Venomology","Phantasmal Killer"],"picked":"Night Terror","floor":16},{"not_picked":["Malaise","Sucker Punch"],"picked":"Deflect","floor":17},{"not_picked":["Reflex","Heel Hook","Slice"],"picked":"SKIP","floor":18},{"not_picked":["Bane","Unload"],"picked":"Flying Knee+1","floor":19},{"not_picked":["Poisoned Stab+1","Deflect","Underhanded Strike"],"picked":"SKIP","floor":24},{"not_picked":["Sucker Punch","Catalyst","Poisoned Stab"],"picked":"SKIP","floor":27},{"not_picked":["Poisoned Stab","Crippling Poison+1"],"picked":"Acrobatics","floor":29},{"not_picked":["Bouncing Flask+1","Sucker Punch","Riddle With Holes+1"],"picked":"SKIP","floor":30},{"not_picked":["Catalyst","Sucker Punch+1"],"picked":"Choke","floor":31}],"player_experience":109813,"potions_floor_usage":[12,14,16,16,16,19,19,24,33],"damage_taken":[{"damage":1,"enemies":"2 Louse","floor":1,"turns":4},{"damage":1,"enemies":"Cultist","floor":4,"turns":6},{"damage":6,"enemies":"Jaw Worm","floor":5,"turns":5},{"damage":22,"enemies":"3 Sentries","floor":7,"turns":8},{"damage":0,"enemies":"Large Slime","floor":11,"turns":5},{"damage":12,"enemies":"Gremlin Nob","floor":12,"turns":4},{"damage":0,"enemies":"2 Fungi Beasts","floor":14,"turns":3},{"damage":20,"enemies":"Slime Boss","floor":16,"turns":9},{"damage":14,"enemies":"Shell Parasite","floor":18,"turns":7},{"damage":24,"enemies":"Masked Bandits","floor":19,"turns":3},{"damage":28,"enemies":"Book of Stabbing","floor":24,"turns":7},{"damage":9,"enemies":"3 Byrds","floor":27,"turns":5},{"damage":14,"enemies":"Cultist and Chosen","floor":29,"turns":6},{"damage":8,"enemies":"Gremlin Leader","floor":30,"turns":4},{"damage":9,"enemies":"Centurion and Healer","floor":31,"turns":6},{"damage":51,"enemies":"Champ","floor":33,"turns":14}],"relics_obtained":[{"floor":7,"key":"Ice Cream"},{"floor":9,"key":"Strawberry"},{"floor":12,"key":"Orichalcum"},{"floor":19,"key":"Red Mask"},{"floor":20,"key":"Blood Vial"},{"floor":24,"key":"Sundial"},{"floor":26,"key":"Ninja Scroll"},{"floor":30,"key":"Girya"}],"event_choices":[{"event_name":"Scrap Ooze","player_choice":"success","floor":2,"damage_taken":3},{"event_name":"Golden Wing","player_choice":"Card Removal","floor":13,"damage_taken":0},{"event_name":"Masked Bandits","player_choice":"Fought over 367 gold","floor":19,"damage_taken":0},{"event_name":"Addict","player_choice":"Ignored","floor":22,"damage_taken":0},{"event_name":"The Mausoleum","player_choice":"Yes","floor":28,"damage_taken":0}],"boss_relics":[{"not_picked":["Philosopher\u0027s Stone","Runic Pyramid"],"picked":"Tiny House"}],"items_purged_floors":[3,21],"potions_floor_spawned":[5,7,12,14,16,18,19,31],"seed_played":"2612141326816897688","killed_by":"Champ","ascension_level":0,"potions_obtained":[{"floor":5,"key":"GamblersBrew"},{"floor":7,"key":"EntropicBrew"},{"floor":12,"key":"AttackPotion"},{"floor":14,"key":"SkillPotion"},{"floor":16,"key":"GamblersBrew"},{"floor":17,"key":"Explosive Potion"},{"floor":18,"key":"FairyPotion"},{"floor":19,"key":"SpeedPotion"},{"floor":31,"key":"Fire Potion"}],"is_trial":false}