{"gold_per_floor":[117,131,59,134,153,153,153,182,182,207,207,207,62,80,80,80],"floor_reached":16,"playtime":1034,"items_purged":[],"score":135,"play_id":"54be8d2c-7625-47bc-a46c-00da67e882e7","local_time":"20190218122536","is_ascension_mode":true,"campfire_choices":[{"data":"Bullet Time","floor":6,"key":"SMITH"},{"floor":12,"key":"REST"},{"floor":15,"key":"REST"}],"neow_cost":"NONE","seed_source_timestamp":0,"circlet_count":0,"master_deck":["Defend_G","Defend_G","Defend_G","Defend_G","Defend_G","Strike_G","Strike_G","Strike_G","Strike_G","Survivor","Neutralize","Bullet Time+1","Well Laid Plans","Acrobatics","Catalyst","Dagger Spray","Flying Knee","Flechettes","Terror","PiercingWail"],"special_seed":0,"relics":["Ring of the Snake","Bottled Lightning","Mummified Hand","Ornamental Fan","Bag of Preparation"],"potions_floor_usage":[8,10,10],"damage_taken":[{"damage":7,"enemies":"Jaw Worm","floor":1,"turns":5},{"damage":0,"enemies":"Small Slimes","floor":2,"turns":4},{"damage":6,"enemies":"Cultist","floor":5,"turns":5},{"damage":49,"enemies":"3 Sentries","floor":8,"turns":10},{"damage":11,"enemies":"Lagavulin","floor":10,"turns":7},{"damage":3,"enemies":"2 Fungi Beasts","floor":14,"turns":3},{"damage":36,"enemies":"The Guardian","floor":16,"turns":10}],"seed_played":"6924941322717441451","potions_obtained":[{"floor":1,"key":"GhostInAJar"},{"floor":5,"key":"Regen Potion"},{"floor":8,"key":"AttackPotion"}],"is_trial":false,"path_per_floor":["M","M","$","?","M","R","?","E","T","E","?","R","$","M","R","B"],"character_chosen":"THE_SILENT","items_purchased":["Catalyst","Bag of Preparation"],"campfire_rested":2,"item_purchase_floors":[3,13],"current_hp_per_floor":[63,63,63,52,46,46,46,12,12,1,1,22,22,19,40,4],"gold":80,"neow_bonus":"ONE_RANDOM_RARE_CARD","is_prod":false,"is_daily":false,"chose_seed":false,"campfire_upgraded":1,"win_rate":0,"timestamp":1550510736,"path_taken":["M","M","$","?","M","R","?","E","T","E","?","R","$","M","R","BOSS"],"build_version":"2019-01-23","purchased_purges":0,"victory":false,"max_hp_per_floor":[70,70,70,70,70,70,70,70,70,70,70,70,70,70,70,70],"card_choices":[{"not_picked":["Flechettes","Bane"],"picked":"Well Laid Plans","floor":1},{"not_picked":["Sucker Punch","Blade Dance"],"picked":"Acrobatics","floor":2},{"not_picked":["Skewer","Terror"],"picked":"Dagger Spray","floor":5},{"not_picked":["Endless Agony","Dagger Throw"],"picked":"Flechettes","floor":8},{"not_picked":["Blade Dance","Backflip"],"picked":"Terror","floor":10},{"not_picked":["Sucker Punch","Calculated Gamble"],"picked":"PiercingWail","floor":14}],"player_experience":2161613,"relics_obtained":[{"floor":8,"key":"Bottled Lightning"},{"floor":9,"key":"Mummified Hand"},{"floor":10,"key":"Ornamental Fan"}],"event_choices":[{"damage_healed":0,"gold_gain":75,"player_choice":"Gather Gold","damage_taken":11,"max_hp_gain":0,"max_hp_loss":0,"event_name":"World of Goop","floor":4,"gold_loss":0},{"damage_healed":0,"gold_gain":0,"cards_transformed":["Strike_G"],"player_choice":"Change","damage_taken":0,"max_hp_gain":0,"max_hp_loss":0,"event_name":"Living Wall","floor":7,"gold_loss":0,"cards_obtained":["Flying Knee"]},{"damage_healed":0,"gold_gain":0,"player_choice":"Ignored","damage_taken":0,"max_hp_gain":0,"max_hp_loss":0,"event_name":"Golden Wing","floor":11,"gold_loss":0}],"is_beta":false,"boss_relics":[],"items_purged_floors":[],"is_endless":false,"potions_floor_spawned":[1,5,8],"killed_by":"The Guardian","ascension_level":5}