{"gold_per_floor":[111,186,186,186,206,206,250,274,327,367,390,415,415,58,58,188,188,188],"floor_reached":18,"playtime":1236,"items_purged":["Accuracy"],"score":205,"play_id":"d9581b35-a6d5-4fed-b0c9-59d9297c9460","local_time":"20181227171856","is_ascension_mode":true,"campfire_choices":[{"data":"Neutralize","floor":6.0,"key":"SMITH"},{"data":"Burst","floor":13.0,"key":"SMITH"},{"floor":15.0,"key":"REST"}],"neow_cost":"NONE","seed_source_timestamp":0,"circlet_count":0,"master_deck":["Defend_G","Defend_G","Defend_G","Defend_G","Defend_G","Strike_G","Strike_G","Strike_G","Strike_G","Strike_G","Survivor","Neutralize+1","Backflip","Dagger Throw","Burst+1","Escape Plan","Dodge and Roll","Burst"],"special_seed":0,"relics":["Ring of the Serpent","NeowsBlessing","Golden Idol","Smiling Mask","Vajra","Incense Burner","Pocketwatch"],"potions_floor_usage":[],"damage_taken":[{"damage":0.0,"enemies":"Jaw Worm","floor":1.0,"turns":1.0},{"damage":0.0,"enemies":"2 Louse","floor":5.0,"turns":2.0},{"damage":0.0,"enemies":"Gremlin Nob","floor":7.0,"turns":1.0},{"damage":1.0,"enemies":"Cultist","floor":8.0,"turns":5.0},{"damage":25.0,"enemies":"3 Sentries","floor":10.0,"turns":9.0},{"damage":2.0,"enemies":"Large Slime","floor":11.0,"turns":10.0},{"damage":0.0,"enemies":"Looter","floor":12.0,"turns":3.0},{"damage":51.0,"enemies":"Hexaghost","floor":16.0,"turns":16.0},{"damage":0,"enemies":"Spheric Guardian","floor":18,"turns":3}],"seed_played":"4762388454676535532","potions_obtained":[{"floor":1.0,"key":"Fire Potion"},{"floor":8.0,"key":"Ancient Potion"},{"floor":10.0,"key":"Dexterity Potion"}],"is_trial":false,"path_per_floor":["M","?","?","?","M","R","E","M","T","E","M","M","R","$","R","B",null,"M"],"character_chosen":"THE_SILENT","items_purchased":["Pocketwatch"],"campfire_rested":1,"item_purchase_floors":[14],"current_hp_per_floor":[70,59,59,65,65,65,65,64,64,39,37,37,37,37,56,5,65,65],"gold":188,"neow_bonus":"THREE_ENEMY_KILL","is_prod":false,"is_daily":false,"chose_seed":false,"campfire_upgraded":2,"win_rate":0,"timestamp":1545952736,"path_taken":["M","?","?","?","?","R","E","M","T","E","M","M","R","$","R","BOSS","M"],"build_version":"2018-12-20","purchased_purges":1,"victory":false,"max_hp_per_floor":[70,70,65,65,65,65,65,65,65,65,65,65,65,65,65,65,65,65],"card_choices":[{"not_picked":["Endless Agony","Outmaneuver"],"picked":"Accuracy","floor":1.0},{"not_picked":["Deadly Poison","Bane"],"picked":"Accuracy","floor":5.0},{"not_picked":["Dagger Throw","Terror"],"picked":"Backflip","floor":7.0},{"not_picked":["Underhanded Strike","Deadly Poison"],"picked":"Dagger Throw","floor":8.0},{"not_picked":["Backflip","Catalyst"],"picked":"Burst","floor":10.0},{"not_picked":["Deadly Poison","Leg Sweep"],"picked":"Escape Plan","floor":11.0},{"not_picked":["Endless Agony","Calculated Gamble"],"picked":"Dodge and Roll","floor":12.0},{"not_picked":["Grand Finale","After Image"],"picked":"Burst","floor":16.0}],"player_experience":336681,"relics_obtained":[{"floor":7.0,"key":"Smiling Mask"},{"floor":9.0,"key":"Vajra"},{"floor":10.0,"key":"Incense Burner"}],"event_choices":[{"damage_healed":0.0,"max_hp_gain":0.0,"max_hp_loss":0.0,"gold_gain":75.0,"event_name":"World of Goop","player_choice":"Gather Gold","floor":2.0,"gold_loss":0.0,"damage_taken":11.0},{"damage_healed":0.0,"max_hp_gain":0.0,"max_hp_loss":5.0,"gold_gain":0.0,"event_name":"Golden Idol","player_choice":"Lose Max HP","floor":3.0,"gold_loss":0.0,"damage_taken":0.0,"relics_obtained":["Golden Idol"]},{"cards_removed":["Accuracy"],"damage_healed":6.0,"max_hp_gain":0.0,"max_hp_loss":0.0,"gold_gain":0.0,"event_name":"Bonfire Elementals","player_choice":"Offered Uncommon","floor":4.0,"gold_loss":0.0,"damage_taken":0.0}],"is_beta":false,"boss_relics":[{"not_picked":["Empty Cage","WristBlade"],"picked":"Ring of the Serpent"}],"items_purged_floors":[14],"is_endless":false,"potions_floor_spawned":[1,8,10],"killed_by":"Spheric Guardian","ascension_level":1}