{"gold_per_floor":[111,111,1,1,13,13,71,71,71,71,83,83,97,97,97,195,195,175,190,190],"floor_reached":20,"playtime":1574,"items_purged":["Strike_G"],"score":200,"play_id":"88c50704-9dc1-4374-89a1-340948d58bdf","local_time":"20180916023719","is_ascension_mode":true,"campfire_choices":[{"data":"Malaise","floor":6,"key":"SMITH"},{"floor":8,"key":"REST"},{"floor":10,"key":"REST"},{"floor":15,"key":"REST"}],"neow_cost":"NONE","seed_source_timestamp":12320661903583,"circlet_count":0,"master_deck":["Defend_G","Defend_G","Defend_G","Defend_G","Defend_G","Strike_G","Strike_G","Strike_G","Strike_G","Survivor","Neutralize","Tools of the Trade","Escape Plan","Caltrops","Malaise+1","Catalyst","PiercingWail","Acrobatics","Slice","Envenom","PiercingWail+1"],"relics":["Ring of the Snake","PreservedInsect","Tiny Chest","Bird Faced Urn","WristBlade"],"potions_floor_usage":[13,16,16],"damage_taken":[{"damage":0,"enemies":"Small Slimes","floor":1,"turns":4},{"damage":0,"enemies":"2 Louse","floor":5,"turns":3},{"damage":47,"enemies":"3 Sentries","floor":7,"turns":12},{"damage":1,"enemies":"Cultist","floor":11,"turns":5},{"damage":25,"enemies":"Exordium Thugs","floor":13,"turns":5},{"damage":10,"enemies":"2 Fungi Beasts","floor":14,"turns":5},{"damage":29,"enemies":"The Guardian","floor":16,"turns":16},{"damage":19,"enemies":"2 Thieves","floor":18,"turns":5},{"damage":5,"enemies":"3 Byrds","floor":19,"turns":5},{"damage":65,"enemies":"Cultist and Chosen","floor":20,"turns":7}],"seed_played":"-4009915430159786313","potions_obtained":[{"floor":1,"key":"FearPotion"},{"floor":5,"key":"Poison Potion"},{"floor":11,"key":"Strength Potion"},{"floor":16,"key":"Dexterity Potion"},{"floor":19,"key":"Dexterity Potion"}],"is_trial":false,"path_per_floor":["M","?","$","$","M","R","E","R","T","R","M","$","M","M","R","B",null,"M","M"],"character_chosen":"THE_SILENT","items_purchased":["Caltrops"],"campfire_rested":3,"item_purchase_floors":[3],"current_hp_per_floor":[70,58,58,58,58,58,11,32,32,53,56,56,35,27,48,23,70,53,52,0],"gold":190,"neow_bonus":"ONE_RANDOM_RARE_CARD","is_prod":false,"is_daily":false,"chose_seed":false,"campfire_upgraded":1,"win_rate":0,"timestamp":1537079839,"path_taken":["M","?","?","$","M","R","E","R","T","R","M","$","M","?","R","BOSS","M","M","M"],"build_version":"2018-09-06","purchased_purges":1,"victory":false,"max_hp_per_floor":[70,70,70,70,70,70,70,70,70,70,70,70,70,70,70,70,70,70,70,70],"card_choices":[{"not_picked":["Bane","Poisoned Stab"],"picked":"Escape Plan","floor":1},{"not_picked":["Dagger Spray","Dash"],"picked":"Malaise","floor":5},{"not_picked":["Bane","Tactician"],"picked":"Catalyst","floor":7},{"not_picked":["Deflect","Blade Dance"],"picked":"PiercingWail","floor":11},{"not_picked":["Bane","All Out Attack"],"picked":"Acrobatics","floor":13},{"not_picked":["Acrobatics","Outmaneuver"],"picked":"Slice","floor":14},{"not_picked":["Grand Finale","Burst"],"picked":"Envenom","floor":16},{"not_picked":["Acrobatics","Dagger Throw","Deadly Poison"],"picked":"SKIP","floor":18},{"not_picked":["Heel Hook+1","Prepared"],"picked":"PiercingWail+1","floor":19}],"player_experience":848842,"relics_obtained":[{"floor":7,"key":"Tiny Chest"},{"floor":9,"key":"Bird Faced Urn"}],"event_choices":[{"event_name":"Scrap Ooze","player_choice":"success","floor":2,"damage_taken":12}],"is_beta":false,"boss_relics":[{"not_picked":["Busted Crown","Sozu"],"picked":"WristBlade"}],"items_purged_floors":[3],"is_endless":false,"potions_floor_spawned":[1,5,11,16,19],"killed_by":"Cultist and Chosen","ascension_level":3}