{"gold_per_floor":[114,114,138,138,148,148,175,188,188,188,188,188,188,207,207,303,303,323,323,63,74,124,124],"floor_reached":23,"playtime":1253,"items_purged":[],"score":196,"play_id":"4341ddfc-bfc6-4b54-b4d6-775d7d4f0abd","local_time":"20181219000644","is_ascension_mode":true,"campfire_choices":[{"floor":6,"key":"RECALL"},{"data":"Zap","floor":10,"key":"SMITH"},{"floor":13,"key":"REST"},{"data":"Hologram","floor":15,"key":"SMITH"}],"neow_cost":"CURSE","seed_source_timestamp":343193149892210,"circlet_count":0,"master_deck":["Strike_B","Strike_B+1","Strike_B","Defend_B","Defend_B","Defend_B","Defend_B","Zap+1","Dualcast","Master of Strategy","Dark Shackles+1","Gash","Seek","Hologram+1","Parasite","Conserve Battery","Electrodynamics","Conserve Battery","Multi-Cast","Defragment","Bandage Up","Glacier"],"relics":["FrozenCore","Ornamental Fan","FossilizedHelix","SsserpentHead"],"potions_floor_usage":[7,14,21,23],"damage_taken":[{"damage":4,"enemies":"Cultist","floor":1,"turns":3},{"damage":6,"enemies":"Jaw Worm","floor":5,"turns":4},{"damage":26,"enemies":"Gremlin Nob","floor":7,"turns":4},{"damage":0,"enemies":"2 Louse","floor":8,"turns":2},{"damage":2,"enemies":"Large Slime","floor":14,"turns":4},{"damage":24,"enemies":"The Guardian","floor":16,"turns":12},{"damage":1,"enemies":"Spheric Guardian","floor":18,"turns":5},{"damage":10,"enemies":"2 Thieves","floor":21,"turns":4},{"damage":73,"enemies":"Gremlin Leader","floor":23,"turns":7}],"seed_played":"7927319243528961848","potions_obtained":[{"floor":1,"key":"AttackPotion"},{"floor":8,"key":"Regen Potion"},{"floor":14,"key":"FearPotion"},{"floor":16,"key":"PowerPotion"}],"is_trial":false,"path_per_floor":["M","?","T","?","M","R","E","M","T","R","?","?","R","M","R","B",null,"M","?","$","M","?","E"],"character_chosen":"DEFECT","items_purchased":["Multi-Cast","Defragment","Bandage Up"],"campfire_rested":1,"item_purchase_floors":[20,20,20],"current_hp_per_floor":[71,71,71,64,58,58,32,32,32,32,17,35,57,67,67,43,75,74,74,74,68,68,0],"gold":124,"neow_bonus":"RANDOM_COLORLESS_2","is_prod":false,"is_daily":false,"chose_seed":false,"campfire_upgraded":2,"win_rate":0,"timestamp":1545196004,"path_taken":["M","?","?","?","?","R","E","M","T","R","?","?","R","M","R","BOSS","M","?","?","M","?","E"],"build_version":"2018-12-13","purchased_purges":0,"victory":false,"max_hp_per_floor":[75,75,75,75,75,75,75,75,75,75,75,75,75,75,75,75,75,75,75,75,75,75,75],"card_choices":[{"not_picked":["Turbo","BootSequence"],"picked":"Gash","floor":1},{"not_picked":["Ball Lightning","Compile Driver","Force Field"],"picked":"SKIP","floor":5},{"not_picked":["Steam","Turbo"],"picked":"Seek","floor":7},{"not_picked":["Reinforced Body","Redo"],"picked":"Hologram","floor":8},{"not_picked":["Coolheaded","Beam Cell"],"picked":"Conserve Battery","floor":14},{"not_picked":["Core Surge","Reboot"],"picked":"Electrodynamics","floor":16},{"not_picked":["Streamline+1","Consume+1"],"picked":"Conserve Battery","floor":18},{"not_picked":["White Noise","Doom and Gloom"],"picked":"Glacier","floor":21}],"player_experience":141692,"relics_obtained":[{"floor":7,"key":"Ornamental Fan"},{"floor":9,"key":"FossilizedHelix"}],"event_choices":[{"cards_removed":["Pain"],"damage_healed":0,"gold_gain":0,"player_choice":"Forget","damage_taken":0,"max_hp_gain":0,"max_hp_loss":0,"event_name":"Living Wall","floor":2,"gold_loss":0},{"cards_removed":["Strike_B"],"damage_healed":0,"gold_gain":0,"player_choice":"Card Removal","damage_taken":7,"max_hp_gain":0,"max_hp_loss":0,"event_name":"Golden Wing","floor":4,"gold_loss":0},{"damage_healed":0,"gold_gain":0,"player_choice":"Entered Light","damage_taken":15,"max_hp_gain":0,"max_hp_loss":0,"event_name":"Shining Light","floor":11,"gold_loss":0,"cards_upgraded":["Dark Shackles","Strike_B"]},{"damage_healed":18,"gold_gain":0,"player_choice":"Healed and dodged fight","damage_taken":0,"max_hp_gain":0,"max_hp_loss":0,"event_name":"Mushrooms","floor":12,"gold_loss":0,"cards_obtained":["Parasite"]},{"damage_healed":0,"gold_gain":0,"player_choice":"Trade","damage_taken":0,"relics_obtained":["SsserpentHead"],"max_hp_gain":0,"max_hp_loss":0,"event_name":"FaceTrader","floor":19,"gold_loss":0},{"damage_healed":0,"gold_gain":0,"player_choice":"Ignored","damage_taken":0,"max_hp_gain":0,"max_hp_loss":0,"event_name":"N\u0027loth","floor":22,"gold_loss":0}],"is_beta":false,"boss_relics":[{"not_picked":["Sozu","Velvet Choker"],"picked":"FrozenCore"}],"items_purged_floors":[],"is_endless":false,"potions_floor_spawned":[1,8,14,16],"killed_by":"Gremlin Leader","ascension_level":1}