{"gold_per_floor":[20,37,37,37,47,47,72,72,72,72,72,92,108,127,127,127],"floor_reached":16,"playtime":539,"items_purged":[],"score":173,"play_id":"6b00aa04-305a-410d-ae3f-ac4d4b0efa06","local_time":"20190417095802","is_ascension_mode":true,"campfire_choices":[{"data":"Creative AI","floor":6,"key":"SMITH"},{"floor":10,"key":"REST"},{"floor":15,"key":"REST"}],"neow_cost":"NO_GOLD","seed_source_timestamp":44687665772200,"circlet_count":0,"master_deck":["AscendersBane","Strike_B","Strike_B","Strike_B","Strike_B","Defend_B","Defend_B","Defend_B","Defend_B","Zap","Dualcast","Genetic Algorithm","Leap","Regret","Creative AI+1","Melter","Parasite","Conserve Battery","Sweeping Beam","Core Surge","Conserve Battery","Coolheaded"],"relics":["Cracked Core","Unceasing Top","The Courier","Gremlin Horn","Dream Catcher","Boot"],"potions_floor_usage":[7,14,16],"damage_taken":[{"damage":11,"enemies":"Small Slimes","floor":1,"turns":3},{"damage":3,"enemies":"2 Louse","floor":2,"turns":3},{"damage":4,"enemies":"Cultist","floor":5,"turns":4},{"damage":43,"enemies":"Gremlin Nob","floor":7,"turns":6},{"damage":21,"enemies":"3 Louse","floor":12,"turns":5},{"damage":9,"enemies":"Red Slaver","floor":13,"turns":4},{"damage":0,"enemies":"Blue Slaver","floor":14,"turns":3},{"damage":29,"enemies":"Slime Boss","floor":16,"turns":4}],"seed_played":"-3001521144051873805","potions_obtained":[{"floor":2,"key":"Energy Potion"},{"floor":7,"key":"Dexterity Potion"},{"floor":13,"key":"FocusPotion"}],"is_trial":false,"path_per_floor":["M","M","$","?","M","R","E","?","T","R","?","M","M","M","R","B"],"character_chosen":"DEFECT","items_purchased":[],"campfire_rested":2,"item_purchase_floors":[],"current_hp_per_floor":[53,50,50,50,46,46,3,20,20,41,34,13,4,4,25,0],"gold":127,"neow_bonus":"ONE_RARE_RELIC","is_prod":false,"is_daily":false,"chose_seed":false,"campfire_upgraded":1,"win_rate":0,"timestamp":1555509482,"path_taken":["M","M","$","?","M","R","E","?","T","R","?","M","M","M","R","BOSS"],"build_version":"2019-01-23","purchased_purges":0,"victory":false,"max_hp_per_floor":[71,71,71,71,71,71,71,71,71,71,71,71,71,71,71,71],"card_choices":[{"not_picked":["Compile Driver","Skim"],"picked":"Genetic Algorithm","floor":1},{"not_picked":["Cold Snap","Compile Driver"],"picked":"Leap","floor":2},{"not_picked":["Consume","Conserve Battery"],"picked":"Creative AI","floor":5},{"not_picked":["Go for the Eyes","Skim"],"picked":"Melter","floor":7},{"not_picked":["Beam Cell","Gash"],"picked":"Conserve Battery","floor":10},{"not_picked":["Hologram","Gash"],"picked":"Sweeping Beam","floor":12},{"not_picked":["Gash","Rip and Tear"],"picked":"Core Surge","floor":13},{"not_picked":["Coolheaded","Cold Snap"],"picked":"Conserve Battery","floor":14},{"not_picked":["Barrage","Conserve Battery"],"picked":"Coolheaded","floor":15}],"player_experience":2764808,"relics_obtained":[{"floor":7,"key":"Gremlin Horn"},{"floor":9,"key":"Dream Catcher"}],"event_choices":[{"damage_healed":0,"gold_gain":0,"player_choice":"Box","damage_taken":0,"relics_obtained":["The Courier"],"max_hp_gain":0,"max_hp_loss":0,"event_name":"Big Fish","floor":4,"gold_loss":0,"cards_obtained":["Regret"]},{"damage_healed":17,"gold_gain":0,"player_choice":"Healed and dodged fight","damage_taken":0,"max_hp_gain":0,"max_hp_loss":0,"event_name":"Mushrooms","floor":8,"gold_loss":0,"cards_obtained":["Parasite"]},{"damage_healed":0,"gold_gain":0,"player_choice":"Success","damage_taken":7,"relics_obtained":["Boot"],"max_hp_gain":0,"max_hp_loss":0,"event_name":"Scrap Ooze","floor":11,"gold_loss":0}],"is_beta":false,"boss_relics":[],"items_purged_floors":[],"is_endless":false,"potions_floor_spawned":[2,7,13],"killed_by":"Slime Boss","ascension_level":14}