{"gold_per_floor":[362,437,454,473,28,28,28,28,28,44,44,59,59,84,84,185,185,201,201,28,28,28,28],"floor_reached":23,"playtime":1085,"items_purged":["Strike_B","Defend_B"],"score":276,"play_id":"cd51a778-3cbf-4e5c-b045-af8c63e0e68d","local_time":"20190126003009","is_ascension_mode":true,"campfire_choices":[{"data":"Zap","floor":6,"key":"SMITH"},{"floor":8,"key":"REST"},{"data":"Self Repair","floor":13,"key":"SMITH"},{"data":"Tempest","floor":15,"key":"SMITH"}],"neow_cost":"PERCENT_DAMAGE","seed_source_timestamp":718826294830142,"circlet_count":0,"master_deck":["Strike_B","Strike_B","Strike_B","Defend_B","Defend_B","Defend_B+1","Zap+1","Dualcast+1","Loop","Coolheaded","Tempest+1","Loop","Self Repair+1","Beam Cell","Rebound","Buffer","Necronomicurse","Mind Blast","Glacier","Shame"],"relics":["Cracked Core","Membership Card","Tiny Chest","Gremlin Horn","FossilizedHelix","Anchor","Busted Crown","Necronomicon","DataDisk","Orichalcum"],"potions_floor_usage":[14,14],"damage_taken":[{"damage":7,"enemies":"Jaw Worm","floor":1,"turns":3},{"damage":2,"enemies":"2 Louse","floor":3,"turns":3},{"damage":0,"enemies":"Small Slimes","floor":4,"turns":4},{"damage":11,"enemies":"Looter","floor":10,"turns":4},{"damage":0,"enemies":"2 Fungi Beasts","floor":12,"turns":4},{"damage":0,"enemies":"3 Sentries","floor":14,"turns":6},{"damage":32,"enemies":"The Guardian","floor":16,"turns":11},{"damage":0,"enemies":"Chosen","floor":18,"turns":5},{"damage":73,"enemies":"Gremlin Leader","floor":23,"turns":8}],"seed_played":"6683169502250127709","potions_obtained":[{"floor":1,"key":"PowerPotion"},{"floor":12,"key":"SkillPotion"}],"is_trial":false,"path_per_floor":["M","?","M","M","$","R","?","R","T","M","?","M","R","E","R","B",null,"M","?","$","?","?","E"],"character_chosen":"DEFECT","items_purchased":["Membership Card","Tiny Chest","Gremlin Horn","Loop","DataDisk","Mind Blast"],"campfire_rested":1,"item_purchase_floors":[5,5,5,5,20,20],"current_hp_per_floor":[43,32,30,30,30,30,30,52,52,41,26,33,33,43,43,21,62,72,56,56,56,56,0],"gold":28,"neow_bonus":"TWO_FIFTY_GOLD","is_prod":false,"is_daily":false,"chose_seed":false,"campfire_upgraded":3,"win_rate":0,"timestamp":1548480609,"path_taken":["M","?","M","M","$","R","?","R","T","M","?","M","R","E","R","BOSS","M","?","$","?","?","E"],"build_version":"2019-01-23","purchased_purges":2,"victory":false,"max_hp_per_floor":[75,75,75,75,75,75,75,75,75,75,75,75,75,75,75,75,75,75,75,75,75,75,75],"card_choices":[{"not_picked":["Skim","Barrage"],"picked":"Loop","floor":1},{"not_picked":["Force Field","Leap"],"picked":"Coolheaded","floor":3},{"not_picked":["Compile Driver","Redo"],"picked":"Tempest","floor":4},{"not_picked":["Coolheaded","Scrape"],"picked":"Self Repair","floor":10},{"not_picked":["Ball Lightning","Turbo"],"picked":"Beam Cell","floor":12},{"not_picked":["Meteor Strike","Barrage"],"picked":"Rebound","floor":14},{"not_picked":["Biased Cognition","Reboot"],"picked":"Buffer","floor":16},{"not_picked":["Coolheaded"],"picked":"SKIP","floor":18}],"player_experience":489133,"relics_obtained":[{"floor":9,"key":"FossilizedHelix"},{"floor":14,"key":"Anchor"},{"floor":19,"key":"Necronomicon"}],"event_choices":[{"damage_healed":0,"gold_gain":75,"player_choice":"Gather Gold","damage_taken":11,"max_hp_gain":0,"max_hp_loss":0,"event_name":"World of Goop","floor":2,"gold_loss":0},{"damage_healed":0,"gold_gain":0,"player_choice":"Leave","damage_taken":0,"max_hp_gain":0,"max_hp_loss":0,"event_name":"The Cleric","floor":7,"gold_loss":0},{"damage_healed":0,"gold_gain":0,"player_choice":"Entered Light","damage_taken":15,"max_hp_gain":0,"max_hp_loss":0,"event_name":"Shining Light","floor":11,"gold_loss":0,"cards_upgraded":["Defend_B","Dualcast"]},{"damage_healed":0,"gold_gain":0,"player_choice":"Obtained Book","damage_taken":16,"max_hp_gain":0,"max_hp_loss":0,"event_name":"Cursed Tome","floor":19,"gold_loss":0},{"damage_healed":0,"gold_gain":0,"player_choice":"Read","damage_taken":0,"max_hp_gain":0,"max_hp_loss":0,"event_name":"The Library","floor":21,"gold_loss":0,"cards_obtained":["Glacier"]},{"damage_healed":0,"gold_gain":0,"player_choice":"Stole Relic","damage_taken":0,"relics_obtained":["Orichalcum"],"max_hp_gain":0,"max_hp_loss":0,"event_name":"Addict","floor":22,"gold_loss":0,"cards_obtained":["Shame"]}],"is_beta":false,"boss_relics":[{"not_picked":["Snecko Eye","Philosopher\u0027s Stone"],"picked":"Busted Crown"}],"items_purged_floors":[5,20],"is_endless":false,"potions_floor_spawned":[1,12],"killed_by":"Gremlin Leader","ascension_level":6}