{"gold_per_floor":[363,382,307,326,338,338,367,395,456,480,492,520,532,555,567,675,687,712,705,420,420],"floor_reached":21,"playtime":1884,"items_purged":["Strike_G","Strike_G"],"score":213,"play_id":"e8e8a1ed-2d45-49d6-a649-192e3e220402","local_time":"20180916065243","is_ascension_mode":true,"campfire_choices":[{"data":"Footwork","floor":6,"key":"SMITH"},{"floor":13,"key":"REST"},{"floor":15,"key":"REST"}],"neow_cost":"CURSE","seed_source_timestamp":27338501667489,"circlet_count":0,"master_deck":["Defend_G","Defend_G","Defend_G","Defend_G","Defend_G","Strike_G","Strike_G","Strike_G","Survivor","Neutralize","Writhe","Underhanded Strike","PiercingWail","Footwork+1","Sucker Punch","Backflip","Backflip","Dodge and Roll","Die Die Die","Dash","Flying Knee"],"relics":["Ring of the Snake","MawBank","Anchor","Matryoshka","Eternal Feather","HandDrill"],"potions_floor_usage":[7,7,16,19,19],"damage_taken":[{"damage":2,"enemies":"2 Louse","floor":1,"turns":3},{"damage":3,"enemies":"Jaw Worm","floor":2,"turns":4},{"damage":7,"enemies":"Cultist","floor":4,"turns":6},{"damage":0,"enemies":"Blue Slaver","floor":5,"turns":7},{"damage":14,"enemies":"Lagavulin","floor":7,"turns":11},{"damage":3,"enemies":"2 Fungi Beasts","floor":8,"turns":5},{"damage":0,"enemies":"Large Slime","floor":10,"turns":8},{"damage":13,"enemies":"Exordium Thugs","floor":12,"turns":7},{"damage":0,"enemies":"Exordium Wildlife","floor":14,"turns":6},{"damage":25,"enemies":"The Guardian","floor":16,"turns":25},{"damage":34,"enemies":"Chosen","floor":18,"turns":11},{"damage":4,"enemies":"2 Thieves","floor":19,"turns":4},{"damage":52,"enemies":"Centurion and Healer","floor":21,"turns":13}],"seed_played":"3631322412195220070","potions_obtained":[{"floor":1,"key":"EssenceOfSteel"},{"floor":2,"key":"LiquidBronze"},{"floor":8,"key":"Ancient Potion"},{"floor":10,"key":"Strength Potion"},{"floor":18,"key":"Strength Potion"}],"is_trial":false,"path_per_floor":["M","M","$","M","M","R","E","M","T","M","?","M","R","M","R","B",null,"M","M","$"],"character_chosen":"THE_SILENT","items_purchased":["HandDrill"],"campfire_rested":2,"item_purchase_floors":[20],"current_hp_per_floor":[68,65,65,58,58,58,44,41,41,41,34,21,42,42,63,38,70,36,32,32,0],"gold":420,"neow_bonus":"TWO_FIFTY_GOLD","is_prod":false,"is_daily":false,"chose_seed":false,"campfire_upgraded":1,"win_rate":0,"timestamp":1537095163,"path_taken":["M","M","$","M","M","R","E","M","T","M","?","M","R","M","R","BOSS","M","M","$","M"],"build_version":"2018-09-06","purchased_purges":2,"victory":false,"max_hp_per_floor":[70,70,70,70,70,70,70,70,70,70,70,70,70,70,70,70,70,70,70,70,70],"card_choices":[{"not_picked":["Escape Plan","Backflip"],"picked":"Underhanded Strike","floor":1},{"not_picked":["Accuracy","Dodge and Roll"],"picked":"PiercingWail","floor":2},{"not_picked":["Deadly Poison","Blade Dance"],"picked":"Footwork","floor":4},{"not_picked":["Blade Dance","Slice"],"picked":"Sucker Punch","floor":5},{"not_picked":["Flying Knee","Calculated Gamble","Bullet Time"],"picked":"SKIP","floor":7},{"not_picked":["Infinite Blades","Flechettes"],"picked":"Backflip","floor":8},{"not_picked":["Deflect","Heel Hook","Deadly Poison"],"picked":"SKIP","floor":10},{"not_picked":["Bane","Cloak And Dagger"],"picked":"Backflip","floor":12},{"not_picked":["Deadly Poison","Reflex"],"picked":"Dodge and Roll","floor":14},{"not_picked":["Glass Knife","Night Terror"],"picked":"Die Die Die","floor":16},{"not_picked":["Blade Dance","Deflect"],"picked":"Dash","floor":18},{"not_picked":["Quick Slash","Dagger Throw"],"picked":"Flying Knee","floor":19}],"player_experience":854655,"relics_obtained":[{"floor":7,"key":"MawBank"},{"floor":9,"key":"Anchor"}],"event_choices":[{"event_name":"Scrap Ooze","player_choice":"success","floor":11,"damage_taken":7}],"is_beta":false,"boss_relics":[{"not_picked":["Sozu","Runic Pyramid"],"picked":"Eternal Feather"}],"items_purged_floors":[3,20],"is_endless":false,"potions_floor_spawned":[1,2,8,10,18],"killed_by":"Centurion and Healer","ascension_level":3}