{"gold_per_floor":[110,110,35,35,0,0,30,30,77,77,77,93,121,131,131,230,230,249,249,267,283,233,233,183,183,183,133,150,166,176,126,126,126],"floor_reached":33,"playtime":858,"items_purged":["Strike_R","Strike_R","Defend_R","Strike_R","Defend_R+1"],"score":253,"play_id":"12a35364-852d-403a-a01c-4de90f18f4b5","local_time":"20190522103432","is_ascension_mode":false,"campfire_choices":[{"data":"Bash","floor":6.0,"key":"SMITH"},{"floor":8.0,"key":"REST"},{"floor":11.0,"key":"REST"},{"data":"Clash","floor":15.0,"key":"SMITH"},{"data":"Panacea","floor":23.0,"key":"SMITH"},{"floor":25.0,"key":"REST"},{"data":"Shrug It Off","floor":32,"key":"SMITH"}],"neow_cost":"NONE","seed_source_timestamp":510035983334871,"circlet_count":0,"master_deck":["Strike_R","Defend_R+1","Bash+1","Panacea+1","Clash+1","Shrug It Off+1"],"special_seed":0,"relics":["Burning Blood","Dream Catcher","Smiling Mask","Dodecahedron","White Beast Statue","Mummified Hand"],"potions_floor_usage":[29,33,33,33],"damage_taken":[{"damage":1.0,"enemies":"Jaw Worm","floor":1.0,"turns":4.0},{"damage":56.0,"enemies":"Lagavulin","floor":7.0,"turns":8.0},{"damage":6.0,"enemies":"2 Louse","floor":12.0,"turns":3.0},{"damage":39.0,"enemies":"3 Sentries","floor":13.0,"turns":11.0},{"damage":0.0,"enemies":"Small Slimes","floor":14.0,"turns":3.0},{"damage":47.0,"enemies":"Slime Boss","floor":16.0,"turns":18.0},{"damage":9.0,"enemies":"Shell Parasite","floor":18.0,"turns":6.0},{"damage":4.0,"enemies":"Chosen","floor":20.0,"turns":4.0},{"damage":13.0,"enemies":"3 Cultists","floor":21.0,"turns":5.0},{"damage":0.0,"enemies":"Centurion and Healer","floor":28.0,"turns":6.0},{"damage":7,"enemies":"Snecko","floor":29,"turns":3},{"damage":0,"enemies":"Snake Plant","floor":30,"turns":4},{"damage":95,"enemies":"Automaton","floor":33,"turns":14}],"seed_played":"1504591570487524269","potions_obtained":[{"floor":16.0,"key":"Regen Potion"},{"floor":18.0,"key":"EssenceOfSteel"},{"floor":20.0,"key":"AttackPotion"},{"floor":21.0,"key":"Regen Potion"},{"floor":28.0,"key":"SkillPotion"},{"floor":29,"key":"Dexterity Potion"}],"is_trial":false,"path_per_floor":["M","?","$","?","?","R","E","R","T","?","R","M","E","M","R","B",null,"M","?","M","M","$","R","$","R","T","$","M","M","M","$","R","B"],"character_chosen":"IRONCLAD","items_purchased":[],"campfire_rested":3,"item_purchase_floors":[],"current_hp_per_floor":[80,64,64,57,77,77,27,51,51,51,75,75,42,48,48,7,80,77,62,64,57,57,57,57,82,82,82,85,84,85,85,85,0],"gold":126,"neow_bonus":"RANDOM_COLORLESS","is_prod":false,"is_daily":false,"chose_seed":false,"campfire_upgraded":4,"win_rate":0,"timestamp":1558492472,"path_taken":["M","?","$","?","?","R","E","R","T","?","R","M","E","M","R","BOSS","M","?","M","M","$","R","?","R","T","$","M","M","?","?","R","BOSS"],"build_version":"2019-01-23","purchased_purges":5,"victory":false,"max_hp_per_floor":[80,80,80,80,80,80,80,80,80,80,80,80,80,80,80,80,80,80,85,85,85,85,85,85,85,85,85,85,85,85,85,85,85],"card_choices":[{"not_picked":["Blood for Blood","Ghostly Armor","Flex"],"picked":"SKIP","floor":1.0},{"not_picked":["Anger","Armaments","Rage"],"picked":"SKIP","floor":7.0},{"not_picked":["Rupture","Havoc","Warcry"],"picked":"SKIP","floor":12.0},{"not_picked":["Barricade","Corruption"],"picked":"Clash","floor":13.0},{"not_picked":["Armaments","Warcry","Dual Wield"],"picked":"SKIP","floor":14.0},{"not_picked":["Flex+1","Perfected Strike","Twin Strike+1"],"picked":"SKIP","floor":18.0},{"not_picked":["Wild Strike","Flame Barrier+1","Clash"],"picked":"SKIP","floor":20.0},{"not_picked":["Body Slam","Pommel Strike","Anger"],"picked":"SKIP","floor":21.0},{"not_picked":["Warcry","Wild Strike","Combust"],"picked":"SKIP","floor":28.0},{"not_picked":["Heavy Blade","Combust+1"],"picked":"Shrug It Off","floor":29},{"not_picked":["Wild Strike","Spot Weakness+1","Brutality"],"picked":"SKIP","floor":30}],"player_experience":562165,"relics_obtained":[{"floor":7.0,"key":"Dream Catcher"},{"floor":9.0,"key":"Smiling Mask"},{"floor":13.0,"key":"Dodecahedron"},{"floor":26.0,"key":"Mummified Hand"}],"event_choices":[{"damage_healed":0.0,"max_hp_gain":0.0,"max_hp_loss":0.0,"gold_gain":0.0,"event_name":"Shining Light","player_choice":"Entered Light","floor":2.0,"gold_loss":0.0,"damage_taken":16.0,"cards_upgraded":["Defend_R","Defend_R"]},{"cards_removed":["Defend_R"],"damage_healed":0.0,"max_hp_gain":0.0,"max_hp_loss":0.0,"gold_gain":0.0,"event_name":"Golden Wing","player_choice":"Card Removal","floor":4.0,"gold_loss":0.0,"damage_taken":7.0},{"damage_healed":20.0,"max_hp_gain":0.0,"max_hp_loss":0.0,"gold_gain":0.0,"event_name":"The Cleric","player_choice":"Healed","floor":5.0,"gold_loss":35.0,"damage_taken":0.0},{"cards_removed":["Strike_R"],"damage_healed":0.0,"max_hp_gain":0.0,"max_hp_loss":0.0,"gold_gain":0.0,"event_name":"Purifier","player_choice":"Purged","floor":10.0,"gold_loss":0.0,"damage_taken":0.0},{"damage_healed":0.0,"max_hp_gain":5.0,"max_hp_loss":0.0,"gold_gain":0.0,"event_name":"Forgotten Altar","player_choice":"Shed Blood","floor":19.0,"gold_loss":0.0,"damage_taken":20.0}],"is_beta":false,"boss_relics":[{"not_picked":["Lizard Tail","Calling Bell"],"picked":"White Beast Statue"}],"items_purged_floors":[3,22,24,27,31],"is_endless":false,"potions_floor_spawned":[16,18,20,21,28,29,30],"killed_by":"Automaton","ascension_level":0}