{"path_per_floor":["M","?","M","$","M","E","M","E","T","E","R","$","M","M","R","B",null,"M","?","?","M","$","R","M","E","T","M","$","?","R","M","R","B",null,"M","M","?","M","$","E","R","?","T","?","M","$","R","E","R","B"],"character_chosen":"IRONCLAD","items_purchased":["Metallicize","Lee\u0027s Waffle"],"gold_per_floor":[212,212,230,121,138,167,177,208,208,233,233,133,152,170,170,271,271,288,288,320,339,10,10,23,48,129,148,148,148,148,168,168,268,268,278,294,294,306,156,181,181,181,204,249,259,84,84,115,115,115],"floor_reached":51,"campfire_rested":4,"playtime":3989,"item_purchase_floors":[4,22],"current_hp_per_floor":[80,62,62,62,68,35,37,24,24,18,18,18,23,28,52,22,80,67,51,49,28,87,87,55,24,24,13,13,13,39,45,71,20,87,80,78,78,75,75,69,69,69,69,69,70,70,70,47,74,35],"items_purged":["Strike_R","Defend_R","Defend_R","Defend_R","Havoc"],"gold":115,"score":864,"play_id":"5e7d8679-8b5a-457d-9e15-88b1c75c5503","local_time":"20180607150718","is_prod":false,"is_daily":false,"chose_seed":false,"is_ascension_mode":true,"campfire_upgraded":4,"win_rate":0,"timestamp":1528376838,"campfire_choices":[{"data":"Barricade","floor":11,"key":"SMITH"},{"floor":15,"key":"REST"},{"data":"Rage","floor":23,"key":"SMITH"},{"floor":30,"key":"REST"},{"floor":32,"key":"REST"},{"data":"Juggernaut","floor":41,"key":"SMITH"},{"data":"Offering","floor":47,"key":"SMITH"},{"floor":49,"key":"REST"}],"path_taken":["M","?","?","$","M","E","M","E","T","E","R","$","M","?","R","BOSS","M","?","?","M","$","R","M","E","T","M","$","?","R","M","R","BOSS","M","M","?","M","$","E","R","?","T","?","?","$","R","E","R","BOSS"],"build_version":"2018-05-31","seed_source_timestamp":1873143961447695,"purchased_purges":5,"victory":true,"master_deck":["Strike_R","Strike_R","Strike_R","Strike_R","Bash","Metallicize","Cleave","Rage+1","Barricade+1","Iron Wave","Juggernaut+1","Anger","Twin Strike+1","Iron Wave+1","Ghostly Armor","Offering+1","Shockwave+1","Metallicize","Warcry+1","Demon Form","Clash+1"],"max_hp_per_floor":[80,80,80,80,80,80,80,80,80,80,80,80,80,80,80,80,80,80,80,80,80,87,87,87,87,87,87,87,87,87,87,87,87,87,87,87,87,87,87,87,87,87,87,89,89,89,89,91,91,91],"relics":["Burning Blood","Pen Nib","Mummified Hand","Bottled Flame","Toolbox","Bronze Scales","Philosopher\u0027s Stone","Nilry\u0027s Codex","Red Mask","Lee\u0027s Waffle","Matryoshka","Dream Catcher","Dodecahedron","Sozu","Anchor","Question Card","Singing Bowl","Ginger","Happy Flower"],"card_choices":[{"not_picked":["Fire Breathing","Reckless Charge","Flex"],"picked":"SKIP","floor":1},{"not_picked":["Bloodletting","Combust"],"picked":"Havoc","floor":3},{"not_picked":["Heavy Blade","Searing Blow"],"picked":"Cleave","floor":5},{"not_picked":["Wild Strike","Warcry"],"picked":"Rage","floor":6},{"not_picked":["Body Slam","Havoc"],"picked":"Barricade","floor":7},{"not_picked":["True Grit","Searing Blow","Thunderclap"],"picked":"SKIP","floor":8},{"not_picked":["Sword Boomerang","Shrug It Off"],"picked":"Iron Wave","floor":10},{"not_picked":["Hemokinesis","Havoc"],"picked":"Warcry","floor":13},{"not_picked":["Inflame","Body Slam","Clothesline"],"picked":"SKIP","floor":14},{"not_picked":["Double Tap","Reaper"],"picked":"Juggernaut","floor":16},{"not_picked":["Clothesline","Reckless Charge"],"picked":"Anger","floor":18},{"not_picked":["Headbutt","Shrug It Off"],"picked":"Twin Strike+1","floor":20},{"not_picked":["Clothesline","Sword Boomerang","Brutality"],"picked":"SKIP","floor":21},{"not_picked":["Headbutt","Second Wind","Armaments"],"picked":"SKIP","floor":24},{"not_picked":["Shrug It Off+1","Fire Breathing","Corruption+1"],"picked":"SKIP","floor":25},{"not_picked":["Twin Strike","Heavy Blade","Dropkick"],"picked":"SKIP","floor":27},{"not_picked":["Hemokinesis","Twin Strike+1"],"picked":"Iron Wave+1","floor":30},{"not_picked":["Heavy Blade","Evolve"],"picked":"Ghostly Armor","floor":31},{"not_picked":["Reaper","Immolate"],"picked":"Offering","floor":33},{"not_picked":["Anger+1","Disarm+1"],"picked":"Shockwave+1","floor":35},{"not_picked":["Body Slam","Combust+1","Cleave"],"picked":"SKIP","floor":36},{"not_picked":["Searing Blow","Sever Soul+1","Fire Breathing"],"picked":"SKIP","floor":38},{"not_picked":["Shrug It Off+1","Pommel Strike"],"picked":"Warcry+1","floor":40},{"not_picked":["Power Through","Armaments","Shrug It Off","Twin Strike"],"picked":"Singing Bowl","floor":44},{"not_picked":["Sever Soul","Corruption","Uppercut+1"],"picked":"Demon Form","floor":45},{"not_picked":["Clothesline+1","Second Wind","Twin Strike+1","Uppercut+1"],"picked":"Singing Bowl","floor":48},{"not_picked":["Whirlwind","Searing Blow","Sever Soul"],"picked":"Clash+1","floor":49}],"player_experience":231994,"potions_floor_usage":[8,10,16,16,18,21,33,33,50],"damage_taken":[{"damage":1,"enemies":"Cultist","floor":1,"turns":3},{"damage":6,"enemies":"2 Louse","floor":3,"turns":3},{"damage":0,"enemies":"Small Slimes","floor":5,"turns":4},{"damage":39,"enemies":"Gremlin Nob","floor":6,"turns":5},{"damage":4,"enemies":"Blue Slaver","floor":7,"turns":3},{"damage":19,"enemies":"Lagavulin","floor":8,"turns":8},{"damage":12,"enemies":"3 Sentries","floor":10,"turns":7},{"damage":1,"enemies":"Red Slaver","floor":13,"turns":3},{"damage":1,"enemies":"3 Louse","floor":14,"turns":2},{"damage":36,"enemies":"Hexaghost","floor":16,"turns":10},{"damage":19,"enemies":"Spheric Guardian","floor":18,"turns":4},{"damage":8,"enemies":"Masked Bandits","floor":20,"turns":3},{"damage":27,"enemies":"2 Thieves","floor":21,"turns":3},{"damage":38,"enemies":"Centurion and Healer","floor":24,"turns":6},{"damage":37,"enemies":"Gremlin Leader","floor":25,"turns":7},{"damage":21,"enemies":"Snecko","floor":27,"turns":4},{"damage":0,"enemies":"3 Cultists","floor":31,"turns":5},{"damage":57,"enemies":"Champ","floor":33,"turns":9},{"damage":21,"enemies":"3 Darklings","floor":35,"turns":5},{"damage":8,"enemies":"Orb Walker","floor":36,"turns":3},{"damage":9,"enemies":"4 Shapes","floor":38,"turns":7},{"damage":12,"enemies":"Giant Head","floor":40,"turns":8},{"damage":8,"enemies":"Mysterious Sphere","floor":44,"turns":6},{"damage":14,"enemies":"Sphere and 2 Shapes","floor":45,"turns":3},{"damage":31,"enemies":"Nemesis","floor":48,"turns":5},{"damage":45,"enemies":"Time Eater","floor":50,"turns":9}],"relics_obtained":[{"floor":6,"key":"Mummified Hand"},{"floor":8,"key":"Bottled Flame"},{"floor":9,"key":"Toolbox"},{"floor":10,"key":"Bronze Scales"},{"floor":19,"key":"Nilry\u0027s Codex"},{"floor":20,"key":"Red Mask"},{"floor":25,"key":"Matryoshka"},{"floor":26,"key":"Dream Catcher"},{"floor":26,"key":"Dodecahedron"},{"floor":40,"key":"Anchor"},{"floor":43,"key":"Question Card"},{"floor":43,"key":"Singing Bowl"},{"floor":44,"key":"Ginger"},{"floor":48,"key":"Happy Flower"}],"event_choices":[{"event_name":"Scrap Ooze","player_choice":"success","floor":2,"damage_taken":18},{"event_name":"Cursed Tome","player_choice":"Obtained Book","floor":19,"damage_taken":0},{"event_name":"Masked Bandits","player_choice":"Fought over 288 gold","floor":20,"damage_taken":0},{"event_name":"Purifier","player_choice":"One Purge","floor":29,"damage_taken":0},{"event_name":"Duplicator","player_choice":"One dupe","floor":37,"damage_taken":0},{"event_name":"Mysterious Sphere","player_choice":"Fight","floor":44,"damage_taken":0}],"boss_relics":[{"not_picked":["White Beast Statue","Black Star"],"picked":"Philosopher\u0027s Stone"},{"not_picked":["Lizard Tail","Tiny House"],"picked":"Sozu"}],"items_purged_floors":[4,12,22,39,46],"potions_floor_spawned":[1,5,8,10,16,20,25,27,31,36,38,44,48],"seed_played":"-7418458194546436013","ascension_level":4,"potions_obtained":[{"floor":1,"key":"SpeedPotion"},{"floor":5,"key":"FearPotion"},{"floor":8,"key":"Strength Potion"},{"floor":10,"key":"Weak Potion"},{"floor":16,"key":"AttackPotion"},{"floor":20,"key":"Swift Potion"},{"floor":25,"key":"GamblersBrew"},{"floor":27,"key":"Energy Potion"},{"floor":31,"key":"Strength Potion"}],"is_trial":false}