{"gold_per_floor":[20,20,38,213,231,231,246,0,0,20,20,47,47],"floor_reached":13,"playtime":646,"items_purged":["Doubt"],"score":75,"play_id":"d267df41-0b1d-4ee4-9db3-d8f7d0742be8","local_time":"20180719205330","is_ascension_mode":false,"campfire_choices":[{"data":"Bane","floor":6,"key":"SMITH"},{"floor":11,"key":"REST"}],"neow_cost":"NO_GOLD","seed_source_timestamp":15467603073167,"circlet_count":0,"master_deck":["Defend_G","Defend_G","Defend_G","Defend_G","Strike_G","Strike_G","Strike_G","Strike_G","Strike_G","Survivor","Neutralize","Setup","Bane+1","Deadly Poison","Catalyst","Acrobatics","Bane"],"relics":["Ring of the Snake","Bird Faced Urn","Oddly Smooth Stone","Dodecahedron","Odd Mushroom"],"potions_floor_usage":[13,13],"damage_taken":[{"damage":1,"enemies":"2 Louse","floor":1,"turns":2},{"damage":0,"enemies":"Cultist","floor":3,"turns":4},{"damage":5,"enemies":"Jaw Worm","floor":5,"turns":4},{"damage":21,"enemies":"Large Slime","floor":7,"turns":9},{"damage":7,"enemies":"Red Slaver","floor":10,"turns":4},{"damage":20,"floor":12,"turns":6},{"damage":47,"enemies":"Lagavulin","floor":13,"turns":6}],"seed_played":"6371889421934929766","potions_obtained":[{"floor":1,"key":"GamblersBrew"},{"floor":10,"key":"AttackPotion"}],"is_trial":false,"path_per_floor":["M","?","M","?","M","R","M","$","T","M","R","?"],"character_chosen":"THE_SILENT","items_purchased":["Oddly Smooth Stone","Acrobatics"],"campfire_rested":1,"item_purchase_floors":[8,8],"current_hp_per_floor":[69,62,62,62,57,57,36,36,36,29,50,30,0],"gold":47,"neow_bonus":"ONE_RARE_RELIC","is_prod":false,"is_daily":false,"chose_seed":false,"campfire_upgraded":1,"win_rate":0,"timestamp":1532048010,"path_taken":["M","?","M","?","?","R","M","$","T","M","R","?","E"],"build_version":"2018-07-12","purchased_purges":1,"victory":false,"max_hp_per_floor":[70,70,70,70,70,70,70,70,70,70,70,70,70],"card_choices":[{"not_picked":["Calculated Gamble","Prepared"],"picked":"Setup","floor":1},{"not_picked":["Sucker Punch","Predator"],"picked":"Bane","floor":3},{"not_picked":["All Out Attack","Cloak And Dagger"],"picked":"Deadly Poison","floor":5},{"not_picked":["All Out Attack","Flechettes"],"picked":"Catalyst","floor":7},{"not_picked":["Wraith Form v2","Finisher","Eviscerate"],"picked":"SKIP","floor":10},{"not_picked":["Dagger Spray","Deadly Poison"],"picked":"Bane","floor":12}],"player_experience":387525,"relics_obtained":[{"floor":9,"key":"Dodecahedron"},{"floor":12,"key":"Odd Mushroom"}],"event_choices":[{"event_name":"Golden Wing","player_choice":"Card Removal","floor":2,"damage_taken":0},{"event_name":"Liars Game","player_choice":"agreed","floor":4,"damage_taken":0},{"event_name":"Mushrooms","player_choice":"Fought Mushrooms","floor":12,"damage_taken":0}],"boss_relics":[],"items_purged_floors":[8],"is_endless":false,"potions_floor_spawned":[1,10],"killed_by":"Lagavulin","ascension_level":0}