{"gold_per_floor":[13,13,13,29,43,43,54,70,93,93,107,124,151,161,161,263,263,273,287,287,142,142,142,168,50,50,69,69,89,100,50,50,50],"floor_reached":33,"playtime":1323,"items_purged":["Defend_R","Defend_R"],"score":339,"play_id":"141271fb-276a-4b87-ab3e-be54a1f19ed0","local_time":"20181002190127","is_ascension_mode":true,"campfire_choices":[{"data":"Immolate","floor":6,"key":"SMITH"},{"data":"Anger","floor":10,"key":"SMITH"},{"data":"Body Slam","floor":15,"key":"SMITH"},{"floor":23,"key":"REST"},{"floor":28,"key":"REST"},{"data":"Seeing Red","floor":32,"key":"SMITH"}],"neow_cost":"NO_GOLD","seed_source_timestamp":40690247295280,"circlet_count":0,"master_deck":["Strike_R","Defend_R","Bash","Immolate+1","Spot Weakness","Seeing Red+1","Anger+1","Body Slam+1","Feel No Pain","Bludgeon","Dark Embrace+1","Thunderclap+1","Whirlwind+1","Flame Barrier","Juggernaut","Spot Weakness","Body Slam+1","Battle Trance","Rage","Rage+1","Power Through"],"relics":["Burning Blood","Anchor","Smiling Mask","Astrolabe","Regal Pillow","Bronze Scales","Bottled Flame"],"potions_floor_usage":[13,13,16,24,33],"damage_taken":[{"damage":0,"enemies":"2 Louse","floor":1,"turns":1},{"damage":4,"enemies":"Jaw Worm","floor":4,"turns":3},{"damage":0,"enemies":"Small Slimes","floor":5,"turns":2},{"damage":0,"enemies":"3 Louse","floor":7,"turns":1},{"damage":6,"enemies":"Exordium Thugs","floor":8,"turns":2},{"damage":0,"enemies":"Gremlin Gang","floor":11,"turns":1},{"damage":0,"enemies":"Lots of Slimes","floor":12,"turns":1},{"damage":21,"enemies":"Gremlin Nob","floor":13,"turns":4},{"damage":0,"enemies":"Blue Slaver","floor":14,"turns":2},{"damage":36,"enemies":"The Guardian","floor":16,"turns":11},{"damage":11,"enemies":"Spheric Guardian","floor":18,"turns":3},{"damage":30,"enemies":"3 Byrds","floor":19,"turns":4},{"damage":33,"enemies":"Book of Stabbing","floor":24,"turns":4},{"damage":19,"enemies":"Centurion and Healer","floor":27,"turns":6},{"damage":12,"enemies":"Snake Plant","floor":29,"turns":2},{"damage":0,"enemies":"3 Cultists","floor":30,"turns":2},{"damage":104,"enemies":"Collector","floor":33,"turns":7}],"seed_played":"-6069874202527639415","potions_obtained":[{"floor":1,"key":"Weak Potion"},{"floor":7,"key":"SpeedPotion"},{"floor":8,"key":"Energy Potion"},{"floor":18,"key":"SteroidPotion"},{"floor":19,"key":"LiquidBronze"}],"is_trial":false,"path_per_floor":["M","?","?","M","M","R","M","M","T","R","M","M","E","M","R","B",null,"M","M","?","$","?","R","E","$","T","M","R","M","M","$","R"],"character_chosen":"IRONCLAD","items_purchased":["Regal Pillow","Battle Trance"],"campfire_rested":2,"item_purchase_floors":[21,25],"current_hp_per_floor":[80,80,80,80,80,80,80,80,80,80,80,80,65,71,71,41,70,65,41,41,41,41,80,53,53,53,40,79,73,79,79,79,0],"gold":50,"neow_bonus":"THREE_RARE_CARDS","is_prod":false,"is_daily":false,"chose_seed":false,"campfire_upgraded":4,"win_rate":0,"timestamp":1538521287,"path_taken":["M","?","?","M","M","R","M","M","T","R","M","?","E","?","R","BOSS","M","M","?","$","?","R","E","$","T","M","R","M","?","$","R","BOSS"],"build_version":"2018-09-27","purchased_purges":2,"victory":false,"max_hp_per_floor":[80,80,80,80,80,80,80,80,80,80,80,80,80,80,80,80,80,80,80,80,80,80,80,80,80,80,80,80,80,80,80,80,80],"card_choices":[{"not_picked":["Berserk","Dark Embrace"],"picked":"Immolate","floor":0},{"not_picked":["Heavy Blade","Headbutt"],"picked":"Spot Weakness","floor":1},{"not_picked":["Clash","Wild Strike","Perfected Strike"],"picked":"SKIP","floor":4},{"not_picked":["Thunderclap","Reckless Charge"],"picked":"Seeing Red","floor":5},{"not_picked":["Body Slam","Headbutt"],"picked":"Anger","floor":7},{"not_picked":["Intimidate","Iron Wave","Thunderclap"],"picked":"SKIP","floor":8},{"not_picked":["Wild Strike","Hemokinesis","Dual Wield"],"picked":"SKIP","floor":11},{"not_picked":["Thunderclap","Clothesline"],"picked":"Body Slam","floor":12},{"not_picked":["Intimidate","Ghostly Armor"],"picked":"Feel No Pain","floor":13},{"not_picked":["Shockwave","Sword Boomerang","Headbutt"],"picked":"SKIP","floor":14},{"not_picked":["Exhume","Dark Embrace"],"picked":"Bludgeon","floor":16},{"not_picked":["Sword Boomerang","Anger","Shockwave"],"picked":"SKIP","floor":18},{"not_picked":["Pummel","Sever Soul"],"picked":"Flame Barrier","floor":19},{"not_picked":["Corruption","Sword Boomerang+1"],"picked":"Body Slam+1","floor":24},{"not_picked":["Havoc+1","Bloodletting"],"picked":"Rage","floor":27},{"not_picked":["Cleave","Fire Breathing"],"picked":"Rage+1","floor":29},{"not_picked":["Sentinel","Armaments"],"picked":"Power Through","floor":30}],"player_experience":1200065,"relics_obtained":[{"floor":9,"key":"Anchor"},{"floor":13,"key":"Smiling Mask"},{"floor":24,"key":"Bronze Scales"},{"floor":26,"key":"Bottled Flame"}],"event_choices":[{"event_name":"Living Wall","player_choice":"Forget","floor":2,"damage_taken":0},{"event_name":"The Cleric","player_choice":"Leave","floor":3,"damage_taken":0},{"event_name":"Transmorgrifier","player_choice":"Transform","floor":20,"damage_taken":0},{"event_name":"Duplicator","player_choice":"One dupe","floor":22,"damage_taken":0}],"is_beta":false,"boss_relics":[{"not_picked":["Philosopher\u0027s Stone","Runic Pyramid"],"picked":"Astrolabe"}],"items_purged_floors":[25,31],"is_endless":false,"potions_floor_spawned":[1,7,8,11,18,19],"killed_by":"Collector","ascension_level":5}