{"gold_per_floor":[213,213,288,238,238,238,255,265,291,216,216,116,133,147,147,245,245,261,271,291,291,304,304,318,318],"floor_reached":25,"playtime":619,"items_purged":["Decay","Strike_R"],"score":195,"play_id":"7e94aa97-ce30-45e7-9143-f0e07932ea42","local_time":"20190522112250","is_ascension_mode":false,"campfire_choices":[{"data":"Bash","floor":6.0,"key":"SMITH"},{"data":"Searing Blow","floor":11.0,"key":"SMITH"},{"data":"Searing Blow+1","floor":15.0,"key":"SMITH"},{"floor":23.0,"key":"REST"}],"neow_cost":"NONE","seed_source_timestamp":513185621138264,"circlet_count":0,"master_deck":["Strike_R","Strike_R","Strike_R+1","Defend_R","Defend_R+1","Defend_R","Defend_R","Bash+1","Searing Blow+3","Dropkick","Shrug It Off"],"special_seed":0,"relics":["Burning Blood","Potion Belt","Orrery"],"potions_floor_usage":[24,24,25],"damage_taken":[{"damage":0.0,"enemies":"Small Slimes","floor":1.0,"turns":4.0},{"damage":7.0,"enemies":"Jaw Worm","floor":7.0,"turns":3.0},{"damage":3.0,"enemies":"Cultist","floor":8.0,"turns":3.0},{"damage":20.0,"enemies":"Large Slime","floor":13.0,"turns":7.0},{"damage":8.0,"enemies":"Red Slaver","floor":14.0,"turns":2.0},{"damage":27.0,"enemies":"Slime Boss","floor":16.0,"turns":8.0},{"damage":24.0,"enemies":"3 Byrds","floor":18.0,"turns":6.0},{"damage":28.0,"enemies":"2 Thieves","floor":19.0,"turns":4.0},{"damage":10.0,"enemies":"Centurion and Healer","floor":20.0,"turns":7.0},{"damage":26.0,"enemies":"Snake Plant","floor":22.0,"turns":3.0},{"damage":32,"enemies":"Cultist and Chosen","floor":24,"turns":6},{"damage":19,"enemies":"Sentry and Sphere","floor":25,"turns":3}],"seed_played":"2917378186484343508","potions_obtained":[{"floor":1.0,"key":"PowerPotion"},{"floor":8.0,"key":"Weak Potion"},{"floor":16.0,"key":"AttackPotion"},{"floor":19.0,"key":"Weak Potion"},{"floor":22.0,"key":"Fire Potion"},{"floor":24,"key":"Weak Potion"}],"is_trial":false,"path_per_floor":["M","?","?","?","?","R","M","M","T","$","R","$","M","M","R","B",null,"M","M","M","?","M","R","M","M"],"character_chosen":"IRONCLAD","items_purchased":[],"campfire_rested":1,"item_purchase_floors":[],"current_hp_per_floor":[80,64,53,53,53,53,52,55,55,55,55,55,41,39,39,18,80,62,40,36,36,16,40,14,0],"gold":318,"neow_bonus":"HUNDRED_GOLD","is_prod":false,"is_daily":false,"chose_seed":false,"campfire_upgraded":3,"win_rate":0,"timestamp":1558495370,"path_taken":["M","?","?","?","?","R","M","M","T","$","R","$","M","M","R","BOSS","M","?","M","?","M","R","M","?"],"build_version":"2019-01-23","purchased_purges":2,"victory":false,"max_hp_per_floor":[80,80,80,80,80,80,80,80,80,80,80,80,80,80,80,80,80,80,80,80,80,80,80,80,80],"card_choices":[{"not_picked":["Iron Wave","Evolve"],"picked":"Searing Blow","floor":1.0},{"not_picked":["Heavy Blade","Burning Pact","Pommel Strike"],"picked":"SKIP","floor":7.0},{"not_picked":["Flex","Battle Trance","Iron Wave"],"picked":"SKIP","floor":8.0},{"not_picked":["Heavy Blade","Armaments"],"picked":"Dropkick","floor":13.0},{"not_picked":["Bloodletting","Clash","Demon Form"],"picked":"SKIP","floor":14.0},{"not_picked":["Power Through","Shockwave"],"picked":"Shrug It Off","floor":17.0},{"not_picked":["Clash","Armaments+1","Feel No Pain"],"picked":"SKIP","floor":18.0},{"not_picked":["Thunderclap","Shrug It Off","Perfected Strike"],"picked":"SKIP","floor":19.0},{"not_picked":["Twin Strike+1","Body Slam+1","Pommel Strike+1"],"picked":"SKIP","floor":20.0},{"not_picked":["Perfected Strike","Headbutt","Heavy Blade+1"],"picked":"SKIP","floor":22.0},{"not_picked":["Iron Wave+1","Warcry+1","Sword Boomerang+1"],"picked":"SKIP","floor":24}],"player_experience":564577,"relics_obtained":[{"floor":9.0,"key":"Potion Belt"}],"event_choices":[{"damage_healed":0.0,"max_hp_gain":0.0,"max_hp_loss":0.0,"gold_gain":0.0,"event_name":"Shining Light","player_choice":"Entered Light","floor":2.0,"gold_loss":0.0,"damage_taken":16.0,"cards_upgraded":["Strike_R","Defend_R"]},{"damage_healed":0.0,"max_hp_gain":0.0,"max_hp_loss":0.0,"gold_gain":75.0,"event_name":"World of Goop","player_choice":"Gather Gold","floor":3.0,"gold_loss":0.0,"damage_taken":11.0},{"cards_removed":["Strike_R"],"damage_healed":0.0,"max_hp_gain":0.0,"max_hp_loss":0.0,"gold_gain":0.0,"event_name":"The Cleric","player_choice":"Card Removal","floor":4.0,"gold_loss":50.0,"damage_taken":0.0},{"damage_healed":0.0,"max_hp_gain":0.0,"max_hp_loss":0.0,"gold_gain":0.0,"event_name":"Wheel of Change","player_choice":"Cursed","floor":5.0,"gold_loss":0.0,"damage_taken":0.0,"cards_obtained":["Decay"]},{"damage_healed":0.0,"max_hp_gain":0.0,"max_hp_loss":0.0,"gold_gain":0.0,"event_name":"Upgrade Shrine","player_choice":"Upgraded","floor":21.0,"gold_loss":0.0,"damage_taken":0.0,"cards_upgraded":["Searing Blow"]}],"is_beta":false,"boss_relics":[{"not_picked":["Velvet Choker","Black Blood"],"picked":"Orrery"}],"items_purged_floors":[10,12],"is_endless":false,"potions_floor_spawned":[1,8,16,19,22,24],"killed_by":"Sentry and Sphere","ascension_level":0}