{"gold_per_floor":[112,112,124,124,124,124,124,148,148,172,195,236,236,280,280,280],"floor_reached":16,"playtime":737,"items_purged":[],"score":160,"play_id":"22d67f3b-7ae9-4958-abe1-32468f4e3b65","local_time":"20180726232036","is_ascension_mode":true,"campfire_choices":[{"data":"Flame Barrier","floor":6,"key":"SMITH"},{"floor":13,"key":"REST"},{"floor":15,"key":"REST"}],"neow_cost":"NONE","seed_source_timestamp":3462615249737610,"circlet_count":0,"master_deck":["Strike_R","Strike_R","Strike_R","Strike_R","Defend_R","Defend_R","Defend_R","Defend_R","Bash","Flame Barrier+1","Thunderclap","Offering"],"relics":["Burning Blood","Bird Faced Urn","FaceOfCleric","Golden Idol","Bottled Lightning","Omamori","Sundial"],"potions_floor_usage":[12,12,16],"damage_taken":[{"damage":0,"enemies":"2 Louse","floor":1,"turns":5},{"damage":2,"enemies":"Jaw Worm","floor":3,"turns":5},{"damage":10,"enemies":"Small Slimes","floor":8,"turns":5},{"damage":10,"enemies":"3 Louse","floor":10,"turns":4},{"damage":4,"enemies":"Red Slaver","floor":11,"turns":6},{"damage":32,"enemies":"3 Sentries","floor":12,"turns":10},{"damage":49,"enemies":"Lagavulin","floor":14,"turns":8},{"damage":40,"enemies":"The Guardian","floor":16,"turns":14}],"seed_played":"-8705789051878307030","potions_obtained":[{"floor":8,"key":"Weak Potion"},{"floor":11,"key":"LiquidBronze"},{"floor":14,"key":"GamblersBrew"}],"is_trial":false,"path_per_floor":["M","?","M","?","?","R","?","M","T","M","M","E","R","E","R"],"character_chosen":"IRONCLAD","items_purchased":[],"campfire_rested":2,"item_purchase_floors":[],"current_hp_per_floor":[78,75,79,79,59,59,59,56,56,53,56,31,56,14,39,0],"gold":280,"neow_bonus":"TRANSFORM_CARD","is_prod":false,"is_daily":false,"chose_seed":false,"campfire_upgraded":1,"win_rate":0,"timestamp":1532640036,"path_taken":["M","?","?","?","?","R","?","?","T","?","M","E","R","E","R","BOSS"],"build_version":"2018-07-19v2","purchased_purges":0,"victory":false,"max_hp_per_floor":[80,80,80,80,80,80,80,81,81,82,83,84,84,85,85,85],"card_choices":[{"not_picked":["Sword Boomerang","Infernal Blade","Wild Strike"],"picked":"SKIP","floor":1},{"not_picked":["Body Slam","Reckless Charge"],"picked":"Thunderclap","floor":3},{"not_picked":["Perfected Strike","Warcry","Cleave"],"picked":"SKIP","floor":8},{"not_picked":["Power Through","Thunderclap","True Grit"],"picked":"SKIP","floor":10},{"not_picked":["Clothesline","Heavy Blade","Havoc"],"picked":"SKIP","floor":11},{"not_picked":["Twin Strike","Power Through","Whirlwind"],"picked":"SKIP","floor":12},{"not_picked":["Thunderclap","Flex"],"picked":"Offering","floor":14}],"player_experience":380741,"relics_obtained":[{"floor":9,"key":"Bottled Lightning"},{"floor":12,"key":"Omamori"},{"floor":14,"key":"Sundial"}],"event_choices":[{"event_name":"Scrap Ooze","player_choice":"success","floor":2,"damage_taken":3},{"event_name":"FaceTrader","player_choice":"Trade","floor":4,"damage_taken":0},{"event_name":"Golden Idol","player_choice":"Take Damage","floor":5,"damage_taken":0},{"event_name":"Liars Game","player_choice":"disagreed","floor":7,"damage_taken":0}],"is_beta":false,"boss_relics":[],"items_purged_floors":[],"is_endless":false,"potions_floor_spawned":[8,11,14],"killed_by":"The Guardian","ascension_level":9}