{"gold_per_floor":[113,113,128,203,12,47,57,57,128,139,139,154,171,187,187,284,284,299,313,325,94,106,106,135,135,135,154,154],"floor_reached":28,"playtime":34596,"items_purged":["Strike_B"],"score":366,"play_id":"63840304-4ddd-401a-aed6-c93249b818f2","local_time":"20190317215610","is_ascension_mode":true,"campfire_choices":[{"floor":8.0,"key":"REST"},{"data":"White Noise","floor":11.0,"key":"SMITH"},{"data":"Dualcast","floor":15.0,"key":"SMITH"},{"floor":23.0,"key":"REST"}],"neow_cost":"NONE","seed_source_timestamp":0,"circlet_count":0,"master_deck":["AscendersBane","Strike_B","Strike_B","Strike_B","Defend_B","Defend_B","Defend_B","Defend_B","Zap","Dualcast+1","Ball Lightning","White Noise+1","Lockon","Ball Lightning","Reinforced Body","Glacier","Conserve Battery","Rebound","Self Repair","Ball Lightning","Electrodynamics","Capacitor","Chill","Redo+1","Static Discharge","Defragment","FTL","Zap","Self Repair"],"special_seed":0,"relics":["Cracked Core","Potion Belt","Ornamental Fan","Runic Capacitor","Shuriken","The Courier"],"potions_floor_usage":[28,28],"damage_taken":[{"damage":11.0,"enemies":"Cultist","floor":1.0,"turns":4.0},{"damage":4.0,"enemies":"Jaw Worm","floor":3.0,"turns":3.0},{"damage":25.0,"enemies":"3 Sentries","floor":6.0,"turns":5.0},{"damage":5.0,"enemies":"Small Slimes","floor":7.0,"turns":2.0},{"damage":6.0,"enemies":"Exordium Wildlife","floor":10.0,"turns":4.0},{"damage":4.0,"enemies":"Red Slaver","floor":12.0,"turns":4.0},{"damage":7.0,"enemies":"3 Louse","floor":13.0,"turns":3.0},{"damage":0.0,"enemies":"Looter","floor":14.0,"turns":3.0},{"damage":1.0,"enemies":"Hexaghost","floor":16.0,"turns":13.0},{"damage":19.0,"enemies":"Spheric Guardian","floor":18.0,"turns":5.0},{"damage":5.0,"enemies":"Chosen","floor":19.0,"turns":4.0},{"damage":6.0,"enemies":"Snake Plant","floor":20.0,"turns":4.0},{"damage":23.0,"enemies":"Snecko","floor":22.0,"turns":6.0},{"damage":47.0,"enemies":"Book of Stabbing","floor":24.0,"turns":5.0},{"damage":6.0,"enemies":"Chosen and Byrds","floor":27.0,"turns":6.0},{"damage":50,"enemies":"Slavers","floor":28,"turns":3}],"seed_played":"6119445366648676397","potions_obtained":[{"floor":2.0,"key":"Block Potion"},{"floor":2.0,"key":"Swift Potion"},{"floor":2.0,"key":"AttackPotion"},{"floor":6.0,"key":"Regen Potion"},{"floor":13.0,"key":"PowerPotion"},{"floor":16.0,"key":"Ancient Potion"},{"floor":19.0,"key":"PowerPotion"},{"floor":20.0,"key":"Dexterity Potion"},{"floor":24.0,"key":"FairyPotion"}],"is_trial":false,"path_per_floor":["M","?","M","?","$","E","M","R","T","M","R","M","M","M","R","B",null,"M","M","M","$","M","R","E","?","T","M","E"],"character_chosen":"DEFECT","items_purchased":["Lockon","Ball Lightning","Runic Capacitor","Static Discharge"],"campfire_rested":2,"item_purchase_floors":[5,5,21,21],"current_hp_per_floor":[64,64,60,52,52,27,22,46,46,40,40,36,29,36,36,42,72,60,62,56,56,47,71,40,40,40,34,0],"gold":154,"neow_bonus":"TEN_PERCENT_HP_BONUS","is_prod":false,"is_daily":false,"chose_seed":false,"campfire_upgraded":2,"win_rate":0,"timestamp":1552874170,"path_taken":["M","?","?","?","$","E","M","R","T","M","R","?","M","M","R","BOSS","M","M","?","$","M","R","E","?","T","M","E"],"build_version":"2019-01-23","purchased_purges":1,"victory":false,"max_hp_per_floor":[82,82,82,82,82,82,82,82,82,82,82,82,82,82,82,82,82,82,82,82,82,82,82,82,82,82,82,82],"card_choices":[{"not_picked":["Hologram","Go for the Eyes"],"picked":"Ball Lightning","floor":1.0},{"not_picked":["Chill","Hologram"],"picked":"White Noise","floor":3.0},{"not_picked":["Sweeping Beam","Turbo"],"picked":"Reinforced Body","floor":6.0},{"not_picked":["Tempest","Amplify"],"picked":"Glacier","floor":7.0},{"not_picked":["Barrage","Coolheaded"],"picked":"Conserve Battery","floor":10.0},{"not_picked":["Beam Cell","Sweeping Beam"],"picked":"Rebound","floor":12.0},{"not_picked":["Stack","Chill"],"picked":"Self Repair","floor":13.0},{"not_picked":["Recycle","Compile Driver"],"picked":"Ball Lightning","floor":14.0},{"not_picked":["Fission","Amplify"],"picked":"Electrodynamics","floor":16.0},{"not_picked":["Rebound+1","Steam"],"picked":"Capacitor","floor":18.0},{"not_picked":["Skim+1","Compile Driver"],"picked":"Chill","floor":19.0},{"not_picked":["Go for the Eyes+1","Coolheaded"],"picked":"Redo+1","floor":20.0},{"not_picked":["Cold Snap","Steam"],"picked":"Defragment","floor":22.0},{"not_picked":["Gash","Cold Snap"],"picked":"FTL","floor":24.0},{"not_picked":["Rebound+1","Stack"],"picked":"Self Repair","floor":27}],"player_experience":2460394,"relics_obtained":[{"floor":6.0,"key":"Potion Belt"},{"floor":9.0,"key":"Ornamental Fan"},{"floor":24.0,"key":"Shuriken"},{"floor":26.0,"key":"The Courier"}],"event_choices":[{"damage_healed":0.0,"max_hp_gain":0.0,"max_hp_loss":0.0,"gold_gain":0.0,"event_name":"Lab","player_choice":"Got Potions","floor":2.0,"gold_loss":0.0,"damage_taken":0.0},{"damage_healed":0.0,"max_hp_gain":0.0,"max_hp_loss":0.0,"gold_gain":75.0,"event_name":"FaceTrader","player_choice":"Touch","floor":4.0,"gold_loss":0.0,"damage_taken":8.0},{"damage_healed":0.0,"max_hp_gain":0.0,"max_hp_loss":0.0,"gold_gain":0.0,"event_name":"Match and Keep!","player_choice":"1 cards matched","floor":25.0,"gold_loss":0.0,"damage_taken":0.0,"cards_obtained":["Zap"]}],"is_beta":false,"boss_relics":[{"not_picked":["Orrery","Coffee Dripper","Ectoplasm"]}],"items_purged_floors":[5],"is_endless":false,"potions_floor_spawned":[6,13,16,19,20,24],"killed_by":"Slavers","ascension_level":10}