{"gold_per_floor":[109,109,109,109,123,123,149,149,149,169,94,106,106,122,122,218,218,228,228,128,139,156,156,191,191,240,250,250,260,260,135,135,135],"floor_reached":33,"playtime":1613,"items_purged":["Defend_G","Defend_G","Strike_G"],"score":529,"play_id":"9a58c3a7-15b0-4e40-baba-d33c4f1a5f87","local_time":"20180629195434","is_ascension_mode":true,"campfire_choices":[{"data":"Glass Knife","floor":6,"key":"SMITH"},{"data":"Blur","floor":8,"key":"SMITH"},{"data":"Backflip","floor":13,"key":"SMITH"},{"data":"Cloak And Dagger","floor":15,"key":"SMITH"},{"floor":23,"key":"REST"},{"floor":25,"key":"REST"},{"data":"After Image","floor":28,"key":"SMITH"},{"floor":30,"key":"REST"},{"data":"Blur","floor":32,"key":"SMITH"}],"neow_cost":"NONE","seed_source_timestamp":1116555795826651,"circlet_count":0,"master_deck":["Defend_G","Defend_G","Defend_G","Strike_G","Strike_G","Strike_G","Strike_G","Survivor","Neutralize","AscendersBane","Poisoned Stab","Backflip+1","Blur+1","Glass Knife+1","Leg Sweep","Envenom+1","Cloak And Dagger+1","After Image+1","Blur+1"],"relics":["Singing Bowl","Snake Skull","Orichalcum","Black Star","Nloth\u0027s Gift","Gremlin Horn","Centennial Puzzle","Anchor"],"potions_floor_usage":[16,18,21,22,24],"damage_taken":[{"damage":0,"enemies":"Small Slimes","floor":1,"turns":3},{"damage":0,"enemies":"Cultist","floor":5,"turns":4},{"damage":12,"enemies":"Lagavulin","floor":7,"turns":7},{"damage":7,"enemies":"Jaw Worm","floor":10,"turns":3},{"damage":3,"enemies":"Red Slaver","floor":12,"turns":4},{"damage":2,"enemies":"3 Louse","floor":14,"turns":4},{"damage":0,"enemies":"The Guardian","floor":16,"turns":8},{"damage":19,"enemies":"Spheric Guardian","floor":18,"turns":6},{"damage":13,"enemies":"2 Thieves","floor":21,"turns":4},{"damage":34,"enemies":"Cultist and Chosen","floor":22,"turns":8},{"damage":28,"enemies":"Gremlin Leader","floor":24,"turns":7},{"damage":13,"enemies":"Snake Plant","floor":27,"turns":4},{"damage":20,"enemies":"Snecko","floor":29,"turns":6},{"damage":37,"enemies":"Collector","floor":33,"turns":6}],"seed_played":"-3645483618015259461","potions_obtained":[{"floor":7,"key":"Poison Potion"},{"floor":10,"key":"Poison Potion"},{"floor":16,"key":"Fruit Juice"},{"floor":18,"key":"Swift Potion"},{"floor":22,"key":"AttackPotion"}],"is_trial":false,"path_per_floor":["M","?","?","?","M","R","E","R","T","M","$","M","R","M","R","B",null,"M","?","$","M","M","R","E","R","T","M","R","M","R","$","R"],"character_chosen":"THE_SILENT","items_purchased":[],"campfire_rested":3,"item_purchase_floors":[],"current_hp_per_floor":[63,63,70,58,60,60,48,48,48,43,43,42,42,42,42,42,69,57,57,57,46,14,40,14,41,41,28,28,10,37,37,37,0],"gold":135,"neow_bonus":"BOSS_RELIC","is_prod":false,"is_daily":false,"chose_seed":false,"campfire_upgraded":6,"win_rate":0,"timestamp":1530294874,"path_taken":["M","?","?","?","M","R","E","R","T","M","$","M","R","?","R","BOSS","M","?","$","M","M","R","E","R","T","M","R","M","R","$","R","BOSS"],"build_version":"2018-06-28","purchased_purges":3,"victory":false,"max_hp_per_floor":[70,70,70,70,72,72,72,72,72,74,74,76,76,78,78,78,78,85,85,85,87,89,89,91,91,91,91,91,93,93,93,93,93],"card_choices":[{"not_picked":["Sucker Punch","Deflect"],"picked":"Poisoned Stab","floor":0},{"not_picked":["Distraction","Finisher"],"picked":"Backflip","floor":0},{"not_picked":["Quick Slash","All Out Attack"],"picked":"Blur","floor":0},{"not_picked":["Poisoned Stab","Dagger Throw"],"picked":"Glass Knife","floor":0},{"not_picked":["Prepared","Reflex"],"picked":"Leg Sweep","floor":0},{"not_picked":["Dagger Throw","Deflect"],"picked":"Envenom","floor":1},{"not_picked":["Poisoned Stab","Blade Dance","Deflect"],"picked":"Singing Bowl","floor":5},{"not_picked":["Bullet Time","Dagger Spray"],"picked":"Cloak And Dagger","floor":7},{"not_picked":["Quick Slash","Dagger Throw","Leg Sweep"],"picked":"Singing Bowl","floor":10},{"not_picked":["Underhanded Strike","Bane","Cloak And Dagger"],"picked":"Singing Bowl","floor":12},{"not_picked":["Underhanded Strike","Terror","Deflect"],"picked":"Singing Bowl","floor":14},{"not_picked":["Wraith Form v2","Venomology"],"picked":"After Image","floor":16},{"not_picked":["Crippling Poison","Sucker Punch","Bouncing Flask"],"picked":"Singing Bowl","floor":18},{"not_picked":["Deflect","Outmaneuver","Underhanded Strike"],"picked":"Singing Bowl","floor":21},{"not_picked":["All Out Attack","Sucker Punch+1","Endless Agony+1"],"picked":"Singing Bowl","floor":22},{"not_picked":["Prepared","Slice","Backflip"],"picked":"Singing Bowl","floor":24},{"not_picked":["Sucker Punch","Bullet Time"],"picked":"Blur","floor":27},{"not_picked":["Dagger Spray+1","Outmaneuver","Dash"],"picked":"Singing Bowl","floor":29}],"player_experience":371626,"relics_obtained":[{"floor":7,"key":"Snake Skull"},{"floor":9,"key":"Orichalcum"},{"floor":24,"key":"Gremlin Horn"},{"floor":24,"key":"Centennial Puzzle"},{"floor":26,"key":"Anchor"}],"event_choices":[{"event_name":"Accursed Blacksmith","player_choice":"Forge","floor":2,"damage_taken":0},{"event_name":"Wheel of Change","player_choice":"Full Heal","floor":3,"damage_taken":0},{"event_name":"Scrap Ooze","player_choice":"success","floor":4,"damage_taken":12},{"event_name":"N\u0027loth","player_choice":"Traded a Orrery","floor":19,"damage_taken":0}],"boss_relics":[{"not_picked":["Snecko Eye","Pandora\u0027s Box"],"picked":"Black Star"}],"items_purged_floors":[11,20,31],"is_endless":false,"potions_floor_spawned":[7,10,12,16,18,22],"killed_by":"Collector","ascension_level":12}