{"path_per_floor":["M","$","T","M","?","R","$","T","T","M","?","?","R","E","R","B",null,"M","M","?","$","?","R","$","?","T","M","?","E","M","M","R"],"character_chosen":"IRONCLAD","items_purchased":["Shuriken","Infernal Blade"],"gold_per_floor":[112,37,61,79,79,79,79,105,105,117,117,192,192,233,233,363,363,378,403,403,51,51,51,15,15,15,25,25,52,62,81,81,81],"floor_reached":33,"campfire_rested":1,"playtime":1444,"item_purchase_floors":[21,24],"current_hp_per_floor":[80,80,80,76,76,76,76,76,76,77,74,63,63,60,60,24,78,66,70,70,70,70,70,70,70,70,69,69,42,49,58,84,0],"items_purged":["Strike_R","Defend_R"],"gold":81,"score":300,"play_id":"cf8249e1-ce31-467d-abba-dcfebdb78cc2","local_time":"20180605015815","is_prod":false,"is_daily":false,"chose_seed":false,"is_ascension_mode":true,"campfire_upgraded":4,"win_rate":0,"timestamp":1528156695,"campfire_choices":[{"data":"Defend_R","floor":6,"key":"SMITH"},{"data":"Armaments","floor":13,"key":"SMITH"},{"data":"Bash","floor":15,"key":"SMITH"},{"data":"Carnage","floor":23,"key":"SMITH"},{"floor":32,"key":"REST"}],"path_taken":["M","$","?","M","?","R","?","?","T","M","?","?","R","E","R","BOSS","M","?","?","$","?","R","$","?","T","M","?","E","M","?","R","BOSS"],"build_version":"2018-05-31","seed_source_timestamp":1655562175295696,"purchased_purges":2,"victory":false,"master_deck":["Strike_R+1","Strike_R","Strike_R","Strike_R","Defend_R+1","Defend_R","Defend_R","Bash+1","Carnage+1","Carnage+1","Armaments+1","True Grit+1","True Grit+1","Infernal Blade"],"max_hp_per_floor":[80,80,80,80,80,80,80,80,80,80,74,74,74,76,76,78,78,80,80,80,80,80,80,80,80,80,82,82,84,86,88,88,88],"relics":["Burning Blood","Boot","Whetstone","Toolbox","Bloody Idol","Singing Bowl","Mark of Pain","Shuriken","Matryoshka","Oddly Smooth Stone","Bronze Scales"],"card_choices":[{"not_picked":["Perfected Strike","Sword Boomerang"],"picked":"Carnage","floor":1},{"not_picked":["Whirlwind","Warcry"],"picked":"Carnage","floor":4},{"not_picked":["Hemokinesis","Bludgeon"],"picked":"Armaments","floor":10},{"not_picked":["Dark Embrace","Havoc","Thunderclap"],"picked":"Singing Bowl","floor":14},{"not_picked":["Immolate","Juggernaut","Dark Embrace"],"picked":"Singing Bowl","floor":16},{"not_picked":["Power Through","True Grit","Headbutt"],"picked":"Singing Bowl","floor":18},{"not_picked":["Rampage","Headbutt"],"picked":"True Grit+1","floor":19},{"not_picked":["Spot Weakness","Disarm","Corruption+1"],"picked":"Singing Bowl","floor":27},{"not_picked":["Headbutt","Heavy Blade+1","Dropkick+1"],"picked":"Singing Bowl","floor":29},{"not_picked":["Clash","Wild Strike+1","Warcry"],"picked":"Singing Bowl","floor":30},{"not_picked":["Intimidate","Sword Boomerang","Wild Strike"],"picked":"Singing Bowl","floor":31}],"player_experience":185916,"potions_floor_usage":[14,16,19,29,33],"damage_taken":[{"damage":1,"enemies":"Cultist","floor":1,"turns":4},{"damage":10,"enemies":"Small Slimes","floor":4,"turns":3},{"damage":5,"enemies":"Jaw Worm","floor":10,"turns":2},{"damage":11,"enemies":"3 Sentries","floor":14,"turns":5},{"damage":44,"enemies":"Hexaghost","floor":16,"turns":9},{"damage":20,"enemies":"2 Thieves","floor":18,"turns":4},{"damage":2,"enemies":"3 Byrds","floor":19,"turns":4},{"damage":14,"enemies":"Cultist and Chosen","floor":27,"turns":7},{"damage":40,"enemies":"Slavers","floor":29,"turns":8},{"damage":6,"enemies":"3 Cultists","floor":30,"turns":5},{"damage":4,"enemies":"Snecko","floor":31,"turns":2},{"damage":106,"enemies":"Collector","floor":33,"turns":9}],"relics_obtained":[{"floor":3,"key":"Boot"},{"floor":8,"key":"Whetstone"},{"floor":9,"key":"Toolbox"},{"floor":14,"key":"Singing Bowl"},{"floor":26,"key":"Matryoshka"},{"floor":29,"key":"Bronze Scales"}],"event_choices":[{"event_name":"Liars Game","player_choice":"disagreed","floor":5,"damage_taken":0},{"event_name":"Golden Idol","player_choice":"Lose Max HP","floor":11,"damage_taken":0},{"event_name":"World of Goop","player_choice":"Gather Gold","floor":12,"damage_taken":0},{"event_name":"Forgotten Altar","player_choice":"Gave Idol","floor":20,"damage_taken":0},{"event_name":"Duplicator","player_choice":"One dupe","floor":22,"damage_taken":0},{"event_name":"Ghosts","player_choice":"Ignored","floor":25,"damage_taken":0},{"event_name":"The Mausoleum","player_choice":"Yes","floor":28,"damage_taken":0}],"boss_relics":[{"not_picked":["Lizard Tail","Runic Pyramid"],"picked":"Mark of Pain"}],"items_purged_floors":[2,21],"potions_floor_spawned":[10,14,18,27,29],"seed_played":"2251507609728153540","killed_by":"Collector","ascension_level":3,"potions_obtained":[{"floor":10,"key":"Energy Potion"},{"floor":14,"key":"AttackPotion"},{"floor":18,"key":"AttackPotion"},{"floor":27,"key":"Strength Potion"},{"floor":29,"key":"BloodPotion"}],"is_trial":false}