{"gold_per_floor":[18,18,18,36,36,63,63,76,101,130,142,172,184,206,218,330,342,373,385,413,425,352,364,104,136,161,161,175,53,53,63,63,161,161,178,26,46,64,64,64,94,94,94,107,125,150,165,180,180,180],"floor_reached":50,"playtime":4635,"items_purged":["Strike_B","Defend_B","Strike_B"],"score":659,"play_id":"f1c7eda8-b9c2-4a51-9acd-519dcf285d19","local_time":"20190111220332","is_ascension_mode":true,"campfire_choices":[{"data":"Zap","floor":7,"key":"SMITH"},{"data":"Dualcast","floor":11,"key":"SMITH"},{"floor":15,"key":"REST"},{"data":"Rainbow","floor":23,"key":"SMITH"},{"data":"Redo","floor":27,"key":"SMITH"},{"data":"White Noise","floor":30,"key":"SMITH"},{"floor":32,"key":"RECALL"},{"data":"Seek","floor":40,"key":"SMITH"},{"floor":42,"key":"REST"},{"floor":49,"key":"REST"}],"neow_cost":"NO_GOLD","seed_source_timestamp":243119971881358,"circlet_count":0,"master_deck":["Defend_B","Defend_B","Zap+1","Dualcast+1","Core Surge","White Noise+1","Coolheaded","Undo","Ball Lightning","Seek+1","Defragment+1","Rainbow+1","Coolheaded","Meteor Strike","Loop","Melter","Redo+1","Conserve Battery","Redo+1","Coolheaded","Echo Form","Melter+1","Cold Snap","Compile Driver+1","Static Discharge","Parasite","Glacier+1","Hologram+1","Tempest"],"relics":["Cracked Core","Lantern","Incense Burner","MawBank","Busted Crown","Ginger","Pear","Cursed Key","Bag of Marbles","Darkstone Periapt","Oddly Smooth Stone"],"potions_floor_usage":[6,16,25,25,25,31,41,44,48,48,50],"damage_taken":[{"damage":2,"enemies":"Jaw Worm","floor":1,"turns":3},{"damage":0,"enemies":"2 Louse","floor":4,"turns":1},{"damage":25,"enemies":"Lagavulin","floor":6,"turns":7},{"damage":0,"enemies":"Cultist","floor":8,"turns":2},{"damage":0,"enemies":"Exordium Wildlife","floor":10,"turns":5},{"damage":10,"enemies":"Exordium Thugs","floor":12,"turns":5},{"damage":1,"enemies":"Blue Slaver","floor":14,"turns":3},{"damage":12,"enemies":"Hexaghost","floor":16,"turns":10},{"damage":4,"enemies":"3 Byrds","floor":18,"turns":5},{"damage":2,"enemies":"Spheric Guardian","floor":20,"turns":3},{"damage":20,"enemies":"Slavers","floor":25,"turns":4},{"damage":0,"enemies":"Snecko","floor":28,"turns":6},{"damage":0,"enemies":"Centurion and Healer","floor":31,"turns":7},{"damage":25,"enemies":"Collector","floor":33,"turns":12},{"damage":24,"enemies":"3 Darklings","floor":35,"turns":5},{"damage":9,"enemies":"3 Shapes","floor":37,"turns":4},{"damage":0,"enemies":"Maw","floor":38,"turns":7},{"damage":17,"enemies":"Reptomancer","floor":41,"turns":4},{"damage":2,"enemies":"Jaw Worm Horde","floor":44,"turns":3},{"damage":19,"enemies":"Sphere and 2 Shapes","floor":45,"turns":4},{"damage":0,"enemies":"Giant Head","floor":46,"turns":8},{"damage":28,"enemies":"4 Shapes","floor":47,"turns":3},{"damage":0,"enemies":"Transient","floor":48,"turns":5},{"damage":55,"enemies":"Awakened One","floor":50,"turns":12}],"seed_played":"-7258178598262794437","potions_obtained":[{"floor":4,"key":"FearPotion"},{"floor":5,"key":"GamblersBrew"},{"floor":5,"key":"Block Potion"},{"floor":10,"key":"Dexterity Potion"},{"floor":18,"key":"Fire Potion"},{"floor":25,"key":"SpeedPotion"},{"floor":37,"key":"AttackPotion"},{"floor":41,"key":"PowerPotion"},{"floor":45,"key":"Dexterity Potion"},{"floor":47,"key":"Regen Potion"},{"floor":48,"key":"AttackPotion"}],"is_trial":false,"path_per_floor":["M","?","?","M","?","E","R","M","T","M","R","M","$","M","R","B",null,"M","?","M","?","?","R","$","E","T","R","M","$","R","M","R","B",null,"M","$","M","M","?","R","E","R","T","M","M","E","M","M","R","B"],"character_chosen":"DEFECT","items_purchased":["Loop","Melter","Redo","Coolheaded","Cold Snap"],"campfire_rested":3,"item_purchase_floors":[24,24,24,29,36],"current_hp_per_floor":[73,61,61,61,61,36,36,36,36,36,36,26,26,25,47,35,75,71,71,69,69,69,69,69,59,59,59,59,59,59,59,59,34,85,61,61,52,52,52,52,35,60,60,58,39,39,11,26,51,0],"gold":180,"neow_bonus":"THREE_RARE_CARDS","is_prod":false,"is_daily":false,"chose_seed":false,"campfire_upgraded":6,"win_rate":0,"timestamp":1547262212,"path_taken":["M","?","?","?","?","E","R","M","T","M","R","M","?","M","R","BOSS","M","?","M","?","?","R","$","E","T","R","M","$","R","M","R","BOSS","M","$","M","M","?","R","E","R","T","M","M","E","M","?","R","BOSS"],"build_version":"2019-01-10","purchased_purges":3,"victory":false,"max_hp_per_floor":[75,75,75,75,75,75,75,75,75,75,75,75,75,75,75,75,75,75,75,75,75,75,75,75,85,85,85,85,85,85,85,85,85,85,85,85,85,85,85,85,85,85,85,85,85,85,85,85,85,85],"card_choices":[{"not_picked":["Seek","Hyperbeam"],"picked":"Core Surge","floor":0},{"not_picked":["Ball Lightning","Aggregate"],"picked":"White Noise","floor":1},{"not_picked":["Auto Shields","Rip and Tear"],"picked":"Coolheaded","floor":4},{"not_picked":["Gash","Ball Lightning"],"picked":"Undo","floor":6},{"not_picked":["Streamline","Rebound"],"picked":"Ball Lightning","floor":8},{"not_picked":["Force Field","Steam Power","Barrage"],"picked":"SKIP","floor":10},{"not_picked":["Steam","Hologram"],"picked":"Seek","floor":12},{"not_picked":["Force Field","Sweeping Beam"],"picked":"Defragment","floor":14},{"not_picked":["Reboot","All For One"],"picked":"Rainbow","floor":16},{"not_picked":["Skim"],"picked":"SKIP","floor":18},{"not_picked":["Gash"],"picked":"SKIP","floor":20},{"not_picked":[],"picked":"Conserve Battery","floor":25},{"not_picked":[],"picked":"Redo+1","floor":28},{"not_picked":["Steam"],"picked":"SKIP","floor":31},{"not_picked":[],"picked":"Echo Form","floor":33},{"not_picked":[],"picked":"Melter+1","floor":35},{"not_picked":[],"picked":"Compile Driver+1","floor":37},{"not_picked":[],"picked":"Static Discharge","floor":38},{"not_picked":["Sunder"],"picked":"SKIP","floor":41},{"not_picked":[],"picked":"Glacier+1","floor":44},{"not_picked":[],"picked":"Hologram+1","floor":45},{"not_picked":[],"picked":"Tempest","floor":46},{"not_picked":["Leap"],"picked":"SKIP","floor":47},{"not_picked":["Turbo+1"],"picked":"SKIP","floor":48}],"player_experience":305354,"relics_obtained":[{"floor":6,"key":"Incense Burner"},{"floor":9,"key":"MawBank"},{"floor":25,"key":"Pear"},{"floor":41,"key":"Bag of Marbles"},{"floor":43,"key":"Darkstone Periapt"},{"floor":46,"key":"Oddly Smooth Stone"}],"event_choices":[{"damage_healed":0,"gold_gain":0,"player_choice":"Success","damage_taken":12,"relics_obtained":["Lantern"],"max_hp_gain":0,"max_hp_loss":0,"event_name":"Scrap Ooze","floor":2,"gold_loss":0},{"cards_removed":["Strike_B"],"damage_healed":0,"gold_gain":0,"player_choice":"Purged","damage_taken":0,"max_hp_gain":0,"max_hp_loss":0,"event_name":"Purifier","floor":3,"gold_loss":0},{"damage_healed":0,"gold_gain":0,"player_choice":"Got Potions","damage_taken":0,"max_hp_gain":0,"max_hp_loss":0,"event_name":"Lab","floor":5,"gold_loss":0},{"damage_healed":0,"gold_gain":0,"player_choice":"Ignored","damage_taken":0,"max_hp_gain":0,"max_hp_loss":0,"event_name":"Vampires","floor":19,"gold_loss":0},{"damage_healed":0,"gold_gain":0,"cards_transformed":["Strike_B","Defend_B"],"player_choice":"Became Test Subject","damage_taken":0,"max_hp_gain":0,"max_hp_loss":0,"event_name":"Drug Dealer","floor":21,"gold_loss":0,"cards_obtained":["Coolheaded","Meteor Strike"]},{"damage_healed":0,"gold_gain":0,"player_choice":"Obtained Relic","damage_taken":0,"relics_obtained":["Ginger"],"max_hp_gain":0,"max_hp_loss":0,"event_name":"Addict","floor":22,"gold_loss":85},{"damage_healed":0,"gold_gain":0,"player_choice":"Forge","damage_taken":0,"max_hp_gain":0,"max_hp_loss":0,"event_name":"Accursed Blacksmith","floor":39,"gold_loss":0,"cards_upgraded":["Defragment"]}],"is_beta":false,"boss_relics":[{"not_picked":["Empty Cage","Coffee Dripper"],"picked":"Busted Crown"},{"not_picked":["Sozu","Philosopher\u0027s Stone"],"picked":"Cursed Key"}],"items_purged_floors":[24,29,36],"is_endless":false,"potions_floor_spawned":[4,10,12,18,25,37,41,45,47,48],"killed_by":"Awakened One","ascension_level":4}