{"gold_per_floor":[109,109,259,270,195,195,223,25,51,51,1,24,24,24,24,99,99,112,37,37,37,37,37,53,53,78,78,116,31,31],"floor_reached":30,"playtime":1041,"items_purged":["Strike_B"],"score":396,"play_id":"b97da98a-a0bd-4891-916a-71756c27bb03","local_time":"20190514224236","is_ascension_mode":true,"campfire_choices":[{"data":"Gash","floor":6,"key":"SMITH"},{"data":"Echo Form","floor":10,"key":"SMITH"},{"data":"HandOfGreed","floor":13,"key":"SMITH"},{"data":"Zap","floor":15,"key":"SMITH"},{"floor":23,"key":"REST"},{"data":"Creative AI","floor":25,"key":"SMITH"},{"data":"Gash","floor":27,"key":"SMITH"}],"neow_cost":"PERCENT_DAMAGE","seed_source_timestamp":851430144720300,"circlet_count":0,"master_deck":["AscendersBane","Strike_B","Defend_B","Defend_B","Defend_B","Defend_B","Zap+1","Dualcast","Gash+1","Melter","Echo Form+1","HandOfGreed+1","Creative AI+1","Gash+1","Decay","Rebound","Conserve Battery+1"],"relics":["Cracked Core","Incense Burner","Happy Flower","Smiling Mask","DataDisk","Inserter","Pen Nib","Bag of Marbles"],"potions_floor_usage":[30,30],"damage_taken":[{"damage":0,"enemies":"Small Slimes","floor":1,"turns":3},{"damage":0,"enemies":"2 Louse","floor":4,"turns":3},{"damage":31,"enemies":"Lagavulin","floor":7,"turns":8},{"damage":26,"enemies":"The Guardian","floor":16,"turns":9},{"damage":17,"enemies":"Shell Parasite","floor":18,"turns":6},{"damage":6,"enemies":"Spheric Guardian","floor":24,"turns":3},{"damage":26,"enemies":"Centurion and Healer","floor":28,"turns":6},{"damage":32,"enemies":"Snake Plant","floor":30,"turns":2}],"seed_played":"1499497831692441285","potions_obtained":[{"floor":16,"key":"Weak Potion"},{"floor":24,"key":"Strength Potion"}],"is_trial":false,"path_per_floor":["M","?","?","M","?","R","E","$","T","R","$","T","R","?","R","B",null,"M","?","$","?","?","R","M","R","T","R","M","?","M"],"character_chosen":"DEFECT","items_purchased":["HandOfGreed"],"campfire_rested":1,"item_purchase_floors":[8],"current_hp_per_floor":[46,69,69,69,69,69,38,38,38,38,38,38,38,38,38,12,56,39,39,39,39,39,60,54,54,54,54,28,28,0],"gold":31,"neow_bonus":"ONE_RARE_RELIC","is_prod":false,"is_daily":false,"chose_seed":false,"campfire_upgraded":6,"win_rate":0,"timestamp":1557888156,"path_taken":["M","?","?","M","?","R","E","$","T","R","$","?","R","?","R","BOSS","M","?","$","?","?","R","?","R","T","R","M","?","M"],"build_version":"2019-01-23","purchased_purges":1,"victory":false,"max_hp_per_floor":[71,71,71,71,71,71,71,71,71,71,71,71,71,71,71,71,71,71,71,71,71,71,71,71,71,71,71,71,71,71],"card_choices":[{"not_picked":["Stack","Barrage"],"picked":"Gash","floor":1},{"not_picked":["Hologram","Loop"],"picked":"Melter","floor":4},{"not_picked":["Gash","Go for the Eyes"],"picked":"Echo Form","floor":7},{"not_picked":["Amplify","Biased Cognition"],"picked":"Creative AI","floor":16},{"not_picked":["Melter","Hologram"],"picked":"Gash","floor":18},{"not_picked":["Doom and Gloom","White Noise"],"picked":"Conserve Battery+1","floor":24},{"not_picked":["Rip and Tear","Streamline","Redo"],"picked":"SKIP","floor":28}],"player_experience":2913280,"relics_obtained":[{"floor":7,"key":"Happy Flower"},{"floor":9,"key":"Smiling Mask"},{"floor":12,"key":"DataDisk"},{"floor":26,"key":"Pen Nib"}],"event_choices":[{"damage_healed":23,"gold_gain":0,"player_choice":"Banana","damage_taken":0,"max_hp_gain":0,"max_hp_loss":0,"event_name":"Big Fish","floor":2,"gold_loss":0},{"damage_healed":0,"gold_gain":150,"player_choice":"AGREE","damage_taken":0,"max_hp_gain":0,"max_hp_loss":0,"event_name":"Liars Game","floor":3,"gold_loss":0,"cards_obtained":["Doubt"]},{"cards_removed":["Strike_B"],"damage_healed":0,"gold_gain":0,"player_choice":"Card Removal","damage_taken":0,"max_hp_gain":0,"max_hp_loss":0,"event_name":"The Cleric","floor":5,"gold_loss":75},{"damage_healed":0,"gold_gain":0,"player_choice":"Ignored","damage_taken":0,"max_hp_gain":0,"max_hp_loss":0,"event_name":"Golden Idol","floor":14,"gold_loss":0},{"cards_removed":["Doubt"],"damage_healed":0,"gold_gain":0,"player_choice":"Gave Gold","damage_taken":0,"max_hp_gain":0,"max_hp_loss":0,"event_name":"Beggar","floor":19,"gold_loss":75},{"damage_healed":0,"gold_gain":0,"player_choice":"Smashed Altar","damage_taken":0,"max_hp_gain":0,"max_hp_loss":0,"event_name":"Forgotten Altar","floor":21,"gold_loss":0,"cards_obtained":["Decay"]},{"damage_healed":0,"gold_gain":0,"cards_transformed":["Strike_B"],"player_choice":"Transformed","damage_taken":0,"max_hp_gain":0,"max_hp_loss":0,"event_name":"Transmorgrifier","floor":22,"gold_loss":0,"cards_obtained":["Rebound"]},{"damage_healed":0,"gold_gain":0,"player_choice":"Obtained Relic","damage_taken":0,"relics_obtained":["Bag of Marbles"],"max_hp_gain":0,"max_hp_loss":0,"event_name":"Addict","floor":29,"gold_loss":85}],"is_beta":false,"boss_relics":[{"not_picked":["Philosopher\u0027s Stone","Runic Dome"],"picked":"Inserter"}],"items_purged_floors":[11],"is_endless":false,"potions_floor_spawned":[16,24],"killed_by":"Snake Plant","ascension_level":16}