{"gold_per_floor":[116,134,134,150,162,193,205,205],"floor_reached":8,"playtime":531,"items_purged":[],"score":63,"play_id":"45b39224-1f81-4991-b657-7d9eafbe2ef4","local_time":"20190521200457","is_ascension_mode":true,"campfire_choices":[],"neow_cost":"NONE","seed_source_timestamp":437221628334061,"circlet_count":0,"master_deck":["Defend_G","Defend_G","Defend_G","Defend_G","Defend_G","Strike_G","Strike_G","Strike_G","Strike_G","Strike_G","Survivor","Neutralize","Underhanded Strike","Outmaneuver","Adrenaline","Flying Knee"],"relics":["Ring of the Snake","NeowsBlessing","Kunai"],"potions_floor_usage":[2,6,8],"damage_taken":[{"damage":0,"enemies":"2 Louse","floor":1,"turns":1},{"damage":0,"enemies":"Cultist","floor":2,"turns":1},{"damage":0,"enemies":"Small Slimes","floor":4,"turns":1},{"damage":9,"enemies":"Blue Slaver","floor":5,"turns":6},{"damage":53,"enemies":"Gremlin Nob","floor":6,"turns":6},{"damage":10,"enemies":"Exordium Thugs","floor":7,"turns":7},{"damage":5,"enemies":"Lagavulin","floor":8,"turns":9}],"seed_played":"-6953487634530044924","potions_obtained":[{"floor":2,"key":"Fruit Juice"},{"floor":4,"key":"PowerPotion"},{"floor":5,"key":"SkillPotion"}],"is_trial":false,"path_per_floor":["M","M","?","M","M","E","M","E"],"character_chosen":"THE_SILENT","items_purchased":[],"campfire_rested":0,"item_purchase_floors":[],"current_hp_per_floor":[70,75,75,75,66,13,3,0],"gold":205,"neow_bonus":"THREE_ENEMY_KILL","is_prod":false,"is_daily":false,"chose_seed":false,"campfire_upgraded":0,"win_rate":0,"timestamp":1558483497,"path_taken":["M","M","?","M","M","E","?","E"],"build_version":"2019-01-23","purchased_purges":0,"victory":false,"max_hp_per_floor":[70,75,75,75,75,75,75,75],"card_choices":[{"not_picked":["Bane","Quick Slash"],"picked":"Deflect","floor":1},{"not_picked":["Concentrate","Reflex","Flechettes"],"picked":"SKIP","floor":2},{"not_picked":["Bane","Eviscerate"],"picked":"Underhanded Strike","floor":4},{"not_picked":["PiercingWail","Dodge and Roll"],"picked":"Outmaneuver","floor":5},{"not_picked":["Concentrate","Malaise"],"picked":"Adrenaline","floor":6},{"not_picked":["Sucker Punch","Accuracy"],"picked":"Flying Knee","floor":7}],"player_experience":285548,"relics_obtained":[{"floor":6,"key":"Kunai"}],"event_choices":[{"cards_removed":["Deflect"],"damage_healed":5,"gold_gain":0,"player_choice":"Offered Common","damage_taken":0,"max_hp_gain":0,"max_hp_loss":0,"event_name":"Bonfire Elementals","floor":3,"gold_loss":0},{"cards_removed":["Deflect"],"damage_healed":5,"gold_gain":0,"player_choice":"Offered Special","damage_taken":0,"max_hp_gain":0,"max_hp_loss":0,"event_name":"Bonfire Elementals","floor":3,"gold_loss":0}],"is_beta":false,"boss_relics":[],"items_purged_floors":[],"is_endless":false,"potions_floor_spawned":[2,4,5],"killed_by":"Lagavulin","ascension_level":1}