{"gold_per_floor":[112,112,42,57,75,75,75,75,75,75,75,350,350,363,363,439,439,453,453,465,465,390,390,410,410,464,474,474,493,52,72,72,72],"floor_reached":33,"playtime":2329,"items_purged":["Doubt"],"score":400,"play_id":"240b72ef-f1f0-4056-b344-2854a14db2ad","local_time":"20190417094844","is_ascension_mode":true,"campfire_choices":[{"data":"Dualcast","floor":6,"key":"SMITH"},{"data":"Self Repair","floor":8,"key":"SMITH"},{"data":"Zap","floor":10,"key":"SMITH"},{"data":"Electrodynamics","floor":13,"key":"SMITH"},{"data":"BootSequence","floor":15,"key":"SMITH"},{"data":"Lockon","floor":23,"key":"SMITH"},{"floor":25,"key":"REST"},{"data":"Glacier","floor":28,"key":"SMITH"},{"floor":32,"key":"REST"}],"neow_cost":"CURSE","seed_source_timestamp":37598065693100,"circlet_count":0,"master_deck":["AscendersBane","Strike_B","Strike_B","Strike_B","Strike_B","Defend_B","Defend_B+1","Defend_B","Defend_B+1","Zap+1","Dualcast+1","Electrodynamics+1","Capacitor+1","Self Repair+1","Melter","BootSequence+1","Hello World+1","Creative AI+1","Lockon+1","Leap","Glacier+1","Chill","Defragment+1","Compile Driver"],"relics":["Cracked Core","Frozen Egg 2","Kunai","Eternal Feather","MutagenicStrength","Lantern","Mango"],"potions_floor_usage":[16,24,29,33],"damage_taken":[{"damage":2,"enemies":"Jaw Worm","floor":1,"turns":3},{"damage":18,"enemies":"Small Slimes","floor":4,"turns":3},{"damage":0,"enemies":"2 Louse","floor":5,"turns":2},{"damage":9,"enemies":"Exordium Thugs","floor":14,"turns":3},{"damage":37,"enemies":"Hexaghost","floor":16,"turns":11},{"damage":27,"enemies":"Chosen","floor":18,"turns":6},{"damage":26,"enemies":"Spheric Guardian","floor":20,"turns":4},{"damage":30,"enemies":"Centurion and Healer","floor":24,"turns":7},{"damage":14,"enemies":"Sentry and Sphere","floor":27,"turns":5},{"damage":67,"enemies":"3 Cultists","floor":29,"turns":6},{"damage":24,"enemies":"Centurion and Healer","floor":31,"turns":10},{"damage":74,"enemies":"Automaton","floor":33,"turns":12}],"seed_played":"2265574786453515076","potions_obtained":[{"floor":1,"key":"FairyPotion"},{"floor":14,"key":"Regen Potion"},{"floor":16,"key":"FearPotion"},{"floor":27,"key":"Block Potion"},{"floor":31,"key":"AttackPotion"}],"is_trial":false,"path_per_floor":["M","?","$","M","M","R","T","R","T","R","?","?","R","M","R","B",null,"M","?","M","?","?","R","M","R","T","M","R","M","$","M","R","B"],"character_chosen":"DEFECT","items_purchased":["Self Repair","Defragment+1","Mango"],"campfire_rested":2,"item_purchase_floors":[3,30,30],"current_hp_per_floor":[62,62,62,51,58,58,58,58,58,58,44,44,44,45,45,33,62,45,45,29,29,29,41,21,54,54,50,62,17,31,17,54,0],"gold":72,"neow_bonus":"THREE_RARE_CARDS","is_prod":false,"is_daily":false,"chose_seed":false,"campfire_upgraded":7,"win_rate":0,"timestamp":1555508924,"path_taken":["M","?","$","M","M","R","?","R","T","R","?","?","R","?","R","BOSS","M","?","M","?","?","R","M","R","T","M","R","?","$","M","R","BOSS"],"build_version":"2019-01-23","purchased_purges":1,"victory":false,"max_hp_per_floor":[71,71,71,71,71,71,71,71,71,71,71,71,71,71,71,71,71,71,71,71,71,71,71,71,71,71,71,71,71,85,85,85,85],"card_choices":[{"not_picked":["Rainbow","Amplify"],"picked":"Electrodynamics","floor":0},{"not_picked":["Stack","Sweeping Beam"],"picked":"Capacitor","floor":1},{"not_picked":["Turbo","Stack"],"picked":"Melter","floor":4},{"not_picked":["Compile Driver","Leap"],"picked":"BootSequence","floor":5},{"not_picked":["Beam Cell","Gash"],"picked":"Hello World+1","floor":14},{"not_picked":["Hyperbeam","Seek"],"picked":"Creative AI+1","floor":16},{"not_picked":["Stack","Hologram","Steam"],"picked":"SKIP","floor":18},{"not_picked":["Rebound","Leap"],"picked":"Lockon","floor":20},{"not_picked":["Recycle","Stack"],"picked":"Leap","floor":24},{"not_picked":["Hologram","Turbo+1"],"picked":"Glacier","floor":27},{"not_picked":["Rip and Tear","Hologram"],"picked":"Chill","floor":29},{"not_picked":["Go for the Eyes","Scrape"],"picked":"Compile Driver","floor":31}],"player_experience":2762479,"relics_obtained":[{"floor":7,"key":"Frozen Egg 2"},{"floor":9,"key":"Kunai"},{"floor":26,"key":"Lantern"}],"event_choices":[{"damage_healed":0,"gold_gain":0,"player_choice":"Grow","damage_taken":0,"max_hp_gain":0,"max_hp_loss":0,"event_name":"Living Wall","floor":2,"gold_loss":0,"cards_upgraded":["Capacitor"]},{"damage_healed":0,"gold_gain":0,"player_choice":"Entered Light","damage_taken":14,"max_hp_gain":0,"max_hp_loss":0,"event_name":"Shining Light","floor":11,"gold_loss":0,"cards_upgraded":["Defend_B","Defend_B"]},{"damage_healed":0,"gold_gain":275,"player_choice":"Desecrate","damage_taken":0,"max_hp_gain":0,"max_hp_loss":0,"event_name":"Golden Shrine","floor":12,"gold_loss":0,"cards_obtained":["Regret"]},{"damage_healed":0,"gold_gain":0,"player_choice":"Ignored","damage_taken":0,"max_hp_gain":0,"max_hp_loss":0,"event_name":"Vampires","floor":19,"gold_loss":0},{"damage_healed":0,"gold_gain":0,"player_choice":"Inject Mutagens","damage_taken":0,"relics_obtained":["MutagenicStrength"],"max_hp_gain":0,"max_hp_loss":0,"event_name":"Drug Dealer","floor":21,"gold_loss":0},{"cards_removed":["Regret"],"damage_healed":0,"gold_gain":0,"player_choice":"Gave Gold","damage_taken":0,"max_hp_gain":0,"max_hp_loss":0,"event_name":"Beggar","floor":22,"gold_loss":75}],"is_beta":false,"boss_relics":[{"not_picked":["Snecko Eye","Orrery"],"picked":"Eternal Feather"}],"items_purged_floors":[30],"is_endless":false,"potions_floor_spawned":[1,14,16,27,31],"killed_by":"Automaton","ascension_level":14}