{"path_per_floor":["M","?","?","?","M","R","?","R","T","E","M","E","R","E","R","B",null,"M","M","$","M","?","R","E","M","T","?","M","M","$","M","R"],"character_chosen":"IRONCLAD","items_purchased":["Oddly Smooth Stone","Sadistic Nature"],"gold_per_floor":[118,68,68,68,82,82,82,82,105,139,154,192,192,227,227,357,357,370,353,134,150,150,150,185,206,280,315,334,350,42,58,58,58],"floor_reached":33,"campfire_rested":0,"playtime":2223,"item_purchase_floors":[20,30],"current_hp_per_floor":[80,80,80,80,80,80,60,60,60,47,53,59,59,62,62,53,80,80,72,72,67,67,67,60,63,63,42,47,45,45,41,41,0],"items_purged":["Whirlwind+1","Cleave"],"gold":58,"score":310,"play_id":"7bbac652-6634-4363-8f2a-6aa0932ba6ee","local_time":"20180529220855","is_prod":false,"is_daily":false,"chose_seed":false,"is_ascension_mode":false,"campfire_upgraded":6,"win_rate":0,"timestamp":1527624535,"campfire_choices":[{"data":"Pommel Strike","floor":6,"key":"SMITH"},{"data":"Flame Barrier","floor":8,"key":"SMITH"},{"data":"Bash","floor":13,"key":"SMITH"},{"data":"Pommel Strike","floor":15,"key":"SMITH"},{"data":"Metallicize","floor":23,"key":"SMITH"},{"data":"Body Slam","floor":32,"key":"SMITH"}],"path_taken":["M","?","?","?","?","R","?","R","T","E","M","E","R","E","R","BOSS","M","M","$","M","?","R","E","M","T","?","M","M","$","M","R","BOSS"],"build_version":"2018-05-24","seed_source_timestamp":0,"purchased_purges":2,"victory":false,"master_deck":["Defend_R+1","Defend_R+1","Bash+1","Evolve","Pommel Strike+1","Flame Barrier+1","Metallicize+1","Pommel Strike+1","Berserk","Uppercut+1","Juggernaut+1","Cleave+1","Body Slam+1","Disarm","Sadistic Nature"],"max_hp_per_floor":[80,80,80,80,80,80,80,80,80,80,80,80,80,80,80,80,80,80,80,80,80,80,80,80,80,80,80,80,80,80,80,80,80],"relics":["Burning Blood","Golden Idol","War Paint","Orichalcum","Omamori","Happy Flower","Astrolabe","Oddly Smooth Stone","Shuriken","Bottled Lightning","Red Mask"],"card_choices":[{"not_picked":["Bloodletting","Warcry"],"picked":"Evolve","floor":1},{"not_picked":["Havoc","Body Slam"],"picked":"Flame Barrier","floor":5},{"not_picked":["Ghostly Armor","Battle Trance","Feel No Pain"],"picked":"SKIP","floor":10},{"not_picked":["Rampage","Flex"],"picked":"Metallicize","floor":11},{"not_picked":["Thunderclap","Pummel"],"picked":"Pommel Strike","floor":12},{"not_picked":["Combust","Clash","Immolate"],"picked":"SKIP","floor":14},{"not_picked":["Dark Embrace","Brutality"],"picked":"Berserk","floor":16},{"not_picked":["Heavy Blade","Clash","Shrug It Off+1"],"picked":"SKIP","floor":18},{"not_picked":["Perfected Strike+1","Flex","Pummel"],"picked":"SKIP","floor":19},{"not_picked":["Power Through","Double Tap"],"picked":"Cleave+1","floor":21},{"not_picked":["Entrench","Feed"],"picked":"Body Slam","floor":24},{"not_picked":["Sword Boomerang","Cleave","Havoc"],"picked":"SKIP","floor":25},{"not_picked":["Combust","Twin Strike"],"picked":"Disarm","floor":27},{"not_picked":["Ghostly Armor+1","Brutality","Havoc"],"picked":"SKIP","floor":28},{"not_picked":["Ghostly Armor+1","Body Slam","Heavy Blade"],"picked":"SKIP","floor":29},{"not_picked":["Flex","Seeing Red+1","Rupture"],"picked":"SKIP","floor":31}],"player_experience":37281,"potions_floor_usage":[14,16,16,16,29,33,33,33],"damage_taken":[{"damage":6,"enemies":"Cultist","floor":1,"turns":3},{"damage":1,"enemies":"Jaw Worm","floor":5,"turns":3},{"damage":19,"enemies":"Lagavulin","floor":10,"turns":10},{"damage":0,"enemies":"Small Slimes","floor":11,"turns":3},{"damage":0,"enemies":"3 Sentries","floor":12,"turns":5},{"damage":3,"enemies":"Lagavulin","floor":14,"turns":8},{"damage":15,"enemies":"The Guardian","floor":16,"turns":12},{"damage":6,"enemies":"Spheric Guardian","floor":18,"turns":4},{"damage":14,"enemies":"2 Thieves","floor":19,"turns":4},{"damage":11,"enemies":"3 Cultists","floor":21,"turns":6},{"damage":13,"enemies":"Book of Stabbing","floor":24,"turns":6},{"damage":3,"enemies":"Snake Plant","floor":25,"turns":4},{"damage":27,"enemies":"Masked Bandits","floor":27,"turns":5},{"damage":1,"enemies":"Snecko","floor":28,"turns":4},{"damage":8,"enemies":"3 Cultists","floor":29,"turns":5},{"damage":10,"enemies":"Cultist and Chosen","floor":31,"turns":6},{"damage":44,"enemies":"Automaton","floor":33,"turns":6}],"relics_obtained":[{"floor":9,"key":"War Paint"},{"floor":10,"key":"Orichalcum"},{"floor":12,"key":"Omamori"},{"floor":14,"key":"Happy Flower"},{"floor":24,"key":"Shuriken"},{"floor":26,"key":"Bottled Lightning"},{"floor":27,"key":"Red Mask"}],"event_choices":[{"event_name":"The Cleric","player_choice":"Card Removal","floor":2,"damage_taken":0},{"event_name":"Transmorgrifier","player_choice":"Transform","floor":3,"damage_taken":0},{"event_name":"Living Wall","player_choice":"Forget","floor":4,"damage_taken":0},{"event_name":"Golden Idol","player_choice":"Take Damage","floor":7,"damage_taken":0},{"event_name":"Drug Dealer","player_choice":"Ignored","floor":22,"damage_taken":0},{"event_name":"Masked Bandits","player_choice":"Fought over 280 gold","floor":27,"damage_taken":0}],"boss_relics":[{"not_picked":["Runic Cube","Orrery"],"picked":"Astrolabe"}],"items_purged_floors":[20,30],"potions_floor_spawned":[1,5,10,16,21,24,25,28,31],"seed_played":"-8406189797802613031","killed_by":"Automaton","ascension_level":0,"potions_obtained":[{"floor":1,"key":"EntropicBrew"},{"floor":5,"key":"Poison Potion"},{"floor":10,"key":"Block Potion"},{"floor":16,"key":"LiquidBronze"},{"floor":21,"key":"Explosive Potion"},{"floor":25,"key":"Dexterity Potion"},{"floor":31,"key":"Dexterity Potion"}],"is_trial":false}