{"gold_per_floor":[113,113,113,113,40,66,66,97,97,97,109,109,127,4,4,104,104,114,128,38,52,62,90,110,144,144,44,63,63,74,89,89,189,189,208,208,14,30,43,43,75,89,89,89,49,49,49,61,61,61],"floor_reached":51,"playtime":5738,"items_purged":["Strike_G","Strike_G"],"score":947,"play_id":"52ee2c84-2ffc-4e89-a71d-1a0529686bec","local_time":"20181224011555","is_ascension_mode":true,"campfire_choices":[{"data":"Footwork","floor":7,"key":"SMITH"},{"data":"Cloak And Dagger","floor":12,"key":"SMITH"},{"data":"Footwork","floor":15,"key":"SMITH"},{"floor":29,"key":"DIG"},{"floor":32,"key":"REST"},{"floor":40,"key":"DIG"},{"floor":44,"key":"DIG"},{"floor":46,"key":"DIG"},{"floor":49,"key":"DIG"}],"neow_cost":"NONE","seed_source_timestamp":182157382476813,"circlet_count":0,"master_deck":["Defend_G","Defend_G","Defend_G","Defend_G","Strike_G+1","Strike_G+1","Survivor","Neutralize","Backflip+1","Adrenaline+1","Footwork+1","Dodge and Roll","Cloak And Dagger+1","Footwork+1","A Thousand Cuts","PiercingWail+1","Footwork","PiercingWail+1","Cloak And Dagger","Blade Dance","Well Laid Plans","Noxious Fumes+1","Accuracy+1","Dodge and Roll+1","Dagger Throw+1","Bullet Time","Backstab+1","Footwork+1","Concentrate+1","Well Laid Plans","After Image","Well Laid Plans"],"relics":["Ring of the Snake","NeowsBlessing","Ninja Scroll","Dead Branch","Turnip","FossilizedHelix","Gambling Chip","Torii","Black Star","Shovel","Paper Crane","Molten Egg 2","Tingsha","Letter Opener","Bronze Scales","Coffee Dripper","TwistedFunnel","Question Card","Mummified Hand","Juzu Bracelet","Mercury Hourglass","Boot","The Specimen","Dodecahedron"],"potions_floor_usage":[22,25,25,25,28,30,41,41,50],"damage_taken":[{"damage":0,"enemies":"Cultist","floor":1,"turns":1},{"damage":0,"enemies":"Lagavulin","floor":6,"turns":1},{"damage":0,"enemies":"Gremlin Nob","floor":8,"turns":1},{"damage":0,"enemies":"Jaw Worm","floor":11,"turns":2},{"damage":0,"enemies":"Small Slimes","floor":13,"turns":2},{"damage":16,"enemies":"Hexaghost","floor":16,"turns":11},{"damage":1,"enemies":"Spheric Guardian","floor":18,"turns":5},{"damage":0,"enemies":"Chosen","floor":19,"turns":4},{"damage":12,"enemies":"Centurion and Healer","floor":21,"turns":13},{"damage":0,"enemies":"Chosen and Byrds","floor":22,"turns":8},{"damage":1,"enemies":"Book of Stabbing","floor":23,"turns":8},{"damage":0,"enemies":"Snake Plant","floor":24,"turns":7},{"damage":59,"enemies":"Slavers","floor":25,"turns":9},{"damage":0,"enemies":"Centurion and Healer","floor":28,"turns":4},{"damage":6,"enemies":"Cultist and Chosen","floor":30,"turns":5},{"damage":0,"enemies":"Shelled Parasite and Fungi","floor":31,"turns":4},{"damage":0,"enemies":"Collector","floor":33,"turns":9},{"damage":0,"enemies":"Orb Walker","floor":35,"turns":2},{"damage":0,"enemies":"3 Shapes","floor":38,"turns":2},{"damage":0,"enemies":"Sphere and 2 Shapes","floor":39,"turns":2},{"damage":9,"enemies":"Giant Head","floor":41,"turns":8},{"damage":0,"enemies":"Writhing Mass","floor":42,"turns":4},{"damage":0,"enemies":"3 Darklings","floor":48,"turns":1},{"damage":10,"enemies":"Donu and Deca","floor":50,"turns":5}],"seed_played":"4601390532415970387","potions_obtained":[{"floor":6,"key":"GamblersBrew"},{"floor":8,"key":"Swift Potion"},{"floor":13,"key":"Block Potion"},{"floor":16,"key":"Regen Potion"},{"floor":22,"key":"GamblersBrew"},{"floor":24,"key":"Fire Potion"},{"floor":25,"key":"Poison Potion"},{"floor":28,"key":"SteroidPotion"},{"floor":30,"key":"GamblersBrew"},{"floor":35,"key":"Weak Potion"},{"floor":41,"key":"AttackPotion"},{"floor":48,"key":"Block Potion"}],"is_trial":false,"path_per_floor":["M","?","T","?","$","E","R","E","T","T","M","R","M","$","R","B",null,"M","M","?","M","M","E","M","E","T","$","M","R","M","M","R","B",null,"M","?","$","M","M","R","E","M","T","R","$","R","?","M","R","B",null],"character_chosen":"THE_SILENT","items_purchased":["Adrenaline","PowerPotion","TwistedFunnel","Well Laid Plans"],"campfire_rested":1,"item_purchase_floors":[5,14,37,45],"current_hp_per_floor":[70,67,67,53,53,53,53,53,53,53,53,53,53,53,53,37,70,69,69,69,57,57,56,56,12,12,12,12,12,6,6,27,27,70,70,70,70,70,70,70,61,61,61,61,61,61,61,61,61,51],"gold":61,"neow_bonus":"THREE_ENEMY_KILL","is_prod":false,"is_daily":false,"chose_seed":false,"campfire_upgraded":3,"win_rate":0,"timestamp":1545635755,"path_taken":["M","?","?","?","?","E","R","E","T","?","?","R","M","$","R","BOSS","M","M","?","M","M","E","M","E","T","$","M","R","?","M","R","BOSS","M","?","$","?","M","R","E","M","T","R","?","R","?","M","R","BOSS"],"build_version":"2018-12-20","purchased_purges":2,"victory":true,"max_hp_per_floor":[70,70,70,70,70,70,70,70,70,70,70,70,70,70,70,70,70,70,70,70,70,70,70,70,70,70,70,70,70,70,70,70,70,70,70,70,70,70,70,70,70,70,70,70,70,70,70,70,70,70],"card_choices":[{"not_picked":["Sucker Punch","Prepared"],"picked":"Backflip","floor":1},{"not_picked":["Malaise","Heel Hook"],"picked":"Footwork","floor":6},{"not_picked":["Reflex","Sucker Punch"],"picked":"Dodge and Roll","floor":8},{"not_picked":["Dagger Throw","Terror"],"picked":"Cloak And Dagger","floor":11},{"not_picked":["Dagger Spray","Deadly Poison"],"picked":"Footwork","floor":13},{"not_picked":["Phantasmal Killer","Wraith Form v2"],"picked":"A Thousand Cuts","floor":16},{"not_picked":["Crippling Poison","Accuracy"],"picked":"PiercingWail+1","floor":18},{"not_picked":["Masterful Stab","Poisoned Stab+1"],"picked":"Footwork","floor":19},{"not_picked":["Crippling Poison","Outmaneuver"],"picked":"PiercingWail+1","floor":21},{"not_picked":["Underhanded Strike","Quick Slash"],"picked":"Cloak And Dagger","floor":22},{"not_picked":["Catalyst","Corpse Explosion"],"picked":"Blade Dance","floor":23},{"not_picked":["Dagger Spray","Quick Slash"],"picked":"Well Laid Plans","floor":24},{"not_picked":["Deflect+1","Bane"],"picked":"Noxious Fumes+1","floor":25},{"not_picked":["Setup","Tactician"],"picked":"Accuracy+1","floor":28},{"not_picked":["Dagger Throw+1","Prepared"],"picked":"Dodge and Roll+1","floor":30},{"not_picked":["Bane+1","Backflip"],"picked":"Dagger Throw+1","floor":31},{"not_picked":["Unload+1","Grand Finale+1"],"picked":"Bullet Time","floor":33},{"not_picked":["Outmaneuver+1","Escape Plan"],"picked":"Backstab+1","floor":35},{"not_picked":["Acrobatics","Blade Dance","Slice+1"],"picked":"SKIP","floor":38},{"not_picked":["PiercingWail+1","Envenom"],"picked":"Footwork+1","floor":39},{"not_picked":["Masterful Stab+1","Backflip","Dagger Throw+1"],"picked":"Concentrate+1","floor":41},{"not_picked":["Prepared","Dagger Spray+1","Tactician","PiercingWail"],"picked":"SKIP","floor":42},{"not_picked":["Blade Dance+1","Deflect","Dodge and Roll"],"picked":"Well Laid Plans","floor":48}],"player_experience":215181,"relics_obtained":[{"floor":3,"key":"Dead Branch"},{"floor":6,"key":"Turnip"},{"floor":8,"key":"FossilizedHelix"},{"floor":9,"key":"Gambling Chip"},{"floor":10,"key":"Torii"},{"floor":23,"key":"Shovel"},{"floor":23,"key":"Paper Crane"},{"floor":25,"key":"Molten Egg 2"},{"floor":25,"key":"Tingsha"},{"floor":26,"key":"Letter Opener"},{"floor":29,"key":"Bronze Scales"},{"floor":40,"key":"Question Card"},{"floor":41,"key":"Mummified Hand"},{"floor":41,"key":"Juzu Bracelet"},{"floor":43,"key":"Mercury Hourglass"},{"floor":44,"key":"Boot"},{"floor":46,"key":"The Specimen"},{"floor":49,"key":"Dodecahedron"}],"event_choices":[{"damage_healed":0,"gold_gain":0,"player_choice":"Success","damage_taken":3,"relics_obtained":["Ninja Scroll"],"max_hp_gain":0,"max_hp_loss":0,"event_name":"Scrap Ooze","floor":2,"gold_loss":0},{"damage_healed":0,"gold_gain":0,"player_choice":"Entered Light","damage_taken":14,"max_hp_gain":0,"max_hp_loss":0,"event_name":"Shining Light","floor":4,"gold_loss":0,"cards_upgraded":["Strike_G","Backflip"]},{"cards_removed":["Strike_G"],"damage_healed":0,"gold_gain":0,"player_choice":"Upgrade and Remove","damage_taken":0,"max_hp_gain":0,"max_hp_loss":0,"event_name":"Designer","floor":20,"gold_loss":90,"cards_upgraded":["Strike_G"]},{"damage_healed":0,"gold_gain":0,"player_choice":"Upgraded","damage_taken":0,"max_hp_gain":0,"max_hp_loss":0,"event_name":"Upgrade Shrine","floor":36,"gold_loss":0,"cards_upgraded":["Adrenaline"]},{"damage_healed":0,"gold_gain":0,"cards_transformed":["Defend_G"],"player_choice":"Transformed","damage_taken":0,"max_hp_gain":0,"max_hp_loss":0,"event_name":"Transmorgrifier","floor":47,"gold_loss":0,"cards_obtained":["After Image"]}],"is_beta":false,"boss_relics":[{"not_picked":["Pandora\u0027s Box","Velvet Choker"],"picked":"Black Star"},{"not_picked":["Empty Cage","Runic Pyramid"],"picked":"Coffee Dripper"}],"items_purged_floors":[14,27],"is_endless":false,"potions_floor_spawned":[6,8,13,16,22,24,25,28,30,35,41,48],"ascension_level":3}