{"gold_per_floor":[118,135,135,151,161,195,211,211,238,413,413,439,439,454,454,552,602,616,92,110,129,129,129,44,60,85,85,99,99,99],"floor_reached":30,"playtime":1241,"items_purged":["Doubt"],"score":278,"play_id":"7a85955b-7f2c-4614-aec3-0dd67f21c7b9","local_time":"20190108162446","is_ascension_mode":true,"campfire_choices":[{"floor":8,"key":"RECALL"},{"floor":11,"key":"REST"},{"data":"Zap","floor":13,"key":"SMITH"},{"data":"Darkness","floor":15,"key":"SMITH"},{"floor":23,"key":"REST"},{"floor":27,"key":"REST"}],"neow_cost":"NONE","seed_source_timestamp":7060879403373,"circlet_count":0,"master_deck":["Strike_B+1","Strike_B+1","Strike_B+1","Strike_B+1","Defend_B+1","Defend_B+1","Defend_B+1","Defend_B+1","Zap+1","Dualcast","Defragment","Lockon","Go for the Eyes","Darkness+1","Cold Snap","Conserve Battery","All For One","Conserve Battery","All For One","Chaos","Defragment+1","Defragment","Chaos","Genetic Algorithm","Gash+1","Necronomicurse","Steam Power","Gash","Redo"],"relics":["Cracked Core","CultistMask","Regal Pillow","Anchor","Tiny House","Ginger","Necronomicon","Art of War"],"potions_floor_usage":[6,14,18,18],"damage_taken":[{"damage":6,"enemies":"Cultist","floor":1,"turns":3},{"damage":3,"enemies":"Small Slimes","floor":2,"turns":3},{"damage":2,"enemies":"2 Louse","floor":4,"turns":2},{"damage":7,"enemies":"Large Slime","floor":5,"turns":5},{"damage":28,"enemies":"Gremlin Nob","floor":6,"turns":4},{"damage":9,"enemies":"Blue Slaver","floor":7,"turns":4},{"damage":23,"enemies":"Lagavulin","floor":12,"turns":6},{"damage":0,"enemies":"3 Louse","floor":14,"turns":1},{"damage":38,"enemies":"Hexaghost","floor":16,"turns":10},{"damage":18,"enemies":"2 Thieves","floor":18,"turns":4},{"damage":31,"enemies":"Shell Parasite","floor":20,"turns":5},{"damage":17,"enemies":"Snake Plant","floor":21,"turns":5},{"damage":40,"enemies":"3 Cultists","floor":25,"turns":5},{"damage":45,"enemies":"Sentry and Sphere","floor":28,"turns":5},{"damage":6,"enemies":"Snake Plant","floor":30,"turns":1}],"seed_played":"1466414433981100356","potions_obtained":[{"floor":2,"key":"Regen Potion"},{"floor":4,"key":"Explosive Potion"},{"floor":5,"key":"Explosive Potion"},{"floor":12,"key":"SmokeBomb"},{"floor":16,"key":"Poison Potion"},{"floor":25,"key":"Dexterity Potion"}],"is_trial":false,"path_per_floor":["M","M","?","M","M","E","M","R","T","?","R","E","R","M","R","B",null,"M","$","M","M","?","R","$","M","T","R","M","?","M"],"character_chosen":"DEFECT","items_purchased":["Defragment","Ginger","Chaos","Steam Power","Gash"],"campfire_rested":3,"item_purchase_floors":[19,19,19,24,24],"current_hp_per_floor":[76,73,73,71,64,48,39,39,39,39,78,55,55,55,55,17,87,69,69,38,21,5,46,46,6,6,47,2,2,0],"gold":99,"neow_bonus":"TEN_PERCENT_HP_BONUS","is_prod":false,"is_daily":false,"chose_seed":false,"campfire_upgraded":2,"win_rate":0,"timestamp":1546982686,"path_taken":["M","?","?","?","M","E","M","R","T","?","R","E","R","M","R","BOSS","M","$","M","M","?","R","$","M","T","R","M","?","M"],"build_version":"2019-01-03v4","purchased_purges":1,"victory":false,"max_hp_per_floor":[82,82,82,82,82,82,82,82,82,82,82,82,82,82,82,82,87,87,87,87,87,87,87,87,87,87,87,87,87,87],"card_choices":[{"not_picked":["Stack","Gash"],"picked":"Defragment","floor":1},{"not_picked":["Stack","Redo"],"picked":"Lockon","floor":2},{"not_picked":["Gash","Force Field"],"picked":"Go for the Eyes","floor":4},{"not_picked":["Storm","Coolheaded"],"picked":"Darkness","floor":5},{"not_picked":["Leap","Steam"],"picked":"Cold Snap","floor":6},{"not_picked":["Stack","Aggregate"],"picked":"Conserve Battery","floor":7},{"not_picked":["Sunder","Capacitor"],"picked":"All For One","floor":12},{"not_picked":["Barrage","Compile Driver"],"picked":"Conserve Battery","floor":14},{"not_picked":["Buffer","Meteor Strike"],"picked":"All For One","floor":16},{"not_picked":["Go for the Eyes","Hologram"],"picked":"Chaos","floor":17},{"not_picked":["Cold Snap","Steam Power"],"picked":"Defragment+1","floor":18},{"not_picked":["Rebound","Leap"],"picked":"Genetic Algorithm","floor":20},{"not_picked":["Glacier","Auto Shields"],"picked":"Gash+1","floor":21},{"not_picked":["Rebound","Compile Driver"],"picked":"Redo","floor":25},{"not_picked":["Barrage","Lockon","Streamline"],"picked":"SKIP","floor":28}],"player_experience":272451,"relics_obtained":[{"floor":6,"key":"Regal Pillow"},{"floor":12,"key":"Anchor"},{"floor":22,"key":"Necronomicon"},{"floor":26,"key":"Art of War"}],"event_choices":[{"damage_healed":0,"gold_gain":0,"player_choice":"Trade","damage_taken":0,"relics_obtained":["CultistMask"],"max_hp_gain":0,"max_hp_loss":0,"event_name":"FaceTrader","floor":3,"gold_loss":0},{"damage_healed":0,"gold_gain":175,"player_choice":"AGREE","damage_taken":0,"max_hp_gain":0,"max_hp_loss":0,"event_name":"Liars Game","floor":10,"gold_loss":0,"cards_obtained":["Doubt"]},{"damage_healed":0,"gold_gain":0,"player_choice":"Obtained Book","damage_taken":16,"max_hp_gain":0,"max_hp_loss":0,"event_name":"Cursed Tome","floor":22,"gold_loss":0},{"damage_healed":0,"gold_gain":0,"player_choice":"Simplicity","damage_taken":0,"max_hp_gain":0,"max_hp_loss":0,"event_name":"Back to Basics","floor":29,"gold_loss":0,"cards_upgraded":["Strike_B","Strike_B","Strike_B","Defend_B","Defend_B","Defend_B","Defend_B"]}],"is_beta":false,"boss_relics":[{"not_picked":["Fusion Hammer","Calling Bell"],"picked":"Tiny House"}],"items_purged_floors":[19],"is_endless":false,"potions_floor_spawned":[2,4,5,12,16,25],"killed_by":"Snake Plant","ascension_level":3}