{"gold_per_floor":[19,36,89,102,27,53,69,95,95,114,133,133,152,52,52,152,152,163,86,14,24,34,34],"floor_reached":23,"playtime":1087,"items_purged":["Strike_R","Strike_R"],"score":322,"play_id":"9ec9a302-43b1-43a3-9436-fd922e40950a","local_time":"20180627134731","is_ascension_mode":true,"campfire_choices":[{"data":"Pommel Strike","floor":12,"key":"SMITH"},{"data":"Bash","floor":15,"key":"SMITH"}],"neow_cost":"NO_GOLD","seed_source_timestamp":922260265824372,"circlet_count":0,"master_deck":["Strike_R","Strike_R","Defend_R","Defend_R","Defend_R","Bash+1","Clash","Cleave","Clash","Pommel Strike+1","Fire Breathing","J.A.X.","Fire Breathing"],"relics":["Burning Blood","Blood Vial","Pear","Toolbox","Gremlin Horn","Runic Cube"],"potions_floor_usage":[6,6,8,16],"damage_taken":[{"damage":6,"enemies":"Cultist","floor":1,"turns":3},{"damage":0,"enemies":"Small Slimes","floor":2,"turns":3},{"damage":1,"enemies":"2 Louse","floor":4,"turns":2},{"damage":35,"enemies":"Lagavulin","floor":6,"turns":5},{"damage":2,"enemies":"Exordium Wildlife","floor":7,"turns":3},{"damage":22,"enemies":"3 Sentries","floor":8,"turns":7},{"damage":0,"enemies":"Large Slime","floor":10,"turns":2},{"damage":1,"enemies":"Blue Slaver","floor":11,"turns":2},{"damage":0,"enemies":"Lots of Slimes","floor":13,"turns":1},{"damage":52,"enemies":"Hexaghost","floor":16,"turns":6},{"damage":11,"enemies":"2 Thieves","floor":18,"turns":3},{"damage":30,"enemies":"Shell Parasite","floor":21,"turns":5},{"damage":37,"enemies":"Centurion and Healer","floor":22,"turns":5},{"damage":33,"enemies":"Book of Stabbing","floor":23,"turns":2}],"seed_played":"-3023785736625652764","potions_obtained":[{"floor":2,"key":"Regen Potion"},{"floor":4,"key":"Fruit Juice"},{"floor":7,"key":"AttackPotion"},{"floor":11,"key":"SkillPotion"}],"is_trial":false,"path_per_floor":["M","M","T","M","$","E","M","E","T","M","M","R","M","$","R","B",null,"M","?","$","M","M"],"character_chosen":"IRONCLAD","items_purchased":["Fire Breathing"],"campfire_rested":0,"item_purchase_floors":[20],"current_hp_per_floor":[72,78,78,80,80,75,81,67,67,75,82,82,90,90,90,46,83,80,80,80,58,29,0],"gold":34,"neow_bonus":"REMOVE_TWO","is_prod":false,"is_daily":false,"chose_seed":false,"campfire_upgraded":2,"win_rate":0,"timestamp":1530100051,"path_taken":["M","M","?","M","$","E","M","E","T","M","?","R","M","?","R","BOSS","M","?","?","M","M","E"],"build_version":"2018-06-21v2","purchased_purges":2,"victory":false,"max_hp_per_floor":[80,80,80,80,80,95,95,95,95,95,95,95,95,95,95,95,95,95,95,95,95,95,95],"card_choices":[{"not_picked":["Anger","Whirlwind"],"picked":"Clash","floor":1},{"not_picked":["Dual Wield","Clothesline"],"picked":"Cleave","floor":2},{"not_picked":["Clothesline","Heavy Blade","Havoc"],"picked":"SKIP","floor":4},{"not_picked":["Dual Wield","Battle Trance"],"picked":"Clash","floor":6},{"not_picked":["Entrench","Heavy Blade","Sword Boomerang"],"picked":"SKIP","floor":7},{"not_picked":["Intimidate","Twin Strike"],"picked":"Pommel Strike","floor":8},{"not_picked":["Twin Strike","Burning Pact","Infernal Blade"],"picked":"SKIP","floor":10},{"not_picked":["Cleave","Clothesline","Wild Strike"],"picked":"SKIP","floor":11},{"not_picked":["Infernal Blade","Fiend Fire","Body Slam"],"picked":"SKIP","floor":13},{"not_picked":["Reckless Charge","Havoc"],"picked":"Fire Breathing","floor":18},{"not_picked":["Iron Wave","True Grit","Headbutt"],"picked":"SKIP","floor":21},{"not_picked":["Flex","Iron Wave","Cleave+1"],"picked":"SKIP","floor":22}],"player_experience":368828,"relics_obtained":[{"floor":3,"key":"Blood Vial"},{"floor":6,"key":"Pear"},{"floor":8,"key":"Toolbox"},{"floor":9,"key":"Gremlin Horn"}],"event_choices":[{"event_name":"Drug Dealer","player_choice":"Got JAXXED","floor":19,"damage_taken":0}],"boss_relics":[{"not_picked":["Mark of Pain","Fusion Hammer"],"picked":"Runic Cube"}],"items_purged_floors":[5,14],"is_endless":false,"potions_floor_spawned":[2,4,7,11],"killed_by":"Book of Stabbing","ascension_level":9}