{"gold_per_floor":[118,129,54,54,54,54,70,83,107,107],"floor_reached":10,"playtime":734,"items_purged":["Strike_B"],"score":81,"play_id":"6b5d8471-8e4d-4c8c-b167-82f7150f8064","local_time":"20190127150344","is_ascension_mode":true,"campfire_choices":[{"data":"Dualcast","floor":6,"key":"SMITH"}],"neow_cost":"NONE","seed_source_timestamp":334313773026089,"circlet_count":0,"master_deck":["Strike_B","Strike_B","Defend_B","Defend_B","Defend_B","Defend_B","Zap","Dualcast+1","Go for the Eyes","Go for the Eyes","Recycle","Steam","Sunder"],"relics":["Cracked Core","Potion Belt"],"potions_floor_usage":[7],"damage_taken":[{"damage":0,"enemies":"Small Slimes","floor":1,"turns":2},{"damage":1,"enemies":"Cultist","floor":2,"turns":3},{"damage":2,"enemies":"Jaw Worm","floor":7,"turns":3},{"damage":51,"enemies":"Gremlin Gang","floor":8,"turns":5},{"damage":32,"enemies":"Gremlin Nob","floor":10,"turns":4}],"seed_played":"7470270896702865680","potions_obtained":[{"floor":1,"key":"Explosive Potion"},{"floor":7,"key":"Ancient Potion"}],"is_trial":false,"path_per_floor":["M","M","$","?","?","R","M","M","T","E"],"character_chosen":"DEFECT","items_purchased":[],"campfire_rested":0,"item_purchase_floors":[],"current_hp_per_floor":[75,74,74,74,74,74,72,21,21,0],"gold":107,"neow_bonus":"TEN_PERCENT_HP_BONUS","is_prod":false,"is_daily":false,"chose_seed":false,"campfire_upgraded":1,"win_rate":0,"timestamp":1548619424,"path_taken":["M","M","$","?","?","R","M","?","T","E"],"build_version":"2019-01-23","purchased_purges":1,"victory":false,"max_hp_per_floor":[82,82,82,82,82,82,82,82,82,82],"card_choices":[{"not_picked":["Steam Power","Streamline"],"picked":"Go for the Eyes","floor":1},{"not_picked":["Rebound","Redo"],"picked":"Go for the Eyes","floor":2},{"not_picked":["Go for the Eyes","Lockon"],"picked":"Steam","floor":7},{"not_picked":["Hyperbeam","Rebound"],"picked":"Sunder","floor":8}],"player_experience":2034136,"relics_obtained":[{"floor":9,"key":"Potion Belt"}],"event_choices":[{"damage_healed":0,"gold_gain":0,"player_choice":"Ignored","damage_taken":0,"max_hp_gain":0,"max_hp_loss":0,"event_name":"Shining Light","floor":4,"gold_loss":0},{"damage_healed":0,"gold_gain":0,"cards_transformed":["Strike_B"],"player_choice":"Transformed","damage_taken":0,"max_hp_gain":0,"max_hp_loss":0,"event_name":"Transmorgrifier","floor":5,"gold_loss":0,"cards_obtained":["Recycle"]}],"is_beta":false,"boss_relics":[],"items_purged_floors":[3],"is_endless":false,"potions_floor_spawned":[1,7],"killed_by":"Gremlin Nob","ascension_level":8}