{"path_per_floor":["M","$","?","?","M","R","E","R","T","M","?","M","M","$","R","B",null,"M","?","$","?","T","E","R","M","T","$","E","M","?","M","R","B",null,"M","M","M","$","M","R","E","R","T","?","?","R","E","M","R","B"],"character_chosen":"THE_SILENT","items_purchased":["Noxious Fumes","Tough Bandages","Noxious Fumes","Dagger Throw","Blur","Caltrops","Matryoshka","Backflip"],"gold_per_floor":[369,31,31,31,51,51,80,80,149,162,162,181,201,88,88,191,191,211,211,61,61,361,388,388,404,404,11,43,55,55,69,69,174,174,185,200,219,61,77,77,104,104,104,104,0,0,29,45,45,45],"floor_reached":51,"campfire_rested":1,"playtime":4342,"item_purchase_floors":[2,2,14,20,27,27,27,38],"current_hp_per_floor":[63,63,56,56,54,54,53,53,53,55,55,57,61,61,61,61,63,63,63,63,63,63,10,43,53,53,53,63,54,54,63,63,63,63,63,55,63,63,56,56,63,63,63,63,63,63,63,63,63,63],"items_purged":["Strike_G","Defend_G","Writhe","Strike_G"],"gold":45,"score":1211,"play_id":"b63b083c-e6b0-4e69-aac4-147f2d6584a9","local_time":"20180618035931","is_prod":false,"is_daily":false,"chose_seed":false,"is_ascension_mode":true,"campfire_upgraded":8,"win_rate":0,"timestamp":1529287171,"campfire_choices":[{"data":"Noxious Fumes","floor":6,"key":"SMITH"},{"data":"Prepared","floor":8,"key":"SMITH"},{"data":"Noxious Fumes","floor":15,"key":"SMITH"},{"floor":24,"key":"REST"},{"data":"Calculated Gamble","floor":32,"key":"SMITH"},{"data":"After Image","floor":40,"key":"SMITH"},{"data":"After Image","floor":42,"key":"SMITH"},{"data":"Backflip","floor":46,"key":"SMITH"},{"data":"Poisoned Stab","floor":49,"key":"SMITH"}],"path_taken":["M","$","?","?","M","R","E","R","T","M","?","?","M","$","R","BOSS","M","?","$","?","?","E","R","M","T","$","E","?","?","?","R","BOSS","M","M","M","$","M","R","E","R","T","?","?","R","E","M","R","BOSS"],"build_version":"2018-06-14v2","seed_source_timestamp":106120565302521,"purchased_purges":4,"victory":true,"master_deck":["Defend_G","Defend_G","Defend_G","Defend_G","Survivor","Neutralize","Backflip","Noxious Fumes+1","Neutralize","Prepared+1","Poisoned Stab+1","Acrobatics+1","Well Laid Plans","Prepared+1","Noxious Fumes+1","After Image+1","Dagger Throw","Tools of the Trade","Underhanded Strike","Blur+1","Caltrops","Calculated Gamble+1","After Image+1","Caltrops+1","Backflip+1","Acrobatics+1"],"max_hp_per_floor":[63,63,63,63,63,63,63,63,63,63,63,63,63,63,63,63,63,63,63,63,63,63,63,63,63,63,63,63,63,63,63,63,63,63,63,63,63,63,63,63,63,63,63,63,63,63,63,63,63,63],"relics":["Ring of the Snake","Tough Bandages","Bird Faced Urn","Dodecahedron","Sozu","Regal Pillow","Old Coin","The Courier","Sundial","Matryoshka","War Paint","Runic Dome","Letter Opener","Juzu Bracelet","Ornamental Fan","Red Mask","The Specimen"],"card_choices":[{"not_picked":["Flechettes","Slice"],"picked":"Backflip","floor":1},{"not_picked":["Outmaneuver","Deflect"],"picked":"Prepared","floor":5},{"not_picked":["Quick Slash","Distraction"],"picked":"Poisoned Stab","floor":7},{"not_picked":["Choke","PiercingWail"],"picked":"Acrobatics","floor":10},{"not_picked":["Heel Hook","Prepared"],"picked":"Well Laid Plans","floor":12},{"not_picked":["Slice","Flying Knee"],"picked":"Prepared","floor":13},{"not_picked":["Tactician","Die Die Die"],"picked":"After Image","floor":16},{"not_picked":["Sucker Punch","PiercingWail","Quick Slash"],"picked":"SKIP","floor":18},{"not_picked":["All Out Attack","Blade Dance"],"picked":"Tools of the Trade","floor":23},{"not_picked":["Flechettes","Escape Plan"],"picked":"Underhanded Strike","floor":25},{"not_picked":["PiercingWail","Bane","Blade Dance"],"picked":"SKIP","floor":28},{"not_picked":["Bane","Flechettes+1"],"picked":"Calculated Gamble","floor":29},{"not_picked":["Flying Knee+1","Well Laid Plans","Slice"],"picked":"SKIP","floor":31},{"not_picked":["Envenom","Bullet Time"],"picked":"After Image","floor":33},{"not_picked":["Flying Knee","Setup+1","Calculated Gamble"],"picked":"SKIP","floor":35},{"not_picked":["Outmaneuver","Deadly Poison+1"],"picked":"Caltrops+1","floor":36},{"not_picked":["Bane+1","Underhanded Strike+1","Cloak And Dagger+1"],"picked":"SKIP","floor":37},{"not_picked":["Bouncing Flask","Finisher","All Out Attack"],"picked":"SKIP","floor":39},{"not_picked":["Bane+1","Poisoned Stab","Terror"],"picked":"SKIP","floor":41},{"not_picked":["Masterful Stab","Escape Plan+1"],"picked":"Acrobatics+1","floor":47},{"not_picked":["Accuracy+1","Deflect+1","Flying Knee"],"picked":"SKIP","floor":48}],"player_experience":328211,"potions_floor_usage":[7,16,16,23],"damage_taken":[{"damage":0,"enemies":"Small Slimes","floor":1,"turns":4},{"damage":2,"enemies":"Jaw Worm","floor":5,"turns":4},{"damage":1,"enemies":"3 Sentries","floor":7,"turns":6},{"damage":0,"enemies":"Cultist","floor":10,"turns":3},{"damage":0,"enemies":"Large Slime","floor":12,"turns":6},{"damage":0,"enemies":"Looter","floor":13,"turns":3},{"damage":2,"enemies":"Hexaghost","floor":16,"turns":10},{"damage":0,"enemies":"Spheric Guardian","floor":18,"turns":4},{"damage":55,"enemies":"Slavers","floor":23,"turns":7},{"damage":0,"enemies":"Shell Parasite","floor":25,"turns":5},{"damage":0,"enemies":"Book of Stabbing","floor":28,"turns":6},{"damage":9,"enemies":"Chosen and Byrds","floor":29,"turns":6},{"damage":0,"enemies":"Slaver and Parasite","floor":31,"turns":6},{"damage":0,"enemies":"Automaton","floor":33,"turns":9},{"damage":0,"enemies":"Orb Walker","floor":35,"turns":5},{"damage":8,"enemies":"3 Darklings","floor":36,"turns":5},{"damage":1,"enemies":"4 Shapes","floor":37,"turns":7},{"damage":11,"enemies":"Sphere and 2 Shapes","floor":39,"turns":6},{"damage":0,"enemies":"Giant Head","floor":41,"turns":10},{"damage":0,"enemies":"2 Orb Walkers","floor":47,"turns":5},{"damage":0,"enemies":"Maw","floor":48,"turns":7},{"damage":4,"enemies":"Donu and Deca","floor":50,"turns":8}],"relics_obtained":[{"floor":7,"key":"Bird Faced Urn"},{"floor":9,"key":"Dodecahedron"},{"floor":22,"key":"Old Coin"},{"floor":23,"key":"The Courier"},{"floor":26,"key":"Sundial"},{"floor":28,"key":"War Paint"},{"floor":41,"key":"Letter Opener"},{"floor":43,"key":"Juzu Bracelet"},{"floor":43,"key":"Ornamental Fan"},{"floor":47,"key":"The Specimen"}],"event_choices":[{"event_name":"Golden Wing","player_choice":"Card Removal","floor":3,"damage_taken":0},{"event_name":"Match and Keep!","player_choice":"1 cards matched","floor":4,"damage_taken":0},{"event_name":"Dead Adventurer","player_choice":"Searched \u00270\u0027 times","floor":11,"damage_taken":0},{"event_name":"Purifier","player_choice":"One Purge","floor":19,"damage_taken":0},{"event_name":"The Mausoleum","player_choice":"Yes","floor":21,"damage_taken":0},{"event_name":"Bonfire Elementals","player_choice":"BASIC","floor":30,"damage_taken":0},{"event_name":"Accursed Blacksmith","player_choice":"Forge","floor":44,"damage_taken":0},{"event_name":"Tomb of Lord Red Mask","player_choice":"Paid","floor":45,"damage_taken":0}],"boss_relics":[{"not_picked":["Cursed Key","Astrolabe"],"picked":"Sozu"},{"not_picked":["Fusion Hammer","Runic Pyramid"],"picked":"Runic Dome"}],"items_purged_floors":[14,20,27,38],"is_endless":false,"potions_floor_spawned":[1,5,12,13,29,31,35,36,39],"seed_played":"-87828139966261696","ascension_level":9,"potions_obtained":[{"floor":1,"key":"SneckoOil"},{"floor":5,"key":"AttackPotion"},{"floor":12,"key":"SpeedPotion"},{"floor":13,"key":"EssenceOfSteel"}],"is_trial":false}