{"gold_per_floor":[210,228,2,2,21,21,47,60,60,60,60],"floor_reached":11,"playtime":540,"items_purged":[],"score":102,"play_id":"eb09e935-4cc2-443e-be02-fdc34e8adfa3","local_time":"20190127140703","is_ascension_mode":true,"campfire_choices":[{"data":"Storm","floor":6,"key":"SMITH"},{"floor":10,"key":"REST"}],"neow_cost":"NONE","seed_source_timestamp":331105727720989,"circlet_count":0,"master_deck":["Strike_B","Strike_B","Strike_B","Strike_B","Defend_B","Defend_B","Defend_B","Defend_B","Zap","Dualcast","Skim","Reinforced Body","Storm+1","PiercingWail","Chrysalis"],"relics":["Cracked Core","PrismaticShard","Singing Bowl","Shuriken"],"potions_floor_usage":[7,7,8],"damage_taken":[{"damage":8,"enemies":"Jaw Worm","floor":1,"turns":4},{"damage":5,"enemies":"Cultist","floor":2,"turns":4},{"damage":15,"enemies":"2 Louse","floor":5,"turns":2},{"damage":8,"enemies":"Lagavulin","floor":7,"turns":8},{"damage":42,"enemies":"Exordium Thugs","floor":8,"turns":7},{"damage":35,"enemies":"Gremlin Gang","floor":11,"turns":2}],"seed_played":"1727866059388165270","potions_obtained":[{"floor":4,"key":"Fire Potion"},{"floor":4,"key":"EssenceOfSteel"},{"floor":4,"key":"SneckoOil"},{"floor":5,"key":"GamblersBrew"},{"floor":7,"key":"FairyPotion"}],"is_trial":false,"path_per_floor":["M","M","$","?","M","R","E","M","T","R","M"],"character_chosen":"DEFECT","items_purchased":["PrismaticShard","Storm"],"campfire_rested":1,"item_purchase_floors":[3,3],"current_hp_per_floor":[60,55,55,55,40,40,32,9,9,32,0],"gold":60,"neow_bonus":"HUNDRED_GOLD","is_prod":false,"is_daily":false,"chose_seed":false,"campfire_upgraded":1,"win_rate":0,"timestamp":1548616023,"path_taken":["M","M","$","?","M","R","E","?","T","R","M"],"build_version":"2019-01-23","purchased_purges":0,"victory":false,"max_hp_per_floor":[75,75,75,75,75,75,75,77,77,77,77],"card_choices":[{"not_picked":["Steam","Genetic Algorithm"],"picked":"Skim","floor":1},{"not_picked":["Turbo","Gash"],"picked":"Reinforced Body","floor":2},{"not_picked":["Beam Cell","Catalyst"],"picked":"PiercingWail","floor":5},{"not_picked":["Go for the Eyes","Undo"],"picked":"Chrysalis","floor":7},{"not_picked":["Second Wind","Sucker Punch","Ball Lightning"],"picked":"Singing Bowl","floor":8}],"player_experience":2033596,"relics_obtained":[{"floor":7,"key":"Singing Bowl"},{"floor":9,"key":"Shuriken"}],"event_choices":[{"damage_healed":0,"gold_gain":0,"player_choice":"Got Potions","damage_taken":0,"max_hp_gain":0,"max_hp_loss":0,"event_name":"Lab","floor":4,"gold_loss":0}],"is_beta":false,"boss_relics":[],"items_purged_floors":[],"is_endless":false,"potions_floor_spawned":[5,7],"killed_by":"Gremlin Gang","ascension_level":8}