{"gold_per_floor":[11,11,28,28,28,28,53,67,91,116,127,127,76,96,96,199,199,212,199,199,19,29,29,29,29,53,64,64,83,116,116,116,212,212,223,223,15,27,27],"floor_reached":39,"playtime":4449,"items_purged":[],"score":516,"play_id":"5917166f-c277-4abd-a63d-d59620d1be0d","local_time":"20190131041616","is_ascension_mode":true,"campfire_choices":[{"data":"Thinking Ahead","floor":6,"key":"SMITH"},{"data":"Neutralize","floor":12,"key":"SMITH"},{"floor":15,"key":"REST"},{"data":"Panache","floor":23,"key":"SMITH"},{"data":"Envenom","floor":25,"key":"SMITH"},{"data":"Bouncing Flask","floor":32,"key":"SMITH"}],"neow_cost":"NO_GOLD","seed_source_timestamp":193170795774000,"circlet_count":0,"master_deck":["Defend_G+1","Defend_G+1","Defend_G+1","Defend_G+1","Defend_G+1","Survivor+1","Neutralize+1","Bandage Up","Thinking Ahead+1","Dash+1","Deadly Poison","Backstab","Flechettes","Backflip","Tools of the Trade","PiercingWail","Dagger Spray","Envenom+1","Skewer","Poisoned Stab+1","Panache+1","Bouncing Flask+1","Blur","Writhe","Acrobatics","Outmaneuver","Bite","Bite","Bite","Bite","Bite","Corpse Explosion","Bouncing Flask+1","Terror"],"relics":["Ring of the Snake","PreservedInsect","Anchor","Regal Pillow","Velvet Choker","Bag of Preparation","Snake Skull","The Specimen","Cursed Key","HandDrill"],"potions_floor_usage":[16,29,33,33,35,39],"damage_taken":[{"damage":3,"enemies":"Small Slimes","floor":1,"turns":5},{"damage":0,"enemies":"2 Louse","floor":3,"turns":3},{"damage":30,"enemies":"Lagavulin","floor":7,"turns":11},{"damage":0,"enemies":"Cultist","floor":8,"turns":3},{"damage":14,"enemies":"Gremlin Nob","floor":10,"turns":4},{"damage":0,"enemies":"Lots of Slimes","floor":11,"turns":4},{"damage":0,"enemies":"Large Slime","floor":14,"turns":5},{"damage":30,"enemies":"Hexaghost","floor":16,"turns":13},{"damage":7,"enemies":"Shell Parasite","floor":18,"turns":5},{"damage":4,"enemies":"2 Thieves","floor":19,"turns":4},{"damage":1,"enemies":"Snake Plant","floor":22,"turns":4},{"damage":7,"enemies":"Centurion and Healer","floor":27,"turns":5},{"damage":0,"enemies":"Cultist and Chosen","floor":29,"turns":6},{"damage":3,"enemies":"Book of Stabbing","floor":30,"turns":4},{"damage":64,"enemies":"Champ","floor":33,"turns":11},{"damage":45,"enemies":"3 Shapes","floor":35,"turns":4},{"damage":1,"enemies":"3 Darklings","floor":38,"turns":2},{"damage":41,"enemies":"Maw","floor":39,"turns":5}],"seed_played":"-8890743216507023370","potions_obtained":[{"floor":7,"key":"Swift Potion"},{"floor":8,"key":"PowerPotion"},{"floor":11,"key":"Swift Potion"},{"floor":19,"key":"Explosive Potion"},{"floor":29,"key":"Regen Potion"},{"floor":38,"key":"Poison Potion"}],"is_trial":false,"path_per_floor":["M","$","M","?","?","R","E","M","T","E","M","R","$","M","R","B",null,"M","M","?","$","M","R","$","R","T","M","?","M","E","?","R","B",null,"M","?","$","M","M"],"character_chosen":"THE_SILENT","items_purchased":["PiercingWail","Panache","HandDrill"],"campfire_rested":1,"item_purchase_floors":[13,21,37],"current_hp_per_floor":[70,70,70,56,56,56,30,34,34,24,28,28,28,32,68,42,70,66,66,66,66,65,65,65,65,65,62,62,66,67,49,49,14,49,6,6,6,9,0],"gold":27,"neow_bonus":"RANDOM_COLORLESS_2","is_prod":false,"is_daily":false,"chose_seed":false,"campfire_upgraded":5,"win_rate":0,"timestamp":1548926176,"path_taken":["M","$","M","?","?","R","E","?","T","E","M","R","?","?","R","BOSS","M","M","?","$","M","R","$","R","T","M","?","M","E","?","R","BOSS","M","?","$","?","M"],"build_version":"2019-01-23","purchased_purges":0,"victory":false,"max_hp_per_floor":[70,70,70,70,70,70,70,70,70,70,70,70,70,70,70,70,70,70,70,70,70,70,70,70,70,70,70,70,70,70,49,49,49,49,49,49,49,49,49],"card_choices":[{"not_picked":["Blur","Blade Dance"],"picked":"Dash","floor":1},{"not_picked":["Slice","Accuracy"],"picked":"Deadly Poison","floor":3},{"not_picked":["Deflect","Quick Slash"],"picked":"Backstab","floor":7},{"not_picked":["Sucker Punch","Cloak And Dagger"],"picked":"Flechettes","floor":8},{"not_picked":["Accuracy","Deadly Poison"],"picked":"Backflip","floor":10},{"not_picked":["Poisoned Stab","Prepared"],"picked":"Tools of the Trade","floor":11},{"not_picked":["Heel Hook","Dodge and Roll"],"picked":"Dagger Spray","floor":14},{"not_picked":["Adrenaline","After Image"],"picked":"Envenom","floor":16},{"not_picked":["Heel Hook","Cloak And Dagger"],"picked":"Skewer","floor":18},{"not_picked":["Backstab","Calculated Gamble"],"picked":"Poisoned Stab+1","floor":19},{"not_picked":["Deflect+1","Dodge and Roll"],"picked":"Bouncing Flask","floor":22},{"not_picked":["Outmaneuver","Deflect+1"],"picked":"Blur","floor":27},{"not_picked":["Dagger Spray","Flechettes"],"picked":"Acrobatics","floor":29},{"not_picked":["Sucker Punch","Bane+1"],"picked":"Outmaneuver","floor":30},{"not_picked":["Unload","Adrenaline"],"picked":"Corpse Explosion","floor":33},{"not_picked":["Backflip+1","Endless Agony"],"picked":"Bouncing Flask+1","floor":35},{"not_picked":["Sucker Punch","Caltrops"],"picked":"Terror","floor":38}],"player_experience":2052358,"relics_obtained":[{"floor":7,"key":"PreservedInsect"},{"floor":9,"key":"Anchor"},{"floor":10,"key":"Regal Pillow"},{"floor":26,"key":"Bag of Preparation"},{"floor":30,"key":"The Specimen"}],"event_choices":[{"damage_healed":0,"gold_gain":0,"player_choice":"Entered Light","damage_taken":14,"max_hp_gain":0,"max_hp_loss":0,"event_name":"Shining Light","floor":4,"gold_loss":0,"cards_upgraded":["Survivor","Defend_G"]},{"damage_healed":0,"gold_gain":0,"player_choice":"Upgraded","damage_taken":0,"max_hp_gain":0,"max_hp_loss":0,"event_name":"Upgrade Shrine","floor":5,"gold_loss":0,"cards_upgraded":["Dash"]},{"damage_healed":0,"gold_gain":0,"player_choice":"Simplicity","damage_taken":0,"max_hp_gain":0,"max_hp_loss":0,"event_name":"Back to Basics","floor":20,"gold_loss":0,"cards_upgraded":["Defend_G","Defend_G","Defend_G","Defend_G","Strike_G","Strike_G","Strike_G","Strike_G","Strike_G"]},{"damage_healed":0,"gold_gain":0,"player_choice":"Opened","damage_taken":0,"relics_obtained":["Snake Skull"],"max_hp_gain":0,"max_hp_loss":0,"event_name":"The Mausoleum","floor":28,"gold_loss":0,"cards_obtained":["Writhe"]},{"damage_healed":0,"gold_gain":0,"player_choice":"Became a vampire","damage_taken":0,"max_hp_gain":0,"max_hp_loss":21,"event_name":"Vampires","floor":31,"gold_loss":0,"cards_obtained":["Bite","Bite","Bite","Bite","Bite"]},{"damage_healed":0,"gold_gain":0,"player_choice":"Ignored","damage_taken":0,"max_hp_gain":0,"max_hp_loss":0,"event_name":"SecretPortal","floor":36,"gold_loss":0}],"is_beta":false,"boss_relics":[{"not_picked":["White Beast Statue","Empty Cage"],"picked":"Velvet Choker"},{"not_picked":["Astrolabe","Runic Pyramid"],"picked":"Cursed Key"}],"items_purged_floors":[],"is_endless":false,"potions_floor_spawned":[7,8,11,19,27,29,30,38],"killed_by":"Maw","ascension_level":4}