{"gold_per_floor":[364,379,379,391,195,195,212,9,90,90,90,110,129,143,143,217,217,232,11,29,29,29,29,29,39,39,72,86,116,126,152,152,152],"floor_reached":33,"playtime":1168,"items_purged":[],"score":460,"play_id":"b9fcbc36-d6f0-401c-97f2-e7857aa1b869","local_time":"20190406221344","is_ascension_mode":true,"campfire_choices":[{"data":"Sunder","floor":6,"key":"SMITH"},{"data":"Self Repair","floor":11,"key":"SMITH"},{"data":"Loop","floor":15,"key":"SMITH"},{"data":"Zap","floor":23,"key":"SMITH"},{"floor":32,"key":"REST"}],"neow_cost":"PERCENT_DAMAGE","seed_source_timestamp":338571919088300,"circlet_count":0,"master_deck":["AscendersBane","Strike_B","Strike_B","Strike_B","Strike_B","Defend_B","Defend_B","Defend_B","Defend_B","Zap+1","Dualcast+1","Sunder+1","FTL","Self Repair+1","Storm","Storm","Beam Cell","Loop+1","Capacitor","Electrodynamics","Coolheaded","Tempest","Storm","Writhe","Double Energy"],"relics":["Cracked Core","Art of War","DataDisk","Chemical X","Bottled Tornado","Busted Crown","Toolbox","Kunai","Incense Burner","Tiny Chest","Mummified Hand"],"potions_floor_usage":[12,27,28,31],"damage_taken":[{"damage":1,"enemies":"Cultist","floor":1,"turns":4},{"damage":7,"enemies":"Jaw Worm","floor":2,"turns":2},{"damage":0,"enemies":"Small Slimes","floor":4,"turns":2},{"damage":0,"enemies":"3 Louse","floor":7,"turns":2},{"damage":3,"enemies":"2 Fungi Beasts","floor":12,"turns":3},{"damage":8,"enemies":"Blue Slaver","floor":13,"turns":3},{"damage":30,"enemies":"Exordium Thugs","floor":14,"turns":4},{"damage":30,"enemies":"The Guardian","floor":16,"turns":7},{"damage":7,"enemies":"Chosen","floor":18,"turns":4},{"damage":14,"enemies":"Shell Parasite","floor":20,"turns":2},{"damage":1,"enemies":"Sentry and Sphere","floor":25,"turns":3},{"damage":53,"enemies":"Slavers","floor":27,"turns":4},{"damage":12,"enemies":"Centurion and Healer","floor":28,"turns":4},{"damage":12,"enemies":"Cultist and Chosen","floor":30,"turns":3},{"damage":28,"enemies":"Gremlin Leader","floor":31,"turns":4},{"damage":36,"enemies":"Collector","floor":33,"turns":5}],"seed_played":"3456925601337172048","potions_obtained":[{"floor":1,"key":"Block Potion"},{"floor":7,"key":"EssenceOfSteel"},{"floor":16,"key":"AttackPotion"},{"floor":18,"key":"Regen Potion"},{"floor":28,"key":"PowerPotion"}],"is_trial":false,"path_per_floor":["M","M","?","M","$","R","M","$","T","?","R","M","M","M","R","B",null,"M","$","M","$","?","R","?","M","T","E","M","?","M","E","R","B"],"character_chosen":"DEFECT","items_purchased":["DataDisk","Storm","Chemical X","Toolbox","Coolheaded"],"campfire_rested":1,"item_purchase_floors":[5,5,8,19,19],"current_hp_per_floor":[49,42,42,42,42,42,42,42,42,42,42,49,51,31,31,11,59,62,62,58,58,58,58,58,67,67,24,34,34,32,4,26,0],"gold":152,"neow_bonus":"TWO_FIFTY_GOLD","is_prod":false,"is_daily":false,"chose_seed":false,"campfire_upgraded":4,"win_rate":0,"timestamp":1554603224,"path_taken":["M","?","?","?","$","R","M","$","T","?","R","M","M","M","R","BOSS","M","$","M","$","?","R","?","M","T","E","M","?","M","E","R","BOSS"],"build_version":"2019-01-23","purchased_purges":0,"victory":false,"max_hp_per_floor":[75,75,75,75,75,75,75,75,75,75,75,75,75,75,75,75,75,75,75,75,75,75,75,75,75,75,75,75,75,75,75,75,75],"card_choices":[{"not_picked":["Cold Snap","Streamline"],"picked":"Sunder","floor":1},{"not_picked":["Redo","Leap"],"picked":"FTL","floor":2},{"not_picked":["Rebound","Genetic Algorithm"],"picked":"Self Repair","floor":4},{"not_picked":["Consume","Rebound"],"picked":"Storm","floor":7},{"not_picked":["Fusion","FTL"],"picked":"Beam Cell","floor":12},{"not_picked":["Scrape","Storm"],"picked":"Loop","floor":13},{"not_picked":["Rip and Tear","Beam Cell"],"picked":"Capacitor","floor":14},{"not_picked":["Biased Cognition","Core Surge"],"picked":"Electrodynamics","floor":16},{"not_picked":["Compile Driver"],"picked":"SKIP","floor":18},{"not_picked":["Scrape"],"picked":"SKIP","floor":20},{"not_picked":[],"picked":"Tempest","floor":25},{"not_picked":[],"picked":"Storm","floor":27},{"not_picked":["Gash"],"picked":"SKIP","floor":28},{"not_picked":[],"picked":"Double Energy","floor":30},{"not_picked":["Darkness"],"picked":"SKIP","floor":31}],"player_experience":2596608,"relics_obtained":[{"floor":9,"key":"Bottled Tornado"},{"floor":26,"key":"Kunai"},{"floor":27,"key":"Incense Burner"},{"floor":31,"key":"Mummified Hand"}],"event_choices":[{"damage_healed":0,"gold_gain":0,"player_choice":"Gave Potion","damage_taken":0,"relics_obtained":["Art of War"],"max_hp_gain":0,"max_hp_loss":0,"event_name":"WeMeetAgain","floor":3,"gold_loss":0},{"damage_healed":0,"gold_gain":0,"player_choice":"Grow","damage_taken":0,"max_hp_gain":0,"max_hp_loss":0,"event_name":"Living Wall","floor":10,"gold_loss":0,"cards_upgraded":["Dualcast"]},{"damage_healed":0,"gold_gain":0,"player_choice":"Ignored","damage_taken":0,"max_hp_gain":0,"max_hp_loss":0,"event_name":"Beggar","floor":24,"gold_loss":0},{"damage_healed":0,"gold_gain":0,"player_choice":"Opened","damage_taken":0,"relics_obtained":["Tiny Chest"],"max_hp_gain":0,"max_hp_loss":0,"event_name":"The Mausoleum","floor":29,"gold_loss":0,"cards_obtained":["Writhe"]}],"is_beta":false,"boss_relics":[{"not_picked":["FrozenCore","Astrolabe"],"picked":"Busted Crown"}],"items_purged_floors":[],"is_endless":false,"potions_floor_spawned":[1,7,16,18,20,28],"killed_by":"Collector","ascension_level":13}