{"gold_per_floor":[117,127,17,31,47,47,47,47,126,126,157,4,22,36,36,139,139,154,254,169,169,186,186,213,213,239,239,239,256,273,298,298,298],"floor_reached":33,"playtime":1757,"items_purged":["Parasite"],"score":398,"play_id":"5604bc86-49c8-403d-b4c8-2bcd0365424b","local_time":"20190105140934","is_ascension_mode":true,"campfire_choices":[{"data":"Uppercut","floor":6,"key":"SMITH"},{"data":"Pommel Strike","floor":10,"key":"SMITH"},{"data":"Heavy Blade","floor":15,"key":"SMITH"},{"floor":23,"key":"REST"},{"data":"Pommel Strike","floor":27,"key":"SMITH"},{"floor":32,"key":"REST"}],"neow_cost":"CURSE","seed_source_timestamp":757045358687705,"circlet_count":0,"master_deck":["AscendersBane","Strike_R","Strike_R","Strike_R","Strike_R","Defend_R","Defend_R","Defend_R","Bash","Anger","Brutality","Pommel Strike","Whirlwind+1","Uppercut+1","Spot Weakness","Pommel Strike+1","Pommel Strike+1","Evolve","Heavy Blade+1","Demon Form","Ghostly Armor","Infernal Blade","Rupture+1","Juggernaut","Intimidate+1"],"relics":["Burning Blood","Letter Opener","Bronze Scales","Anchor","Sozu","Magic Flower","Self Forming Clay","Boot","Question Card","Red Mask","Dream Catcher","MutagenicStrength","PreservedInsect"],"potions_floor_usage":[11,18,19,19],"damage_taken":[{"damage":2,"enemies":"Cultist","floor":1,"turns":3},{"damage":4,"enemies":"Jaw Worm","floor":2,"turns":3},{"damage":9,"enemies":"Small Slimes","floor":4,"turns":3},{"damage":6,"enemies":"3 Louse","floor":5,"turns":3},{"damage":28,"enemies":"3 Sentries","floor":11,"turns":5},{"damage":1,"enemies":"2 Fungi Beasts","floor":13,"turns":2},{"damage":0,"enemies":"Lots of Slimes","floor":14,"turns":1},{"damage":38,"enemies":"Slime Boss","floor":16,"turns":10},{"damage":2,"enemies":"Spheric Guardian","floor":18,"turns":3},{"damage":21,"enemies":"Colosseum Slavers","floor":19,"turns":3},{"damage":45,"enemies":"Colosseum Nobs","floor":19,"turns":5},{"damage":15,"enemies":"2 Thieves","floor":22,"turns":4},{"damage":24,"enemies":"Masked Bandits","floor":24,"turns":4},{"damage":15,"enemies":"Snecko","floor":29,"turns":3},{"damage":15,"enemies":"Snake Plant","floor":30,"turns":3},{"damage":10,"enemies":"Gremlin Leader","floor":31,"turns":5},{"damage":73,"enemies":"Automaton","floor":33,"turns":6}],"seed_played":"1103359100224830549","potions_obtained":[{"floor":1,"key":"Regen Potion"},{"floor":5,"key":"Regen Potion"},{"floor":11,"key":"Weak Potion"},{"floor":16,"key":"Energy Potion"}],"is_trial":false,"path_per_floor":["M","M","$","M","M","R","?","$","T","R","E","$","M","M","R","B",null,"M","?","?","T","M","R","?","?","T","R","?","M","M","E","R","B"],"character_chosen":"IRONCLAD","items_purchased":["Uppercut","Anchor"],"campfire_rested":2,"item_purchase_floors":[3,12],"current_hp_per_floor":[76,78,77,74,74,74,74,74,74,74,64,64,69,75,75,43,69,73,33,33,33,27,50,35,60,60,60,60,54,48,47,70,0],"gold":298,"neow_bonus":"TRANSFORM_TWO_CARDS","is_prod":false,"is_daily":false,"chose_seed":false,"campfire_upgraded":4,"win_rate":0,"timestamp":1546715374,"path_taken":["M","M","$","M","M","R","?","$","T","R","E","$","?","M","R","BOSS","M","?","?","?","M","R","?","?","T","R","?","M","M","E","R","BOSS"],"build_version":"2019-01-03v4","purchased_purges":1,"victory":false,"max_hp_per_floor":[80,80,77,77,77,77,77,77,77,77,77,77,77,77,77,77,77,77,77,77,77,77,77,77,77,77,77,77,77,77,77,77,77],"card_choices":[{"not_picked":["Combust","Dropkick"],"picked":"Pommel Strike","floor":1},{"not_picked":["Warcry","Seeing Red"],"picked":"Whirlwind","floor":2},{"not_picked":["Sentinel","Clothesline"],"picked":"Spot Weakness","floor":4},{"not_picked":["Clash","Blood for Blood"],"picked":"Pommel Strike","floor":5},{"not_picked":["Rampage","Brutality"],"picked":"Pommel Strike","floor":11},{"not_picked":["Heavy Blade","Dual Wield"],"picked":"Evolve","floor":13},{"not_picked":["Uppercut","Pommel Strike"],"picked":"Heavy Blade","floor":14},{"not_picked":["Berserk","Exhume"],"picked":"Demon Form","floor":16},{"not_picked":["Flex","Perfected Strike","True Grit"],"picked":"SKIP","floor":18},{"not_picked":["Havoc","Sword Boomerang"],"picked":"Ghostly Armor","floor":19},{"not_picked":["Pummel","Whirlwind","Perfected Strike"],"picked":"Infernal Blade","floor":22},{"not_picked":["Rage+1","Inflame","Uppercut"],"picked":"Rupture+1","floor":29},{"not_picked":["Pommel Strike","Clash","Heavy Blade"],"picked":"Juggernaut","floor":30},{"not_picked":["Rampage","Carnage+1","Twin Strike+1"],"picked":"Intimidate+1","floor":31}],"player_experience":1709647,"relics_obtained":[{"floor":9,"key":"Letter Opener"},{"floor":11,"key":"Bronze Scales"},{"floor":19,"key":"Magic Flower"},{"floor":19,"key":"Self Forming Clay"},{"floor":21,"key":"Question Card"},{"floor":24,"key":"Red Mask"},{"floor":26,"key":"Dream Catcher"},{"floor":31,"key":"PreservedInsect"}],"event_choices":[{"damage_healed":0,"gold_gain":0,"player_choice":"Upgraded","damage_taken":0,"max_hp_gain":0,"max_hp_loss":0,"event_name":"Upgrade Shrine","floor":7,"gold_loss":0,"cards_upgraded":["Whirlwind"]},{"damage_healed":0,"gold_gain":0,"player_choice":"Fight","damage_taken":0,"max_hp_gain":0,"max_hp_loss":0,"event_name":"Colosseum","floor":19,"gold_loss":0},{"damage_healed":0,"gold_gain":0,"player_choice":"Fought Nobs","damage_taken":0,"max_hp_gain":0,"max_hp_loss":0,"event_name":"Colosseum","floor":19,"gold_loss":0},{"damage_healed":0,"gold_gain":0,"player_choice":"Obtained Relic","damage_taken":0,"relics_obtained":["Boot"],"max_hp_gain":0,"max_hp_loss":0,"event_name":"Addict","floor":20,"gold_loss":85},{"damage_healed":0,"gold_gain":0,"player_choice":"Fought Bandits","damage_taken":0,"max_hp_gain":0,"max_hp_loss":0,"event_name":"Masked Bandits","floor":24,"gold_loss":0},{"damage_healed":25,"gold_gain":0,"player_choice":"Heal","damage_taken":0,"max_hp_gain":0,"max_hp_loss":0,"event_name":"The Library","floor":25,"gold_loss":0},{"damage_healed":0,"gold_gain":0,"player_choice":"Inject Mutagens","damage_taken":0,"relics_obtained":["MutagenicStrength"],"max_hp_gain":0,"max_hp_loss":0,"event_name":"Drug Dealer","floor":28,"gold_loss":0}],"is_beta":false,"boss_relics":[{"not_picked":["Mark of Pain","Snecko Eye"],"picked":"Sozu"}],"items_purged_floors":[3],"is_endless":false,"potions_floor_spawned":[1,5,11,16,19,30,31],"killed_by":"Automaton","ascension_level":10}