{"gold_per_floor":[111,125,50,66,37,37,37,65,114,114,125,275,275,287,287,363,363,380,49,99,49,63,63,78,78,78,92,6,26,26],"floor_reached":30,"playtime":1238,"items_purged":["Regret","Strike_R"],"score":464,"play_id":"55aee82d-00ed-458f-8b29-95b7c06d5e94","local_time":"20190511162742","is_ascension_mode":true,"campfire_choices":[{"floor":6,"key":"REST"},{"floor":10,"key":"REST"},{"floor":15,"key":"REST"},{"data":"Blood for Blood","floor":23,"key":"SMITH"}],"neow_cost":"CURSE","seed_source_timestamp":1375077162334502,"circlet_count":0,"master_deck":["AscendersBane","Strike_R+1","Strike_R","Strike_R","Defend_R","Defend_R+1","Defend_R+1","Bash","Searing Blow","Blood for Blood+1","Battle Trance","Searing Blow","Dual Wield","Shrug It Off","Headbutt","Brutality+1","Metallicize"],"relics":["Burning Blood","Question Card","War Paint","Black Star","Lee\u0027s Waffle","Mercury Hourglass"],"potions_floor_usage":[8,8,11,16,27,27,29,30],"damage_taken":[{"damage":32,"enemies":"Jaw Worm","floor":1,"turns":6},{"damage":9,"enemies":"Cultist","floor":2,"turns":3},{"damage":10,"enemies":"Small Slimes","floor":4,"turns":3},{"damage":19,"enemies":"Exordium Thugs","floor":5,"turns":4},{"damage":40,"enemies":"3 Sentries","floor":8,"turns":8},{"damage":7,"enemies":"2 Fungi Beasts","floor":11,"turns":3},{"damage":24,"enemies":"Exordium Wildlife","floor":14,"turns":6},{"damage":25,"enemies":"Hexaghost","floor":16,"turns":8},{"damage":34,"enemies":"Spheric Guardian","floor":18,"turns":6},{"damage":30,"enemies":"Shell Parasite","floor":22,"turns":4},{"damage":31,"enemies":"Centurion and Healer","floor":24,"turns":5},{"damage":32,"enemies":"Shelled Parasite and Fungi","floor":27,"turns":4},{"damage":14,"enemies":"Snake Plant","floor":29,"turns":3},{"damage":8,"enemies":"Gremlin Leader","floor":30,"turns":2}],"seed_played":"6028237430248595397","potions_obtained":[{"floor":1,"key":"LiquidBronze"},{"floor":5,"key":"AttackPotion"},{"floor":8,"key":"Explosive Potion"},{"floor":11,"key":"PowerPotion"},{"floor":16,"key":"EntropicBrew"},{"floor":18,"key":"SpeedPotion"},{"floor":29,"key":"EssenceOfSteel"}],"is_trial":false,"path_per_floor":["M","M","$","M","M","R","$","E","T","R","M","?","?","M","R","B",null,"M","$","?","?","M","R","M","?","T","M","$","M","E"],"character_chosen":"IRONCLAD","items_purchased":["Lee\u0027s Waffle","BloodPotion"],"campfire_rested":3,"item_purchase_floors":[19,28],"current_hp_per_floor":[42,39,39,35,22,44,44,10,10,32,31,31,31,13,35,16,60,32,82,82,82,58,58,33,33,33,7,7,7,0],"gold":26,"neow_bonus":"TRANSFORM_TWO_CARDS","is_prod":false,"is_daily":false,"chose_seed":false,"campfire_upgraded":1,"win_rate":0,"timestamp":1557601062,"path_taken":["M","M","$","M","M","R","$","E","T","R","M","?","?","M","R","BOSS","M","$","?","?","?","R","M","?","T","M","?","M","E"],"build_version":"2019-01-23","purchased_purges":2,"victory":false,"max_hp_per_floor":[75,75,75,75,75,75,75,75,75,75,75,75,75,75,75,75,75,75,82,82,82,82,82,82,82,82,82,82,82,82],"card_choices":[{"not_picked":["Perfected Strike","Reckless Charge","Sword Boomerang"],"picked":"SKIP","floor":1},{"not_picked":["Havoc","Flex","Heavy Blade"],"picked":"SKIP","floor":2},{"not_picked":["Entrench","Intimidate"],"picked":"Battle Trance","floor":4},{"not_picked":["Anger","Battle Trance"],"picked":"Searing Blow","floor":5},{"not_picked":["Double Tap","Spot Weakness"],"picked":"Dual Wield","floor":8},{"not_picked":["Flex","Reckless Charge","Warcry"],"picked":"Shrug It Off","floor":11},{"not_picked":["Uppercut","True Grit","Clash"],"picked":"Headbutt","floor":14},{"not_picked":["Berserk","Bludgeon","Immolate"],"picked":"Brutality","floor":16},{"not_picked":["Feel No Pain+1","Havoc","Ghostly Armor","Battle Trance"],"picked":"SKIP","floor":18},{"not_picked":["Wild Strike","Ghostly Armor","Sentinel","Clash"],"picked":"SKIP","floor":22},{"not_picked":["Warcry","Headbutt","Battle Trance","Shrug It Off"],"picked":"SKIP","floor":24},{"not_picked":["Searing Blow","Iron Wave","Whirlwind+1","Clash"],"picked":"SKIP","floor":27},{"not_picked":["Reckless Charge","Wild Strike","Body Slam"],"picked":"Metallicize","floor":29}],"player_experience":1196361,"relics_obtained":[{"floor":8,"key":"Question Card"},{"floor":9,"key":"War Paint"},{"floor":26,"key":"Mercury Hourglass"}],"event_choices":[{"damage_healed":0,"gold_gain":150,"player_choice":"AGREE","damage_taken":0,"max_hp_gain":0,"max_hp_loss":0,"event_name":"Liars Game","floor":12,"gold_loss":0,"cards_obtained":["Doubt"]},{"cards_removed":["Doubt"],"damage_healed":0,"gold_gain":0,"player_choice":"Card Removal","damage_taken":0,"max_hp_gain":0,"max_hp_loss":0,"event_name":"Wheel of Change","floor":13,"gold_loss":0},{"damage_healed":0,"gold_gain":50,"player_choice":"Stole From Cult","damage_taken":0,"max_hp_gain":0,"max_hp_loss":0,"event_name":"Nest","floor":20,"gold_loss":0},{"damage_healed":0,"gold_gain":0,"player_choice":"Upgraded Two","damage_taken":0,"max_hp_gain":0,"max_hp_loss":0,"event_name":"Designer","floor":21,"gold_loss":50,"cards_upgraded":["Strike_R","Brutality"]}],"is_beta":false,"boss_relics":[{"not_picked":["Ectoplasm","Calling Bell"],"picked":"Black Star"}],"items_purged_floors":[3,19],"is_endless":false,"potions_floor_spawned":[1,5,8,11,16,18,29],"killed_by":"Gremlin Leader","ascension_level":20}