{"gold_per_floor":[117,117,138,162,87,87,106,140,212,212,21,60,79,95,95,95],"floor_reached":16,"playtime":562,"items_purged":["Strike_R"],"score":165,"play_id":"c87e721b-ea22-4fa6-8069-8c1cdccc9ad5","local_time":"20180727010154","is_ascension_mode":true,"campfire_choices":[{"data":"Inflame","floor":6,"key":"SMITH"},{"data":"Rage","floor":10,"key":"SMITH"},{"floor":15,"key":"REST"}],"neow_cost":"TEN_PERCENT_HP_LOSS","seed_source_timestamp":3468867729703249,"circlet_count":0,"master_deck":["Strike_R","Strike_R","Strike_R","Defend_R","Defend_R","Defend_R","Bash","AscendersBane","Inflame+1","Cleave","Rage+1"],"relics":["Burning Blood","Golden Idol","Blood Vial","Bag of Preparation","Kunai","Sling","Letter Opener"],"potions_floor_usage":[8,16],"damage_taken":[{"damage":7,"enemies":"Small Slimes","floor":1,"turns":3},{"damage":7,"enemies":"Jaw Worm","floor":3,"turns":4},{"damage":0,"enemies":"2 Louse","floor":7,"turns":2},{"damage":21,"enemies":"3 Sentries","floor":8,"turns":6},{"damage":8,"enemies":"Gremlin Nob","floor":12,"turns":3},{"damage":12,"enemies":"Lots of Slimes","floor":13,"turns":2},{"damage":18,"enemies":"Exordium Thugs","floor":14,"turns":4},{"damage":68,"enemies":"The Guardian","floor":16,"turns":12}],"seed_played":"-480899500601053547","potions_obtained":[{"floor":1,"key":"Strength Potion"},{"floor":3,"key":"Strength Potion"},{"floor":14,"key":"FairyPotion"}],"is_trial":false,"path_per_floor":["M","?","M","T","$","R","M","E","T","R","$","E","M","M","R"],"character_chosen":"IRONCLAD","items_purchased":["Sling"],"campfire_rested":1,"item_purchase_floors":[11],"current_hp_per_floor":[71,53,52,52,52,52,60,47,47,47,47,47,43,33,54,0],"gold":95,"neow_bonus":"REMOVE_TWO","is_prod":false,"is_daily":false,"chose_seed":false,"campfire_upgraded":2,"win_rate":0,"timestamp":1532646114,"path_taken":["M","?","?","?","?","R","M","E","T","R","$","E","?","M","R","BOSS"],"build_version":"2018-07-19v2","purchased_purges":1,"victory":false,"max_hp_per_floor":[72,72,72,72,72,72,72,72,72,72,72,72,72,72,72,72],"card_choices":[{"not_picked":["Flex","Searing Blow"],"picked":"Inflame","floor":1},{"not_picked":["Headbutt","Clothesline"],"picked":"Cleave","floor":3},{"not_picked":["Bloodletting","Headbutt"],"picked":"Rage","floor":7},{"not_picked":["Thunderclap","Entrench","Dropkick"],"picked":"SKIP","floor":8},{"not_picked":["Body Slam","Intimidate","Carnage"],"picked":"SKIP","floor":12},{"not_picked":["Ghostly Armor","Armaments","Thunderclap"],"picked":"SKIP","floor":13},{"not_picked":["Havoc","Anger","Corruption"],"picked":"SKIP","floor":14}],"player_experience":386298,"relics_obtained":[{"floor":4,"key":"Blood Vial"},{"floor":8,"key":"Bag of Preparation"},{"floor":9,"key":"Kunai"},{"floor":12,"key":"Letter Opener"}],"event_choices":[{"event_name":"Golden Idol","player_choice":"Take Damage","floor":2,"damage_taken":0}],"is_beta":false,"boss_relics":[],"items_purged_floors":[5],"is_endless":false,"potions_floor_spawned":[1,3,14],"killed_by":"The Guardian","ascension_level":10}