{"gold_per_floor":[115,135,135,135,151,185,185,203,203,11,11,22,22,22,22,122,122,138,156,170,182,182,182,217,217,217,228,245,245,259,277,277,375,375,393,288,302,349,349,349,349],"floor_reached":41,"playtime":2825,"items_purged":[],"score":499,"play_id":"71be4709-5f8a-495e-aef7-b20326a6cd6d","local_time":"20190208174253","is_ascension_mode":true,"campfire_choices":[{"data":"Neutralize","floor":7,"key":"SMITH"},{"data":"Bane","floor":11,"key":"SMITH"},{"floor":13,"key":"REST"},{"data":"Bane","floor":15,"key":"SMITH"},{"floor":23,"key":"REST"},{"data":"Corpse Explosion","floor":25,"key":"SMITH"},{"floor":29,"key":"REST"},{"floor":32,"key":"REST"},{"floor":40,"key":"REST"}],"neow_cost":"NONE","seed_source_timestamp":37946360477915,"circlet_count":0,"master_deck":["Defend_G+1","Defend_G","Defend_G+1","Defend_G","Defend_G","Strike_G","Strike_G","Survivor","Neutralize+1","Deadly Poison","Bane+1","Bane+1","Prepared","Corpse Explosion+1","Acrobatics+1","Deflect+1","Sucker Punch","Outmaneuver+1","Poisoned Stab+1","Deadly Poison+1","Adrenaline","Deadly Poison","Venomology","Quick Slash+1","Dash+1","Dagger Spray+1","Distraction","PiercingWail","Blur","Bane+1","Poisoned Stab+1"],"relics":["Ring of the Snake","Pear","Letter Opener","Darkstone Periapt","Toolbox","Philosopher\u0027s Stone","Red Mask","The Courier","Astrolabe","Bird Faced Urn"],"potions_floor_usage":[6,20,33,33,33,41],"damage_taken":[{"damage":0,"enemies":"Jaw Worm","floor":1,"turns":4},{"damage":0,"enemies":"Cultist","floor":2,"turns":5},{"damage":4,"enemies":"Small Slimes","floor":5,"turns":4},{"damage":44,"enemies":"Lagavulin","floor":6,"turns":7},{"damage":8,"enemies":"Blue Slaver","floor":8,"turns":3},{"damage":3,"enemies":"Looter","floor":12,"turns":3},{"damage":29,"enemies":"Slime Boss","floor":16,"turns":10},{"damage":4,"enemies":"Shell Parasite","floor":18,"turns":4},{"damage":21,"enemies":"3 Byrds","floor":19,"turns":2},{"damage":13,"enemies":"Snake Plant","floor":20,"turns":3},{"damage":15,"enemies":"Shelled Parasite and Fungi","floor":21,"turns":5},{"damage":0,"enemies":"Masked Bandits","floor":24,"turns":1},{"damage":19,"enemies":"3 Cultists","floor":27,"turns":3},{"damage":3,"enemies":"Centurion and Healer","floor":28,"turns":4},{"damage":9,"enemies":"Sentry and Sphere","floor":30,"turns":4},{"damage":2,"enemies":"Cultist and Chosen","floor":31,"turns":3},{"damage":48,"enemies":"Automaton","floor":33,"turns":11},{"damage":8,"enemies":"3 Darklings","floor":35,"turns":3},{"damage":5,"enemies":"3 Shapes","floor":37,"turns":4},{"damage":40,"enemies":"2 Orb Walkers","floor":38,"turns":3},{"damage":97,"enemies":"Giant Head","floor":41,"turns":7}],"seed_played":"616459858653720582","potions_obtained":[{"floor":5,"key":"SteroidPotion"},{"floor":12,"key":"GhostInAJar"},{"floor":16,"key":"Regen Potion"},{"floor":18,"key":"AttackPotion"},{"floor":27,"key":"AttackPotion"}],"is_trial":false,"path_per_floor":["M","M","?","?","M","E","R","M","T","$","R","M","R","?","R","B",null,"M","M","M","M","?","R","?","R","T","M","M","R","M","M","R","B",null,"M","$","M","?","?","R","E"],"character_chosen":"THE_SILENT","items_purchased":["Toolbox","PiercingWail","Blur"],"campfire_rested":5,"item_purchase_floors":[10,36,36],"current_hp_per_floor":[77,77,87,87,83,39,39,31,31,31,31,28,54,37,37,8,87,83,62,49,34,34,60,60,60,60,41,38,64,55,53,79,46,87,79,79,74,34,34,60,0],"gold":349,"neow_bonus":"TEN_PERCENT_HP_BONUS","is_prod":false,"is_daily":false,"chose_seed":false,"campfire_upgraded":4,"win_rate":0,"timestamp":1549665773,"path_taken":["M","M","?","?","M","E","R","M","T","$","R","?","R","?","R","BOSS","M","M","M","M","?","R","?","R","T","M","M","R","M","M","R","BOSS","M","$","M","?","?","R","E"],"build_version":"2019-01-23","purchased_purges":0,"victory":false,"max_hp_per_floor":[77,77,87,87,87,87,87,87,87,87,87,87,87,87,87,87,87,87,87,87,87,87,87,87,87,87,87,87,87,87,87,87,87,87,87,87,87,87,87,87,87],"card_choices":[{"not_picked":["Bane","Leg Sweep"],"picked":"Deadly Poison","floor":1},{"not_picked":["Outmaneuver","PiercingWail"],"picked":"Bane","floor":2},{"not_picked":["Expertise","Masterful Stab","Blade Dance"],"picked":"SKIP","floor":5},{"not_picked":["Dagger Throw","Wraith Form v2"],"picked":"Bane","floor":6},{"not_picked":["Sucker Punch","Slice"],"picked":"Prepared","floor":8},{"not_picked":["Flechettes","Dodge and Roll","Underhanded Strike"],"picked":"SKIP","floor":12},{"not_picked":["Unload","Storm of Steel"],"picked":"Corpse Explosion","floor":16},{"not_picked":["PiercingWail","Leg Sweep"],"picked":"Acrobatics+1","floor":18},{"not_picked":["Quick Slash","Flying Knee"],"picked":"Deflect+1","floor":19},{"not_picked":["Choke+1","Eviscerate","Sucker Punch"],"picked":"SKIP","floor":20},{"not_picked":["Heel Hook","Dodge and Roll"],"picked":"Sucker Punch","floor":21},{"not_picked":["Finisher","Choke"],"picked":"Outmaneuver+1","floor":24},{"not_picked":["Prepared","Blade Dance+1"],"picked":"Poisoned Stab+1","floor":27},{"not_picked":["Flying Knee+1","Poisoned Stab+1"],"picked":"Deadly Poison+1","floor":28},{"not_picked":["Underhanded Strike","Bane"],"picked":"Adrenaline","floor":30},{"not_picked":["Blade Dance+1","Choke+1"],"picked":"Deadly Poison","floor":31},{"not_picked":["Grand Finale","Night Terror"],"picked":"Venomology","floor":33},{"not_picked":["Dagger Spray","Deadly Poison"],"picked":"Distraction","floor":35},{"not_picked":["Crippling Poison","Blade Dance+1"],"picked":"Bane+1","floor":37},{"not_picked":["Dagger Throw","Acrobatics"],"picked":"Poisoned Stab+1","floor":38}],"player_experience":2117781,"relics_obtained":[{"floor":6,"key":"Letter Opener"},{"floor":9,"key":"Darkstone Periapt"},{"floor":24,"key":"Red Mask"},{"floor":26,"key":"The Courier"},{"floor":38,"key":"Bird Faced Urn"}],"event_choices":[{"damage_healed":0,"gold_gain":0,"player_choice":"Box","damage_taken":0,"relics_obtained":["Pear"],"max_hp_gain":0,"max_hp_loss":0,"event_name":"Big Fish","floor":3,"gold_loss":0,"cards_obtained":["Regret"]},{"damage_healed":0,"gold_gain":0,"player_choice":"Bought 0 Potions","damage_taken":0,"max_hp_gain":0,"max_hp_loss":0,"event_name":"The Woman in Blue","floor":4,"gold_loss":0},{"damage_healed":0,"gold_gain":0,"player_choice":"Entered Light","damage_taken":17,"max_hp_gain":0,"max_hp_loss":0,"event_name":"Shining Light","floor":14,"gold_loss":0,"cards_upgraded":["Defend_G","Defend_G"]},{"cards_removed":["Regret"],"damage_healed":0,"gold_gain":0,"player_choice":"Elegance","damage_taken":0,"max_hp_gain":0,"max_hp_loss":0,"event_name":"Back to Basics","floor":22,"gold_loss":0},{"damage_healed":0,"gold_gain":0,"player_choice":"Fought Bandits","damage_taken":0,"max_hp_gain":0,"max_hp_loss":0,"event_name":"Masked Bandits","floor":24,"gold_loss":0},{"damage_healed":0,"gold_gain":0,"player_choice":"Fight","damage_taken":0,"max_hp_gain":0,"max_hp_loss":0,"event_name":"Mysterious Sphere","floor":38,"gold_loss":0},{"damage_healed":0,"gold_gain":0,"player_choice":"Ignored","damage_taken":0,"max_hp_gain":0,"max_hp_loss":0,"event_name":"Tomb of Lord Red Mask","floor":39,"gold_loss":0}],"is_beta":false,"boss_relics":[{"not_picked":["Runic Dome","HoveringKite"],"picked":"Philosopher\u0027s Stone"},{"not_picked":["WristBlade","Runic Pyramid"],"picked":"Astrolabe"}],"items_purged_floors":[],"is_endless":false,"potions_floor_spawned":[5,12,16,18,19,27,30],"killed_by":"Giant Head","ascension_level":4}