{"gold_per_floor":[116,116,116,41,41,81,81,119,119,140,156,76,114,190,190,190],"floor_reached":16,"playtime":598,"items_purged":["Strike_R","Defend_R"],"score":257,"play_id":"b9977c65-d417-41d7-80a3-47552c7bfe37","local_time":"20190510001614","is_ascension_mode":true,"campfire_choices":[{"data":"Rampage","floor":7,"key":"SMITH"},{"floor":15,"key":"REST"}],"neow_cost":"NONE","seed_source_timestamp":3494750847911086,"circlet_count":0,"master_deck":["AscendersBane","Strike_R","Strike_R","Strike_R","Strike_R","Defend_R","Defend_R+1","Defend_R+1","Bash","Rampage+1","Thunderclap","Shrug It Off"],"relics":["Burning Blood","NeowsBlessing","Golden Idol","Kunai","Sundial","The Courier","Pen Nib","Dream Catcher"],"potions_floor_usage":[13,13,16],"damage_taken":[{"damage":0,"enemies":"Cultist","floor":1,"turns":1},{"damage":0,"enemies":"Lagavulin","floor":6,"turns":1},{"damage":0,"enemies":"Gremlin Nob","floor":8,"turns":1},{"damage":13,"enemies":"Small Slimes","floor":10,"turns":3},{"damage":1,"enemies":"2 Louse","floor":11,"turns":3},{"damage":30,"enemies":"Lagavulin","floor":13,"turns":5},{"damage":31,"enemies":"3 Sentries","floor":14,"turns":6},{"damage":47,"enemies":"Slime Boss","floor":16,"turns":7}],"seed_played":"229367480037216983","potions_obtained":[{"floor":1,"key":"BloodPotion"},{"floor":6,"key":"Poison Potion"},{"floor":10,"key":"Fruit Juice"},{"floor":14,"key":"EssenceOfSteel"}],"is_trial":false,"path_per_floor":["M","?","?","$","?","E","R","E","T","M","M","$","E","?","R","B"],"character_chosen":"IRONCLAD","items_purchased":[],"campfire_rested":1,"item_purchase_floors":[],"current_hp_per_floor":[78,58,42,42,42,48,48,54,54,47,52,52,41,16,41,0],"gold":190,"neow_bonus":"THREE_ENEMY_KILL","is_prod":false,"is_daily":false,"chose_seed":false,"campfire_upgraded":1,"win_rate":0,"timestamp":1557440174,"path_taken":["M","?","?","$","?","E","R","E","T","M","M","$","E","?","R","BOSS"],"build_version":"2019-01-23","purchased_purges":2,"victory":false,"max_hp_per_floor":[80,80,80,80,80,80,80,80,80,80,80,80,85,85,85,85],"card_choices":[{"not_picked":["Twin Strike","Warcry"],"picked":"Rampage","floor":1},{"not_picked":["True Grit","Clash","Heavy Blade"],"picked":"SKIP","floor":6},{"not_picked":["Wild Strike","Clash"],"picked":"Thunderclap","floor":8},{"not_picked":["Armaments","Headbutt","Blood for Blood"],"picked":"SKIP","floor":10},{"not_picked":["Rupture","Wild Strike","Heavy Blade"],"picked":"SKIP","floor":11},{"not_picked":["Intimidate","Sentinel","Wild Strike"],"picked":"SKIP","floor":13},{"not_picked":["Warcry","Uppercut"],"picked":"Shrug It Off","floor":14}],"player_experience":504842,"relics_obtained":[{"floor":6,"key":"Kunai"},{"floor":8,"key":"Sundial"},{"floor":9,"key":"The Courier"},{"floor":13,"key":"Pen Nib"},{"floor":14,"key":"Dream Catcher"}],"event_choices":[{"damage_healed":0,"gold_gain":0,"player_choice":"Take Damage","damage_taken":20,"relics_obtained":["Golden Idol"],"max_hp_gain":0,"max_hp_loss":0,"event_name":"Golden Idol","floor":2,"gold_loss":0},{"damage_healed":0,"gold_gain":0,"player_choice":"Entered Light","damage_taken":16,"max_hp_gain":0,"max_hp_loss":0,"event_name":"Shining Light","floor":3,"gold_loss":0,"cards_upgraded":["Defend_R","Defend_R"]},{"damage_healed":0,"gold_gain":0,"player_choice":"Ignored","damage_taken":0,"max_hp_gain":0,"max_hp_loss":0,"event_name":"Liars Game","floor":5,"gold_loss":0},{"damage_healed":0,"gold_gain":0,"player_choice":"Searched \u00271\u0027 times","damage_taken":0,"max_hp_gain":0,"max_hp_loss":0,"event_name":"Dead Adventurer","floor":14,"gold_loss":0}],"is_beta":false,"boss_relics":[],"items_purged_floors":[4,12],"is_endless":false,"potions_floor_spawned":[1,6,10,14],"killed_by":"Slime Boss","ascension_level":11}