{"gold_per_floor":[111,126,144,69,52,82,7,42,42,42,42,42,77,90,90,90],"floor_reached":16,"playtime":937,"items_purged":["Defend_R"],"score":120,"play_id":"7f45cec2-ad41-4e03-8599-d53c5a533b9c","local_time":"20180707163551","is_ascension_mode":false,"campfire_choices":[{"floor":10,"key":"REST"},{"floor":15,"key":"REST"}],"neow_cost":"","seed_source_timestamp":128099262085353,"circlet_count":0,"master_deck":["Strike_R","Strike_R","Strike_R","Strike_R","Strike_R","Defend_R","Defend_R","Defend_R","Bash","Inflame","Feel No Pain","Armaments","Flex","Combust","Pummel","Injury","Dropkick","Pommel Strike"],"relics":["Burning Blood","Anchor","Prayer Wheel","Bottled Lightning","Golden Idol","Paper Frog"],"potions_floor_usage":[16],"damage_taken":[{"damage":6,"enemies":"Cultist","floor":1,"turns":3},{"damage":6,"enemies":"Jaw Worm","floor":2,"turns":4},{"damage":4,"enemies":"2 Louse","floor":3,"turns":4},{"damage":17,"enemies":"Exordium Thugs","floor":5,"turns":4},{"damage":6,"enemies":"3 Sentries","floor":6,"turns":11},{"damage":51,"enemies":"Lagavulin","floor":8,"turns":7},{"damage":30,"enemies":"Gremlin Nob","floor":13,"turns":4},{"damage":5,"enemies":"Looter","floor":14,"turns":3},{"damage":52,"enemies":"Hexaghost","floor":16,"turns":9}],"seed_played":"-8246708620608257458","potions_obtained":[{"floor":1,"key":"Fire Potion"},{"floor":3,"key":"Energy Potion"},{"floor":5,"key":"Poison Potion"},{"floor":6,"key":"SpeedPotion"}],"is_trial":false,"path_per_floor":["M","M","M","$","M","E","$","E","T","R","?","?","E","M","R"],"character_chosen":"IRONCLAD","items_purchased":["Combust"],"campfire_rested":2,"item_purchase_floors":[7],"current_hp_per_floor":[80,80,80,80,69,69,69,24,24,48,48,48,24,25,49,0],"gold":90,"neow_bonus":"","is_prod":false,"is_daily":false,"chose_seed":false,"campfire_upgraded":0,"win_rate":0,"timestamp":1530995751,"path_taken":["M","M","M","$","M","E","?","E","T","R","?","?","E","M","R","BOSS"],"build_version":"2018-07-05","purchased_purges":1,"victory":false,"max_hp_per_floor":[80,80,80,80,80,80,80,80,80,80,80,80,80,80,80,80],"card_choices":[{"not_picked":["Pommel Strike","Wild Strike"],"picked":"Inflame","floor":1},{"not_picked":["Hemokinesis","Warcry","True Grit"],"picked":"SKIP","floor":2},{"not_picked":["Disarm","Wild Strike"],"picked":"Feel No Pain","floor":3},{"not_picked":["Hemokinesis","Anger"],"picked":"Armaments","floor":5},{"not_picked":["Warcry","Havoc"],"picked":"Flex","floor":6},{"not_picked":["Havoc","Rage"],"picked":"Pummel","floor":8},{"not_picked":["Flex","Cleave"],"picked":"Dropkick","floor":13},{"not_picked":["Seeing Red","Havoc"],"picked":"Pommel Strike","floor":14},{"not_picked":["Bludgeon","Anger","Intimidate"],"picked":"SKIP","floor":14}],"player_experience":191851,"relics_obtained":[{"floor":6,"key":"Anchor"},{"floor":8,"key":"Prayer Wheel"},{"floor":9,"key":"Bottled Lightning"},{"floor":13,"key":"Paper Frog"}],"event_choices":[{"event_name":"Golden Idol","player_choice":"Take Wound","floor":11,"damage_taken":0},{"event_name":"Shining Light","player_choice":"Ignored","floor":12,"damage_taken":0}],"boss_relics":[],"items_purged_floors":[4],"is_endless":false,"potions_floor_spawned":[1,3,5,6,8],"killed_by":"Hexaghost","ascension_level":0}