{"gold_per_floor":[118,134,134,144,144,144,144,175,175,193,133,133,151,6,6,107,107,117,127,137,137,148,182,182,182,182,196,196,225,225,243,243,243],"floor_reached":33,"playtime":1410,"items_purged":["Pain","Strike_R"],"score":456,"play_id":"0752c5b7-e381-4e03-aed4-3dfaabe157e4","local_time":"20190112134302","is_ascension_mode":true,"campfire_choices":[{"data":"Whirlwind","floor":6,"key":"SMITH"},{"floor":12,"key":"REST"},{"floor":15,"key":"REST"},{"floor":24,"key":"REST"},{"floor":28,"key":"REST"},{"floor":30,"key":"REST"},{"floor":32,"key":"REST"}],"neow_cost":"CURSE","seed_source_timestamp":47616800184123,"circlet_count":0,"master_deck":["AscendersBane","Strike_R+1","Strike_R","Strike_R","Defend_R","Defend_R","Defend_R","Defend_R+1","Bash","Hemokinesis","Whirlwind+1","Havoc","Dropkick","Spot Weakness","Limit Break","Inflame+1","Flame Barrier+1","Shrug It Off","Double Tap","Flame Barrier","Ghostly Armor+1"],"relics":["Burning Blood","Incense Burner","The Courier","Sozu","Darkstone Periapt","Enchiridion","Shuriken","Centennial Puzzle"],"potions_floor_usage":[8,8,16],"damage_taken":[{"damage":18,"enemies":"Jaw Worm","floor":1,"turns":4},{"damage":5,"enemies":"Small Slimes","floor":2,"turns":2},{"damage":7,"enemies":"2 Louse","floor":4,"turns":3},{"damage":47,"enemies":"Lagavulin","floor":8,"turns":6},{"damage":14,"enemies":"Large Slime","floor":10,"turns":5},{"damage":1,"enemies":"Looter","floor":13,"turns":2},{"damage":28,"enemies":"Slime Boss","floor":16,"turns":8},{"damage":20,"enemies":"Spheric Guardian","floor":18,"turns":5},{"damage":3,"enemies":"Chosen","floor":19,"turns":4},{"damage":43,"enemies":"Sentry and Sphere","floor":20,"turns":5},{"damage":38,"enemies":"Snecko","floor":22,"turns":5},{"damage":34,"enemies":"Slavers","floor":23,"turns":5},{"damage":16,"enemies":"Snake Plant","floor":27,"turns":4},{"damage":27,"enemies":"Book of Stabbing","floor":29,"turns":6},{"damage":3,"enemies":"Shelled Parasite and Fungi","floor":31,"turns":5},{"damage":76,"enemies":"Collector","floor":33,"turns":5}],"seed_played":"5558662666759376109","potions_obtained":[{"floor":1,"key":"AttackPotion"},{"floor":4,"key":"GamblersBrew"},{"floor":10,"key":"Strength Potion"}],"is_trial":false,"path_per_floor":["M","M","?","M","?","R","?","E","T","M","$","R","M","$","R","B",null,"M","M","M","?","M","E","R","?","T","M","R","E","R","M","R","B"],"character_chosen":"IRONCLAD","items_purchased":["Spot Weakness"],"campfire_rested":6,"item_purchase_floors":[14],"current_hp_per_floor":[76,77,77,76,57,57,57,16,16,8,8,36,41,41,69,47,84,70,73,36,68,36,8,36,20,20,10,38,17,45,48,76,0],"gold":243,"neow_bonus":"TWENTY_PERCENT_HP_BONUS","is_prod":false,"is_daily":false,"chose_seed":false,"campfire_upgraded":1,"win_rate":0,"timestamp":1547318582,"path_taken":["M","M","?","M","?","R","?","E","T","?","$","R","M","$","R","BOSS","M","M","M","?","M","E","R","?","T","M","R","E","R","M","R","BOSS"],"build_version":"2019-01-10","purchased_purges":2,"victory":false,"max_hp_per_floor":[96,96,96,96,96,96,96,96,96,96,96,96,96,96,96,96,96,96,96,96,96,96,96,96,96,96,96,96,96,96,96,96,96],"card_choices":[{"not_picked":["Perfected Strike","Havoc"],"picked":"Hemokinesis","floor":1},{"not_picked":["Pummel","Pommel Strike"],"picked":"Whirlwind","floor":2},{"not_picked":["Rage","Ghostly Armor"],"picked":"Dropkick","floor":4},{"not_picked":["Second Wind","Fire Breathing","Flex"],"picked":"SKIP","floor":8},{"not_picked":["Clash","Flex","Brutality"],"picked":"SKIP","floor":10},{"not_picked":["Blood for Blood","Anger","True Grit"],"picked":"SKIP","floor":13},{"not_picked":["Berserk","Bludgeon"],"picked":"Limit Break","floor":16},{"not_picked":["Perfected Strike","Rage"],"picked":"Inflame+1","floor":18},{"not_picked":["Spot Weakness+1","Sword Boomerang"],"picked":"Flame Barrier+1","floor":19},{"not_picked":["Sever Soul","Second Wind","Flex"],"picked":"SKIP","floor":20},{"not_picked":["Hemokinesis","Corruption+1"],"picked":"Shrug It Off","floor":22},{"not_picked":["Armaments","Dropkick+1"],"picked":"Double Tap","floor":23},{"not_picked":["Warcry","Pummel+1"],"picked":"Flame Barrier","floor":27},{"not_picked":["Spot Weakness","Sword Boomerang"],"picked":"Ghostly Armor+1","floor":29},{"not_picked":["Perfected Strike+1","Fire Breathing+1","Shrug It Off"],"picked":"SKIP","floor":31}],"player_experience":1737706,"relics_obtained":[{"floor":8,"key":"Incense Burner"},{"floor":9,"key":"The Courier"},{"floor":23,"key":"Darkstone Periapt"},{"floor":25,"key":"Enchiridion"},{"floor":26,"key":"Shuriken"},{"floor":29,"key":"Centennial Puzzle"}],"event_choices":[{"damage_healed":0,"gold_gain":0,"cards_transformed":["Strike_R"],"player_choice":"Change","damage_taken":0,"max_hp_gain":0,"max_hp_loss":0,"event_name":"Living Wall","floor":3,"gold_loss":0,"cards_obtained":["Havoc"]},{"damage_healed":0,"gold_gain":0,"player_choice":"Entered Light","damage_taken":19,"max_hp_gain":0,"max_hp_loss":0,"event_name":"Shining Light","floor":5,"gold_loss":0,"cards_upgraded":["Defend_R","Strike_R"]},{"damage_healed":0,"gold_gain":0,"player_choice":"Searched \u00271\u0027 times","damage_taken":0,"max_hp_gain":0,"max_hp_loss":0,"event_name":"Dead Adventurer","floor":7,"gold_loss":0},{"damage_healed":32,"gold_gain":0,"player_choice":"Heal","damage_taken":0,"max_hp_gain":0,"max_hp_loss":0,"event_name":"The Library","floor":21,"gold_loss":0},{"damage_healed":0,"gold_gain":0,"player_choice":"Obtained Book","damage_taken":16,"max_hp_gain":0,"max_hp_loss":0,"event_name":"Cursed Tome","floor":25,"gold_loss":0}],"is_beta":false,"boss_relics":[{"not_picked":["Velvet Choker","Ectoplasm"],"picked":"Sozu"}],"items_purged_floors":[11,14],"is_endless":false,"potions_floor_spawned":[1,4,10,19,22,27],"killed_by":"Collector","ascension_level":10}