{"gold_per_floor":[114,131,8,8,23,48,48,78,108,128,128,183,36,67,67,164,164,164,89,14,14,14,14,14,14,14,14,14,14,14,14,14,14,14,14,14,14,14,14,14,14,14,14,0,0,0,0,0,0,0,0,0,0,0,0],"floor_reached":55,"playtime":7991,"items_purged":["Strike_G"],"score":1286,"play_id":"5b282a04-6cb2-4540-9c90-dae9894a40b6","local_time":"20190515003539","is_ascension_mode":true,"campfire_choices":[{"floor":7,"key":"REST"},{"floor":11,"key":"REST"},{"data":"Footwork","floor":15,"key":"SMITH"},{"data":"Well Laid Plans","floor":24,"key":"SMITH"},{"data":"After Image","floor":29,"key":"SMITH"},{"data":"Footwork","floor":32,"key":"SMITH"},{"floor":40,"key":"RECALL"},{"floor":42,"key":"REST"},{"floor":49,"key":"REST"},{"data":"Bullet Time","floor":52,"key":"SMITH"}],"neow_cost":"PERCENT_DAMAGE","seed_source_timestamp":46885326646076,"circlet_count":0,"master_deck":["AscendersBane","Defend_G","Defend_G","Defend_G","Defend_G","Defend_G","Strike_G","Strike_G","Strike_G+1","Survivor","Neutralize","Dagger Spray","Crippling Poison","Noxious Fumes","PiercingWail","Blur","Crippling Poison","Heel Hook","Blade Dance","Distraction","Footwork+1","Cloak And Dagger","Blade Dance","Well Laid Plans+1","After Image+1","Dodge and Roll","Escape Plan","Footwork+1","Poisoned Stab+1","Backstab","RitualDagger+1","Escape Plan","Corpse Explosion","Dodge and Roll","Blade Dance","Bullet Time+1","Concentrate+1","Backflip","Cloak And Dagger","Cloak And Dagger","Blade Dance","Escape Plan+1","Burst","Acrobatics+1","Cloak And Dagger+1"],"relics":["Ring of the Snake","Mango","Dead Branch","Potion Belt","Meat on the Bone","Tiny Chest","PreservedInsect","Gremlin Horn","Ectoplasm","Bag of Marbles","Snake Skull","Unceasing Top","Orrery","Vajra","Ancient Tea Set","Red Mask","Whetstone","Tingsha","Ninja Scroll"],"potions_floor_usage":[12,16,25,38,48,48,48,50,50],"damage_taken":[{"damage":3,"enemies":"Cultist","floor":1,"turns":4},{"damage":0,"enemies":"2 Louse","floor":2,"turns":3},{"damage":3,"enemies":"Jaw Worm","floor":5,"turns":5},{"damage":6,"enemies":"3 Sentries","floor":6,"turns":6},{"damage":20,"enemies":"Lagavulin","floor":8,"turns":8},{"damage":4,"enemies":"Large Slime","floor":10,"turns":7},{"damage":18,"enemies":"Lagavulin Event","floor":12,"turns":4},{"damage":10,"enemies":"3 Sentries","floor":14,"turns":3},{"damage":14,"enemies":"Hexaghost","floor":16,"turns":10},{"damage":4,"enemies":"3 Byrds","floor":18,"turns":4},{"damage":7,"enemies":"Spheric Guardian","floor":21,"turns":6},{"damage":2,"enemies":"Book of Stabbing","floor":23,"turns":7},{"damage":17,"enemies":"Slavers","floor":25,"turns":6},{"damage":0,"enemies":"3 Cultists","floor":31,"turns":4},{"damage":30,"enemies":"Collector","floor":33,"turns":11},{"damage":0,"enemies":"Orb Walker","floor":35,"turns":3},{"damage":1,"enemies":"3 Darklings","floor":37,"turns":2},{"damage":10,"enemies":"Maw","floor":38,"turns":9},{"damage":0,"enemies":"Spire Growth","floor":39,"turns":5},{"damage":16,"enemies":"Nemesis","floor":41,"turns":9},{"damage":0,"enemies":"Giant Head","floor":45,"turns":6},{"damage":0,"enemies":"4 Shapes","floor":46,"turns":4},{"damage":0,"enemies":"Maw","floor":47,"turns":8},{"damage":17,"enemies":"2 Orb Walkers","floor":48,"turns":3},{"damage":24,"enemies":"Awakened One","floor":50,"turns":11},{"damage":1,"enemies":"Shield and Spear","floor":54,"turns":4},{"damage":78,"enemies":"The Heart","floor":55,"turns":11}],"seed_played":"-359281601668255045","potions_obtained":[{"floor":5,"key":"SteroidPotion"},{"floor":14,"key":"EssenceOfSteel"},{"floor":16,"key":"Swift Potion"},{"floor":23,"key":"Swift Potion"},{"floor":33,"key":"SkillPotion"},{"floor":41,"key":"FearPotion"},{"floor":45,"key":"Poison Potion"},{"floor":46,"key":"EssenceOfSteel"},{"floor":48,"key":"Block Potion"}],"is_trial":false,"path_per_floor":["M","M","$","T","M","E","R","E","T","M","R","?","$","E","R","B",null,"M","?","$","M","?","E","R","E","T","$","T","R","?","M","R","B",null,"M","?","M","M","M","R","E","R","T","?","E","M","M","?","R","B",null,"R","$","E","B"],"character_chosen":"THE_SILENT","items_purchased":["Noxious Fumes","PiercingWail","Footwork","Cloak And Dagger","Blade Dance"],"campfire_rested":4,"item_purchase_floors":[3,3,13,13,13],"current_hp_per_floor":[56,56,56,56,53,47,72,52,52,48,73,55,55,45,45,43,74,70,70,70,63,63,61,61,44,44,44,44,44,38,50,50,32,71,71,71,70,60,60,60,44,69,69,69,69,69,69,52,77,53,76,76,76,75,0],"gold":0,"neow_bonus":"ONE_RARE_RELIC","is_prod":false,"is_daily":false,"chose_seed":false,"campfire_upgraded":5,"win_rate":0,"timestamp":1557898539,"path_taken":["M","M","$","?","M","E","R","E","T","M","R","?","$","E","R","BOSS","M","?","$","M","?","E","R","E","T","$","?","R","?","?","R","BOSS","M","?","M","M","?","R","E","R","T","?","E","M","M","?","R","BOSS","R","$","E","BOSS"],"build_version":"2019-01-23","purchased_purges":1,"victory":false,"max_hp_per_floor":[84,84,84,84,84,84,84,84,84,84,84,84,84,84,84,84,84,84,84,84,84,84,84,84,84,84,84,84,84,84,84,84,84,84,84,84,84,84,84,84,84,84,84,84,84,84,84,84,84,84,84,84,84,84,84],"card_choices":[{"not_picked":["Dagger Throw","Slice"],"picked":"Dagger Spray","floor":1},{"not_picked":["Caltrops","Slice"],"picked":"Crippling Poison","floor":2},{"not_picked":["Flying Knee","Heel Hook"],"picked":"Blur","floor":5},{"not_picked":["Backflip","Bane"],"picked":"Crippling Poison","floor":6},{"not_picked":["Dodge and Roll","Expertise"],"picked":"Heel Hook","floor":8},{"not_picked":["Sucker Punch","Expertise"],"picked":"Blade Dance","floor":10},{"not_picked":["Accuracy","Burst"],"picked":"Distraction","floor":12},{"not_picked":["Riddle With Holes","Prepared"],"picked":"Well Laid Plans","floor":14},{"not_picked":["Malaise","Wraith Form v2"],"picked":"After Image","floor":16},{"not_picked":["Dagger Spray","Poisoned Stab+1"],"picked":"Dodge and Roll","floor":18},{"not_picked":["Slice+1","Riddle With Holes"],"picked":"Escape Plan","floor":21},{"not_picked":["Deadly Poison+1","Prepared"],"picked":"Poisoned Stab+1","floor":23},{"not_picked":["Tactician","Acrobatics"],"picked":"Backstab","floor":25},{"not_picked":["Deflect","Concentrate"],"picked":"Escape Plan","floor":31},{"not_picked":["Burst","Malaise"],"picked":"Corpse Explosion","floor":33},{"not_picked":["Dagger Spray","Underhanded Strike"],"picked":"Dodge and Roll","floor":34},{"not_picked":["Quick Slash","Leg Sweep"],"picked":"Blade Dance","floor":34},{"not_picked":["Dagger Spray+1","Escape Plan"],"picked":"Bullet Time","floor":34},{"not_picked":["Reflex","Quick Slash+1"],"picked":"Concentrate+1","floor":34},{"not_picked":["Dagger Throw+1","Quick Slash"],"picked":"Backflip","floor":34},{"not_picked":["Outmaneuver+1","Deflect+1"],"picked":"Cloak And Dagger","floor":35},{"not_picked":["Slice","Deadly Poison"],"picked":"Cloak And Dagger","floor":37},{"not_picked":["Flying Knee","Prepared+1"],"picked":"Blade Dance","floor":38},{"not_picked":["Bane","Underhanded Strike","Dagger Throw"],"picked":"SKIP","floor":39},{"not_picked":["Concentrate","Cloak And Dagger"],"picked":"Escape Plan+1","floor":41},{"not_picked":["Setup","Riddle With Holes+1"],"picked":"Burst","floor":45},{"not_picked":["Deflect","Calculated Gamble"],"picked":"Acrobatics+1","floor":46},{"not_picked":["Setup+1","Poisoned Stab+1"],"picked":"Cloak And Dagger+1","floor":47},{"not_picked":["Heel Hook","Flechettes+1","Setup+1"],"picked":"SKIP","floor":54}],"player_experience":656481,"relics_obtained":[{"floor":4,"key":"Dead Branch"},{"floor":6,"key":"Potion Belt"},{"floor":8,"key":"Meat on the Bone"},{"floor":9,"key":"Tiny Chest"},{"floor":14,"key":"Gremlin Horn"},{"floor":23,"key":"Bag of Marbles"},{"floor":25,"key":"Snake Skull"},{"floor":26,"key":"Unceasing Top"},{"floor":41,"key":"Vajra"},{"floor":43,"key":"Ancient Tea Set"},{"floor":45,"key":"Whetstone"},{"floor":48,"key":"Tingsha"},{"floor":54,"key":"Ninja Scroll"}],"event_choices":[{"damage_healed":0,"gold_gain":30,"player_choice":"Searched \u00273\u0027 times","damage_taken":0,"relics_obtained":["PreservedInsect"],"max_hp_gain":0,"max_hp_loss":0,"event_name":"Dead Adventurer","floor":12,"gold_loss":0},{"cards_removed":["Strike_G"],"damage_healed":0,"gold_gain":0,"player_choice":"Gave Gold","damage_taken":0,"max_hp_gain":0,"max_hp_loss":0,"event_name":"Beggar","floor":19,"gold_loss":75},{"damage_healed":0,"gold_gain":0,"player_choice":"Read","damage_taken":0,"max_hp_gain":0,"max_hp_loss":0,"event_name":"The Library","floor":22,"gold_loss":0,"cards_obtained":["Footwork"]},{"damage_healed":0,"gold_gain":0,"player_choice":"Joined the Cult","damage_taken":6,"max_hp_gain":0,"max_hp_loss":0,"event_name":"Nest","floor":30,"gold_loss":0,"cards_obtained":["RitualDagger"]},{"damage_healed":0,"gold_gain":100,"player_choice":"Pray","damage_taken":0,"max_hp_gain":0,"max_hp_loss":0,"event_name":"Golden Shrine","floor":36,"gold_loss":0},{"damage_healed":0,"gold_gain":0,"player_choice":"Paid","damage_taken":0,"relics_obtained":["Red Mask"],"max_hp_gain":0,"max_hp_loss":0,"event_name":"Tomb of Lord Red Mask","floor":44,"gold_loss":14},{"damage_healed":0,"gold_gain":0,"player_choice":"Fight","damage_taken":0,"max_hp_gain":0,"max_hp_loss":0,"event_name":"Mysterious Sphere","floor":48,"gold_loss":0}],"is_beta":false,"boss_relics":[{"not_picked":["Cursed Key","Runic Dome"],"picked":"Ectoplasm"},{"not_picked":["WristBlade","Snecko Eye"],"picked":"Orrery"}],"items_purged_floors":[20],"is_endless":false,"potions_floor_spawned":[5,14,16,23,33,41,45,46,48],"killed_by":"The Heart","ascension_level":11}