{"gold_per_floor":[18,18,18,18,36,36,67,67,67,77,77,95,123,123,123,226,226,243,158,158,98,23,23,23,48,120,120,140,140,40,65,65,168,168,180,192,192,262,338,338,353,353,353,384,399,399,399,415,415,415,415,415,47,73,73],"floor_reached":56,"playtime":6812,"items_purged":["Strike_B","Strike_B","Defend_B"],"score":1531,"play_id":"a1df7982-fe51-4abf-a989-da6a344585b9","local_time":"20190210222813","is_ascension_mode":true,"campfire_choices":[{"data":"Zap","floor":6.0,"key":"SMITH"},{"floor":15.0,"key":"REST"},{"floor":23.0,"key":"RECALL"},{"data":"Creative AI","floor":27.0,"key":"SMITH"},{"data":"Dualcast","floor":29.0,"key":"SMITH"},{"data":"Echo Form","floor":32.0,"key":"SMITH"},{"data":"Defragment","floor":40.0,"key":"SMITH"},{"data":"Melter","floor":42.0,"key":"SMITH"},{"data":"Capacitor","floor":47,"key":"SMITH"},{"data":"Doom and Gloom","floor":49,"key":"SMITH"},{"data":"Undo","floor":52,"key":"SMITH"}],"neow_cost":"NO_GOLD","seed_source_timestamp":0,"circlet_count":0,"master_deck":["Strike_B+1","Defend_B","Defend_B","Zap+1","Dualcast+1","Coolheaded","Undo+1","Defragment+1","Doom and Gloom+1","Melter+1","Creative AI+1","Rebound+1","Force Field+1","Echo Form+1","All For One","Capacitor+1","Lockon+1","Go for the Eyes+1","Capacitor+1","FTL+1","Loop+1","Flash of Steel"],"special_seed":0,"relics":["FrozenCore","Omamori","StoneCalendar","Bird Faced Urn","Ginger","Gambling Chip","Torii","Meat on the Bone","Oddly Smooth Stone","Philosopher\u0027s Stone","Shuriken","Ornamental Fan","The Courier","Anchor","Mummified Hand","Centennial Puzzle"],"potions_floor_usage":[55],"damage_taken":[{"damage":5.0,"enemies":"Small Slimes","floor":1.0,"turns":4.0},{"damage":5.0,"enemies":"2 Louse","floor":5.0,"turns":3.0},{"damage":24.0,"enemies":"Gremlin Nob","floor":7.0,"turns":5.0},{"damage":0.0,"enemies":"Cultist","floor":10.0,"turns":4.0},{"damage":2.0,"enemies":"Blue Slaver","floor":12.0,"turns":5.0},{"damage":7.0,"enemies":"3 Sentries","floor":13.0,"turns":6.0},{"damage":30.0,"enemies":"Slime Boss","floor":16.0,"turns":7.0},{"damage":8.0,"enemies":"Chosen","floor":18.0,"turns":7.0},{"damage":1.0,"enemies":"2 Thieves","floor":21.0,"turns":4.0},{"damage":39.0,"enemies":"Book of Stabbing","floor":25.0,"turns":7.0},{"damage":0.0,"enemies":"Snecko","floor":28.0,"turns":6.0},{"damage":42.0,"enemies":"Collector","floor":33.0,"turns":7.0},{"damage":32.0,"enemies":"3 Darklings","floor":35.0,"turns":7.0},{"damage":23.0,"enemies":"3 Shapes","floor":36.0,"turns":5.0},{"damage":22.0,"enemies":"Maw","floor":41.0,"turns":6.0},{"damage":1.0,"enemies":"Giant Head","floor":44.0,"turns":8.0},{"damage":56,"enemies":"Writhing Mass","floor":45,"turns":7},{"damage":14,"enemies":"Spire Growth","floor":48,"turns":7},{"damage":16,"enemies":"Time Eater","floor":50,"turns":10},{"damage":54,"enemies":"Shield and Spear","floor":54,"turns":6},{"damage":60,"enemies":"The Heart","floor":55,"turns":8}],"seed_played":"-1897956438444879143","potions_obtained":[{"floor":5.0,"key":"SpeedPotion"},{"floor":7.0,"key":"LiquidBronze"},{"floor":12.0,"key":"FocusPotion"},{"floor":18.0,"key":"SteroidPotion"},{"floor":33.0,"key":"SpeedPotion"},{"floor":41.0,"key":"LiquidBronze"},{"floor":44.0,"key":"FairyPotion"}],"is_trial":false,"path_per_floor":["M","?","?","$","M","R","E","?","T","M","?","M","E","?","R","B",null,"M","?","?","M","$","R","?","E","T","R","M","R","$","T","R","B",null,"M","M","?","T","T","R","M","R","T","E","M","?","R","M","R","B",null,"R","$","E","B",null],"character_chosen":"DEFECT","items_purchased":["Mummified Hand","Flash of Steel"],"campfire_rested":1,"item_purchase_floors":[53,53],"current_hp_per_floor":[63,63,63,63,58,58,34,52,52,52,57,55,48,32,56,28,67,75,75,75,76,76,76,76,53,53,53,71,71,71,71,71,49,72,50,49,49,49,49,49,53,53,53,80,54,54,54,75,75,80,80,80,80,42,28],"gold":73,"neow_bonus":"REMOVE_TWO","is_prod":false,"is_daily":false,"chose_seed":false,"campfire_upgraded":9,"win_rate":0,"timestamp":1549855693,"path_taken":["M","?","?","$","?","R","E","?","T","M","?","M","E","?","R","BOSS","M","?","?","M","?","R","?","E","T","R","M","R","$","?","R","BOSS","M","M","?","?","?","R","M","R","T","E","M","?","R","?","R","BOSS","R","$","E","BOSS"],"build_version":"2019-01-23","purchased_purges":3,"victory":true,"max_hp_per_floor":[75,75,75,75,75,75,75,75,75,75,80,80,80,80,80,80,80,80,80,80,80,80,80,80,80,80,80,80,80,80,80,80,80,80,80,80,80,80,80,80,80,80,80,80,80,80,80,80,80,80,80,80,80,80,80],"card_choices":[{"not_picked":["Gash","Consume"],"picked":"Coolheaded","floor":1.0},{"not_picked":["Stack","Hologram"],"picked":"Chill","floor":5.0},{"not_picked":["Cold Snap","Rip and Tear"],"picked":"Undo","floor":7.0},{"not_picked":["Steam","Ball Lightning"],"picked":"Defragment","floor":10.0},{"not_picked":["Streamline","Redo"],"picked":"Doom and Gloom","floor":12.0},{"not_picked":["Undo","Leap"],"picked":"Melter","floor":13.0},{"not_picked":["Reboot","Hyperbeam"],"picked":"Creative AI","floor":16.0},{"not_picked":["Compile Driver","Sweeping Beam","Coolheaded+1"],"picked":"SKIP","floor":18.0},{"not_picked":["Sunder","Streamline"],"picked":"Rebound+1","floor":21.0},{"not_picked":["Redo","Recycle+1"],"picked":"Echo Form","floor":25.0},{"not_picked":["Barrage+1","Cold Snap","Reprogram+1"],"picked":"SKIP","floor":28.0},{"not_picked":["Hyperbeam","Machine Learning"],"picked":"All For One","floor":33.0},{"not_picked":["BootSequence+1","Hologram+1"],"picked":"Capacitor+1","floor":35.0},{"not_picked":["Rebound+1","Tempest"],"picked":"Lockon+1","floor":36.0},{"not_picked":["Ball Lightning+1","Barrage+1"],"picked":"Go for the Eyes+1","floor":41.0},{"not_picked":["Streamline+1","Heatsinks+1"],"picked":"Capacitor","floor":44.0},{"not_picked":["Heatsinks","Compile Driver"],"picked":"FTL+1","floor":45},{"not_picked":["Chill+1","Streamline+1"],"picked":"Loop+1","floor":48},{"not_picked":["Streamline+1","Auto Shields","Rebound+1"],"picked":"SKIP","floor":54}],"player_experience":599442,"relics_obtained":[{"floor":3.0,"key":"Omamori"},{"floor":7.0,"key":"StoneCalendar"},{"floor":13.0,"key":"Bird Faced Urn"},{"floor":25.0,"key":"Torii"},{"floor":26.0,"key":"Meat on the Bone"},{"floor":31.0,"key":"Oddly Smooth Stone"},{"floor":38.0,"key":"Shuriken"},{"floor":39.0,"key":"Ornamental Fan"},{"floor":43.0,"key":"The Courier"},{"floor":44.0,"key":"Anchor"},{"floor":54,"key":"Centennial Puzzle"}],"event_choices":[{"damage_healed":0.0,"max_hp_gain":0.0,"max_hp_loss":0.0,"gold_gain":0.0,"event_name":"The Cleric","player_choice":"Leave","floor":2.0,"gold_loss":0.0,"damage_taken":0.0},{"damage_healed":0.0,"max_hp_gain":0.0,"max_hp_loss":0.0,"gold_gain":0.0,"event_name":"Wheel of Change","player_choice":"Relic","floor":3.0,"gold_loss":0.0,"damage_taken":0.0},{"damage_healed":18.0,"max_hp_gain":0.0,"max_hp_loss":0.0,"gold_gain":0.0,"event_name":"Mushrooms","player_choice":"Healed and dodged fight","floor":8.0,"gold_loss":0.0,"damage_taken":0.0,"cards_obtained":["Parasite"]},{"damage_healed":0.0,"max_hp_gain":5.0,"max_hp_loss":0.0,"gold_gain":0.0,"event_name":"Big Fish","player_choice":"Donut","floor":11.0,"gold_loss":0.0,"damage_taken":0.0},{"damage_healed":0.0,"max_hp_gain":0.0,"max_hp_loss":0.0,"gold_gain":0.0,"event_name":"Shining Light","player_choice":"Entered Light","floor":14.0,"gold_loss":0.0,"damage_taken":16.0,"cards_upgraded":["Chill","Strike_B"]},{"damage_healed":0.0,"max_hp_gain":0.0,"max_hp_loss":0.0,"gold_gain":0.0,"event_name":"Addict","player_choice":"Obtained Relic","floor":19.0,"gold_loss":85.0,"damage_taken":0.0,"relics_obtained":["Ginger"]},{"damage_healed":0.0,"max_hp_gain":0.0,"max_hp_loss":0.0,"gold_gain":0.0,"event_name":"The Mausoleum","player_choice":"Opened","floor":20.0,"gold_loss":0.0,"damage_taken":0.0,"relics_obtained":["Gambling Chip"]},{"damage_healed":0.0,"max_hp_gain":0.0,"max_hp_loss":0.0,"gold_gain":0.0,"event_name":"The Library","player_choice":"Read","floor":24.0,"gold_loss":0.0,"damage_taken":0.0,"cards_obtained":["Force Field"]},{"cards_removed":["Chill"],"damage_healed":0.0,"max_hp_gain":0.0,"max_hp_loss":0.0,"gold_gain":0.0,"event_name":"Falling","player_choice":"Removed Skill","floor":37.0,"gold_loss":0.0,"damage_taken":0.0},{"damage_healed":0,"gold_gain":0,"player_choice":"Upgraded","damage_taken":0,"max_hp_gain":0,"max_hp_loss":0,"event_name":"Upgrade Shrine","floor":46,"gold_loss":0,"cards_upgraded":["Force Field"]}],"is_beta":false,"boss_relics":[{"not_picked":["Cursed Key","Lizard Tail"],"picked":"FrozenCore"},{"not_picked":["Runic Dome","Eternal Feather"],"picked":"Philosopher\u0027s Stone"}],"items_purged_floors":[22,30,53],"is_endless":false,"potions_floor_spawned":[5,7,12,18,33,41,44],"ascension_level":8}