{"gold_per_floor":[117,117,117,132,144,179,191,191,191,217,229,271,296,47,47,142,142,153,164,164,82,182,182,202,230,278,278,297,313,326,354,354,354],"floor_reached":33,"playtime":1304,"items_purged":[],"score":638,"play_id":"d661107d-7e1d-48a9-b0c0-c8bdc0f1d87e","local_time":"20190521224531","is_ascension_mode":true,"campfire_choices":[{"floor":8.0,"key":"REST"},{"data":"Deadly Poison","floor":11.0,"key":"SMITH"},{"data":"Apotheosis","floor":15.0,"key":"SMITH"},{"floor":23.0,"key":"REST"},{"floor":27.0,"key":"REST"},{"floor":32,"key":"REST"}],"neow_cost":"NONE","seed_source_timestamp":254089712218741,"circlet_count":0,"master_deck":["AscendersBane","Defend_G","Defend_G","Defend_G","Defend_G","Defend_G","Strike_G","Strike_G+1","Strike_G","Strike_G+1","Strike_G+1","Survivor","Neutralize","Cloak And Dagger","Backstab","Flying Knee+1","Backflip","Deadly Poison+1","Backstab","Catalyst","Deadly Poison","Dash","Apotheosis+1","Night Terror","Noxious Fumes","Dodge and Roll+1","Footwork","Bane","Catalyst","PiercingWail+1","Crippling Poison"],"special_seed":0,"relics":["Ring of the Snake","Potion Belt","Whetstone","MawBank","Mummified Hand","Fusion Hammer","Art of War","Ancient Tea Set","Kunai"],"potions_floor_usage":[31,31],"damage_taken":[{"damage":2.0,"enemies":"2 Louse","floor":1.0,"turns":4.0},{"damage":0.0,"enemies":"Jaw Worm","floor":4.0,"turns":4.0},{"damage":0.0,"enemies":"Small Slimes","floor":5.0,"turns":3.0},{"damage":16.0,"enemies":"Gremlin Nob","floor":6.0,"turns":4.0},{"damage":0.0,"enemies":"3 Louse","floor":7.0,"turns":4.0},{"damage":0.0,"enemies":"Gremlin Gang","floor":10.0,"turns":3.0},{"damage":29.0,"enemies":"3 Sentries","floor":12.0,"turns":8.0},{"damage":0.0,"enemies":"Exordium Wildlife","floor":13.0,"turns":2.0},{"damage":7.0,"enemies":"Hexaghost","floor":16.0,"turns":6.0},{"damage":2.0,"enemies":"Chosen","floor":18.0,"turns":3.0},{"damage":15.0,"enemies":"2 Thieves","floor":19.0,"turns":4.0},{"damage":7.0,"enemies":"Colosseum Slavers","floor":20.0,"turns":5.0},{"damage":11.0,"enemies":"Shelled Parasite and Fungi","floor":24.0,"turns":5.0},{"damage":42.0,"enemies":"Gremlin Leader","floor":25.0,"turns":8.0},{"damage":7.0,"enemies":"Snecko","floor":28.0,"turns":5.0},{"damage":5.0,"enemies":"3 Cultists","floor":29.0,"turns":6.0},{"damage":8.0,"enemies":"Shelled Parasite and Fungi","floor":30.0,"turns":4.0},{"damage":3,"enemies":"Book of Stabbing","floor":31,"turns":4},{"damage":29,"enemies":"Automaton","floor":33,"turns":6}],"seed_played":"-727155300779347631","potions_obtained":[{"floor":4.0,"key":"Swift Potion"},{"floor":5.0,"key":"Explosive Potion"},{"floor":6.0,"key":"GhostInAJar"},{"floor":10.0,"key":"Regen Potion"},{"floor":12.0,"key":"Explosive Potion"},{"floor":24.0,"key":"Weak Potion"},{"floor":25.0,"key":"FearPotion"},{"floor":29.0,"key":"Poison Potion"},{"floor":30.0,"key":"Explosive Potion"},{"floor":31,"key":"Energy Potion"}],"is_trial":false,"path_per_floor":["M","?","?","M","M","E","M","R","T","M","R","E","M","$","R","B",null,"M","M","?","$","?","R","M","E","T","R","M","M","M","E","R","B"],"character_chosen":"THE_SILENT","items_purchased":["Dash","Apotheosis","Footwork"],"campfire_rested":4,"item_purchase_floors":[14,14,21],"current_hp_per_floor":[61,61,47,47,47,31,31,52,52,52,52,38,38,38,38,31,60,58,43,36,36,36,57,46,4,4,25,18,13,5,2,23,0],"gold":354,"neow_bonus":"RANDOM_COMMON_RELIC","is_prod":false,"is_daily":false,"chose_seed":false,"campfire_upgraded":2,"win_rate":0,"timestamp":1558449931,"path_taken":["M","?","?","M","M","E","M","R","T","M","R","E","M","$","R","BOSS","M","M","?","$","?","R","?","E","T","R","M","M","?","E","R","BOSS"],"build_version":"2019-01-23","purchased_purges":0,"victory":false,"max_hp_per_floor":[70,70,70,70,70,70,70,70,70,70,70,70,70,70,70,70,70,70,70,70,70,70,70,70,70,70,70,70,70,70,70,70,70],"card_choices":[{"not_picked":["Predator","Sucker Punch"],"picked":"Cloak And Dagger","floor":1.0},{"not_picked":["Outmaneuver","Calculated Gamble"],"picked":"Backstab","floor":4.0},{"not_picked":["Tactician","Eviscerate"],"picked":"Flying Knee","floor":5.0},{"not_picked":["Storm of Steel","Dagger Spray"],"picked":"Backflip","floor":6.0},{"not_picked":["Skewer","Blade Dance"],"picked":"Deadly Poison","floor":7.0},{"not_picked":["Underhanded Strike","Slice"],"picked":"Backstab","floor":10.0},{"not_picked":["Concentrate","Riddle With Holes"],"picked":"Catalyst","floor":12.0},{"not_picked":["Dagger Spray","Blur"],"picked":"Deadly Poison","floor":13.0},{"not_picked":["Storm of Steel","Bullet Time"],"picked":"Night Terror","floor":16.0},{"not_picked":["Outmaneuver+1","Slice"],"picked":"Noxious Fumes","floor":18.0},{"not_picked":["Backflip","Sucker Punch"],"picked":"Dodge and Roll+1","floor":19.0},{"not_picked":["Setup","Deflect"],"picked":"Bane","floor":24.0},{"not_picked":["Backstab","Outmaneuver"],"picked":"Catalyst","floor":25.0},{"not_picked":["Underhanded Strike","Dagger Throw","Doppelganger"],"picked":"SKIP","floor":28.0},{"not_picked":["Blade Dance","Expertise","Flying Knee"],"picked":"SKIP","floor":29.0},{"not_picked":["Dagger Throw","Sucker Punch"],"picked":"PiercingWail+1","floor":30.0},{"not_picked":["Cloak And Dagger","Dagger Throw"],"picked":"Crippling Poison","floor":31}],"player_experience":766631,"relics_obtained":[{"floor":6.0,"key":"Whetstone"},{"floor":9.0,"key":"MawBank"},{"floor":12.0,"key":"Mummified Hand"},{"floor":25.0,"key":"Art of War"},{"floor":26.0,"key":"Ancient Tea Set"},{"floor":31,"key":"Kunai"}],"event_choices":[{"damage_healed":0.0,"max_hp_gain":0.0,"max_hp_loss":0.0,"gold_gain":0.0,"event_name":"Golden Wing","player_choice":"Ignored","floor":2.0,"gold_loss":0.0,"damage_taken":0.0},{"damage_healed":0.0,"max_hp_gain":0.0,"max_hp_loss":0.0,"gold_gain":0.0,"event_name":"Shining Light","player_choice":"Entered Light","floor":3.0,"gold_loss":0.0,"damage_taken":14.0,"cards_upgraded":["Strike_G","Strike_G"]},{"damage_healed":0.0,"max_hp_gain":0.0,"max_hp_loss":0.0,"gold_gain":0.0,"event_name":"Colosseum","player_choice":"Fight","floor":20.0,"gold_loss":0.0,"damage_taken":0.0},{"damage_healed":0.0,"max_hp_gain":0.0,"max_hp_loss":0.0,"gold_gain":0.0,"event_name":"Colosseum","player_choice":"Fled From Nobs","floor":20.0,"gold_loss":0.0,"damage_taken":0.0},{"damage_healed":0.0,"max_hp_gain":0.0,"max_hp_loss":0.0,"gold_gain":100.0,"event_name":"Golden Shrine","player_choice":"Pray","floor":22.0,"gold_loss":0.0,"damage_taken":0.0}],"is_beta":false,"boss_relics":[{"not_picked":["Empty Cage","Astrolabe"],"picked":"Fusion Hammer"}],"items_purged_floors":[],"is_endless":false,"potions_floor_spawned":[4,5,6,10,12,24,25,29,30,31],"killed_by":"Automaton","ascension_level":12}