{"gold_per_floor":[111,111,111,124,89,117,117,136,185,11,11],"floor_reached":11,"playtime":294,"items_purged":[],"score":85,"play_id":"4d58d4eb-3644-472e-a71d-0299c1b9b4c4","local_time":"20190203013712","is_ascension_mode":true,"campfire_choices":[{"floor":7,"key":"REST"}],"neow_cost":"NONE","seed_source_timestamp":78096665243100,"circlet_count":0,"master_deck":["Defend_G","Defend_G","Defend_G","Defend_G","Defend_G","Strike_G","Strike_G","Strike_G","Strike_G","Strike_G","Survivor","Neutralize","Finesse","Riddle With Holes","Regret","Pain","Dagger Throw","Dagger Spray","PiercingWail","Doppelganger","Panache"],"relics":["Ring of the Snake","Centennial Puzzle","WarpedTongs","Dream Catcher","Boot"],"potions_floor_usage":[],"damage_taken":[{"damage":6,"enemies":"Jaw Worm","floor":1,"turns":6},{"damage":5,"enemies":"2 Louse","floor":4,"turns":3},{"damage":56,"enemies":"Lagavulin","floor":6,"turns":7},{"damage":0,"enemies":"Cultist","floor":8,"turns":2},{"damage":35,"enemies":"Gremlin Nob","floor":11,"turns":3}],"seed_played":"-8945298218635586579","potions_obtained":[{"floor":8,"key":"LiquidBronze"}],"is_trial":false,"path_per_floor":["M","?","?","M","?","E","R","M","T","$","E"],"character_chosen":"THE_SILENT","items_purchased":["Panache"],"campfire_rested":1,"item_purchase_floors":[10],"current_hp_per_floor":[64,64,64,59,70,14,35,35,35,35,0],"gold":11,"neow_bonus":"RANDOM_COLORLESS","is_prod":false,"is_daily":false,"chose_seed":false,"campfire_upgraded":0,"win_rate":0,"timestamp":1549175832,"path_taken":["M","?","?","?","?","E","R","M","T","$","E"],"build_version":"2019-01-23","purchased_purges":0,"victory":false,"max_hp_per_floor":[70,70,70,70,70,70,70,70,70,70,70],"card_choices":[{"not_picked":["Underhanded Strike","Reflex"],"picked":"Riddle With Holes","floor":1},{"not_picked":["Deadly Poison","Tactician"],"picked":"Dagger Throw","floor":4},{"not_picked":["Skewer","Outmaneuver"],"picked":"Dagger Spray","floor":6},{"not_picked":["Underhanded Strike","Acrobatics"],"picked":"PiercingWail","floor":7},{"not_picked":["Dagger Spray","Outmaneuver"],"picked":"Doppelganger","floor":8}],"player_experience":2084713,"relics_obtained":[{"floor":6,"key":"Dream Catcher"},{"floor":9,"key":"Boot"}],"event_choices":[{"damage_healed":0,"gold_gain":0,"player_choice":"Box","damage_taken":0,"relics_obtained":["Centennial Puzzle"],"max_hp_gain":0,"max_hp_loss":0,"event_name":"Big Fish","floor":2,"gold_loss":0,"cards_obtained":["Regret"]},{"damage_healed":0,"gold_gain":0,"player_choice":"Rummage","damage_taken":0,"relics_obtained":["WarpedTongs"],"max_hp_gain":0,"max_hp_loss":0,"event_name":"Accursed Blacksmith","floor":3,"gold_loss":0,"cards_obtained":["Pain"]},{"damage_healed":17,"gold_gain":0,"player_choice":"Healed","damage_taken":0,"max_hp_gain":0,"max_hp_loss":0,"event_name":"The Cleric","floor":5,"gold_loss":35}],"is_beta":false,"boss_relics":[],"items_purged_floors":[],"is_endless":false,"potions_floor_spawned":[8],"killed_by":"Gremlin Nob","ascension_level":4}