{"gold_per_floor":[113,113,123,142,153,153,6,6,6,6,6,25,36,51,51,51],"floor_reached":16,"playtime":693,"items_purged":[],"score":122,"play_id":"26be4877-049b-4872-941a-96261962822d","local_time":"20181007104448","is_ascension_mode":true,"campfire_choices":[{"data":"Shockwave","floor":6,"key":"SMITH"},{"data":"Barricade","floor":8,"key":"SMITH"},{"data":"Body Slam","floor":11,"key":"SMITH"},{"floor":15,"key":"REST"}],"neow_cost":"","seed_source_timestamp":317305588634931,"circlet_count":0,"master_deck":["Strike_R","Strike_R","Strike_R","Strike_R","Strike_R","Defend_R","Defend_R","Defend_R","Defend_R","Bash","Shockwave+1","Barricade+1","Shrug It Off","Body Slam+1","Demon Form","Seeing Red","Flame Barrier"],"relics":["Burning Blood","Potion Belt"],"potions_floor_usage":[16,16],"damage_taken":[{"damage":13,"enemies":"Jaw Worm","floor":1,"turns":4},{"damage":19,"enemies":"Cultist","floor":3,"turns":6},{"damage":4,"enemies":"Small Slimes","floor":4,"turns":4},{"damage":6,"enemies":"Blue Slaver","floor":5,"turns":5},{"damage":6,"enemies":"Looter","floor":12,"turns":4},{"damage":18,"enemies":"Exordium Wildlife","floor":13,"turns":6},{"damage":20,"enemies":"Lots of Slimes","floor":14,"turns":5},{"damage":52,"enemies":"Slime Boss","floor":16,"turns":10}],"seed_played":"3220163491378000725","potions_obtained":[{"floor":3,"key":"AttackPotion"},{"floor":12,"key":"Block Potion"}],"is_trial":false,"path_per_floor":["M","?","M","M","M","R","$","R","T","$","R","M","M","M","R"],"character_chosen":"IRONCLAD","items_purchased":["Demon Form"],"campfire_rested":1,"item_purchase_floors":[7],"current_hp_per_floor":[65,65,52,54,54,54,54,54,54,54,54,54,42,28,52,0],"gold":51,"neow_bonus":"","is_prod":false,"is_daily":false,"chose_seed":false,"campfire_upgraded":3,"win_rate":0,"timestamp":1538923488,"path_taken":["M","?","M","M","M","R","$","R","T","$","R","M","M","M","R","BOSS"],"build_version":"2018-10-04v2","purchased_purges":0,"victory":false,"max_hp_per_floor":[80,80,80,80,80,80,80,80,80,80,80,80,80,80,80,80],"card_choices":[{"not_picked":["Cleave","Wild Strike"],"picked":"Shockwave","floor":1},{"not_picked":["Sword Boomerang","Spot Weakness"],"picked":"Shrug It Off","floor":3},{"not_picked":["Dual Wield","Thunderclap","Sword Boomerang"],"picked":"SKIP","floor":4},{"not_picked":["Warcry","Iron Wave"],"picked":"Body Slam","floor":5},{"not_picked":["Uppercut","Twin Strike"],"picked":"Seeing Red","floor":12},{"not_picked":["Pummel","Bloodletting"],"picked":"Flame Barrier","floor":13},{"not_picked":["Clash","Twin Strike","Shockwave"],"picked":"SKIP","floor":14}],"player_experience":1209491,"relics_obtained":[{"floor":9,"key":"Potion Belt"}],"event_choices":[{"event_name":"Match and Keep!","player_choice":"1 cards matched","floor":2,"damage_taken":0}],"is_beta":false,"boss_relics":[],"items_purged_floors":[],"is_endless":false,"potions_floor_spawned":[3,12],"killed_by":"Slime Boss","ascension_level":6}