{"path_per_floor":["M","M","?","M","$","E","R","M","T","E","?","R","?","$","R"],"character_chosen":"IRONCLAD","items_purchased":["Evolve"],"gold_per_floor":[117,128,128,139,29,61,61,80,106,131,81,81,156,56,56,56],"floor_reached":16,"campfire_rested":1,"playtime":861,"item_purchase_floors":[5],"current_hp_per_floor":[76,79,79,79,79,54,54,54,54,52,52,52,41,41,65,0],"items_purged":["Defend_R","Strike_R"],"gold":56,"score":140,"play_id":"72feded9-b916-4903-ae72-c6dc7f32ce5d","local_time":"20180609135550","is_prod":false,"is_daily":false,"chose_seed":false,"is_ascension_mode":true,"campfire_upgraded":2,"win_rate":0,"timestamp":1528545350,"campfire_choices":[{"data":"Fiend Fire","floor":7,"key":"SMITH"},{"data":"Warcry","floor":12,"key":"SMITH"},{"floor":15,"key":"REST"}],"path_taken":["M","M","?","M","$","E","R","M","T","E","?","R","?","$","R","BOSS"],"build_version":"2018-06-07v3","seed_source_timestamp":2044795171938220,"purchased_purges":2,"victory":false,"master_deck":["Strike_R","Strike_R","Strike_R","Defend_R","Defend_R","Defend_R","Bash","Fiend Fire+1","Clash","Burning Pact","Power Through","Evolve","Warcry+1","Thunderclap","Double Tap","Rage"],"max_hp_per_floor":[80,80,80,80,80,80,80,80,80,80,80,80,80,80,80,80],"relics":["Burning Blood","Dream Catcher","Omamori","Boot"],"card_choices":[{"not_picked":["Cleave","Shockwave"],"picked":"Clash","floor":1},{"not_picked":["Clothesline","Warcry"],"picked":"Burning Pact","floor":2},{"not_picked":["Havoc","Heavy Blade"],"picked":"Power Through","floor":4},{"not_picked":["Berserk","Bloodletting"],"picked":"Warcry","floor":6},{"not_picked":["Havoc","Sword Boomerang"],"picked":"Thunderclap","floor":8},{"not_picked":["Headbutt","Corruption"],"picked":"Double Tap","floor":10},{"not_picked":["Twin Strike","Armaments"],"picked":"Rage","floor":15}],"player_experience":278698,"potions_floor_usage":[6,6,16],"damage_taken":[{"damage":2,"enemies":"Jaw Worm","floor":1,"turns":4},{"damage":3,"enemies":"Small Slimes","floor":2,"turns":2},{"damage":6,"enemies":"2 Louse","floor":4,"turns":2},{"damage":31,"enemies":"Lagavulin","floor":6,"turns":8},{"damage":6,"enemies":"Exordium Thugs","floor":8,"turns":3},{"damage":8,"enemies":"Gremlin Nob","floor":10,"turns":3},{"damage":72,"enemies":"The Guardian","floor":16,"turns":15}],"relics_obtained":[{"floor":6,"key":"Dream Catcher"},{"floor":9,"key":"Omamori"},{"floor":10,"key":"Boot"}],"event_choices":[{"event_name":"Liars Game","player_choice":"disagreed","floor":3,"damage_taken":0},{"event_name":"The Cleric","player_choice":"Card Removal","floor":11,"damage_taken":0},{"event_name":"World of Goop","player_choice":"Gather Gold","floor":13,"damage_taken":0}],"boss_relics":[],"items_purged_floors":[5,14],"potions_floor_spawned":[2,4,10],"seed_played":"2351961969614448689","killed_by":"The Guardian","ascension_level":6,"potions_obtained":[{"floor":2,"key":"EssenceOfSteel"},{"floor":4,"key":"SpeedPotion"},{"floor":10,"key":"Weak Potion"}],"is_trial":false}