{"gold_per_floor":[111,127,127,52,72,99,99,119,119,99,99,18,32,52,52,123,123,140,65,65,65,81,81,81],"floor_reached":24,"playtime":1252,"items_purged":["Strike_B"],"score":353,"play_id":"95d36793-da3c-4fbc-bae7-a57c878b3246","local_time":"20190430200643","is_ascension_mode":true,"campfire_choices":[{"floor":7.0,"key":"REST"},{"floor":11.0,"key":"REST"},{"data":"Scrape","floor":15.0,"key":"SMITH"},{"floor":23,"key":"REST"}],"neow_cost":"TEN_PERCENT_HP_LOSS","seed_source_timestamp":0,"circlet_count":0,"master_deck":["AscendersBane","Defend_B","Defend_B","Defend_B","Defend_B","Zap","Dualcast","Leap","Gash","Gash","Beam Cell","Fusion","Scrape+1","Hologram","Gash","Hyperbeam","Leap","Writhe","Scrape+1","Melter+1"],"special_seed":0,"relics":["Cracked Core","Pen Nib","Art of War","Cursed Key","Cables"],"potions_floor_usage":[18],"damage_taken":[{"damage":3.0,"enemies":"Jaw Worm","floor":1.0,"turns":4.0},{"damage":0.0,"enemies":"Cultist","floor":2.0,"turns":4.0},{"damage":7.0,"enemies":"Small Slimes","floor":5.0,"turns":4.0},{"damage":29.0,"enemies":"Lagavulin","floor":6.0,"turns":8.0},{"damage":9.0,"enemies":"Red Slaver","floor":8.0,"turns":5.0},{"damage":10.0,"enemies":"2 Fungi Beasts","floor":13.0,"turns":4.0},{"damage":3.0,"enemies":"Gremlin Gang","floor":14.0,"turns":4.0},{"damage":15.0,"enemies":"Hexaghost","floor":16.0,"turns":8.0},{"damage":6,"enemies":"3 Byrds","floor":18,"turns":3},{"damage":25,"enemies":"2 Thieves","floor":22,"turns":3},{"damage":44,"enemies":"Book of Stabbing","floor":24,"turns":4}],"seed_played":"-5955660957780339475","potions_obtained":[{"floor":2.0,"key":"LiquidBronze"},{"floor":10.0,"key":"Energy Potion"}],"is_trial":false,"path_per_floor":["M","M","?","$","M","E","R","M","T","?","R","$","M","M","R","B",null,"M","?","?","?","M","R","E"],"character_chosen":"DEFECT","items_purchased":["Scrape"],"campfire_rested":3,"item_purchase_floors":[12],"current_hp_per_floor":[61,61,61,61,54,25,44,35,35,35,54,54,44,41,41,26,55,49,49,49,49,24,43,0],"gold":81,"neow_bonus":"REMOVE_TWO","is_prod":false,"is_daily":false,"chose_seed":false,"campfire_upgraded":1,"win_rate":0,"timestamp":1556669203,"path_taken":["M","M","?","$","M","E","R","?","T","?","R","$","M","M","R","BOSS","M","?","?","?","M","R","E"],"build_version":"2019-01-23","purchased_purges":1,"victory":false,"max_hp_per_floor":[64,64,64,64,64,64,64,64,64,64,64,64,64,64,64,64,64,64,64,64,64,64,64,64],"card_choices":[{"not_picked":["Stack","Capacitor"],"picked":"Leap","floor":1.0},{"not_picked":["Skim","Ball Lightning"],"picked":"Gash","floor":2.0},{"not_picked":["Ball Lightning","Blizzard","Coolheaded"],"picked":"SKIP","floor":5.0},{"not_picked":["Steam","Consume"],"picked":"Beam Cell","floor":6.0},{"not_picked":["Hello World","Chaos"],"picked":"Fusion","floor":8.0},{"not_picked":["Barrage","Sweeping Beam"],"picked":"Hologram","floor":13.0},{"not_picked":["Barrage","Meteor Strike"],"picked":"Gash","floor":14.0},{"not_picked":["Meteor Strike","Electrodynamics"],"picked":"Hyperbeam","floor":16.0},{"not_picked":["Cold Snap","Rebound"],"picked":"Leap","floor":18},{"not_picked":["Compile Driver","Ball Lightning+1"],"picked":"Melter+1","floor":22}],"player_experience":2860714,"relics_obtained":[{"floor":6.0,"key":"Pen Nib"},{"floor":9.0,"key":"Art of War"}],"event_choices":[{"damage_healed":0.0,"max_hp_gain":0.0,"max_hp_loss":0.0,"gold_gain":0.0,"event_name":"Match and Keep!","player_choice":"1 cards matched","floor":3.0,"gold_loss":0.0,"damage_taken":0.0,"cards_obtained":["Gash"]},{"damage_healed":0.0,"max_hp_gain":0.0,"max_hp_loss":0.0,"gold_gain":0.0,"event_name":"The Woman in Blue","player_choice":"Bought 1 Potion","floor":10.0,"gold_loss":0.0,"damage_taken":0.0},{"cards_removed":["Strike_B"],"damage_healed":0,"gold_gain":0,"player_choice":"Gave Gold","damage_taken":0,"max_hp_gain":0,"max_hp_loss":0,"event_name":"Beggar","floor":19,"gold_loss":75},{"damage_healed":0,"gold_gain":0,"player_choice":"Opened","damage_taken":0,"relics_obtained":["Cables"],"max_hp_gain":0,"max_hp_loss":0,"event_name":"The Mausoleum","floor":20,"gold_loss":0,"cards_obtained":["Writhe"]},{"damage_healed":0,"gold_gain":0,"player_choice":"Copied","damage_taken":0,"max_hp_gain":0,"max_hp_loss":0,"event_name":"Duplicator","floor":21,"gold_loss":0,"cards_obtained":["Scrape"]}],"is_beta":false,"boss_relics":[{"not_picked":["Tiny House","Coffee Dripper"],"picked":"Cursed Key"}],"items_purged_floors":[4],"is_endless":false,"potions_floor_spawned":[2,14],"killed_by":"Book of Stabbing","ascension_level":16}