{"path_per_floor":["M","M","$","M","?","R","M","$","T","M","E","?","$","M","R","B",null,"M","?","M","M","$","R","E","M","T","$","M","M","M","M","R"],"character_chosen":"IRONCLAD","items_purchased":[],"gold_per_floor":[119,139,64,75,75,75,87,87,87,106,133,83,83,94,94,198,198,210,210,224,241,141,141,171,191,271,146,161,175,186,202,202,202],"floor_reached":33,"campfire_rested":1,"playtime":5198,"item_purchase_floors":[],"current_hp_per_floor":[80,79,79,79,79,79,74,74,74,65,51,51,51,52,52,47,80,77,77,57,35,35,35,32,27,27,27,37,25,25,33,58,0],"items_purged":["Strike_R","Defend_R","Strike_R"],"gold":202,"score":273,"play_id":"66baa32c-f9f7-41b7-bc66-7658c1de99c6","local_time":"20180530160817","is_prod":false,"is_daily":false,"chose_seed":false,"is_ascension_mode":false,"campfire_upgraded":3,"win_rate":0,"timestamp":1527689297,"campfire_choices":[{"data":"Spot Weakness","floor":6,"key":"SMITH"},{"data":"Heavy Blade","floor":15,"key":"SMITH"},{"data":"Infernal Blade","floor":23,"key":"SMITH"},{"floor":32,"key":"REST"}],"path_taken":["M","M","$","?","?","R","M","?","T","?","E","?","$","M","R","BOSS","M","?","M","?","$","R","E","M","T","$","M","M","M","M","R","BOSS"],"build_version":"2018-05-24","seed_source_timestamp":1184425230242061,"purchased_purges":3,"victory":false,"master_deck":["Strike_R","Strike_R","Defend_R","Bash","Spot Weakness+1","Heavy Blade+1","Spot Weakness","Twin Strike","Infernal Blade+1","Bash","Rage+1","Cleave+1","Pummel","Feed"],"max_hp_per_floor":[80,80,80,80,80,80,80,80,80,80,80,80,80,80,80,80,80,80,80,80,80,80,80,80,80,80,80,80,80,83,86,86,86],"relics":["Black Blood","Paper Frog","Vajra","Torii","Mummified Hand"],"card_choices":[{"not_picked":["Perfected Strike","Wild Strike"],"picked":"Heavy Blade","floor":1},{"not_picked":["Shockwave","Armaments"],"picked":"Spot Weakness","floor":2},{"not_picked":["Headbutt","Entrench","Hemokinesis"],"picked":"SKIP","floor":4},{"not_picked":["Impervious","Anger"],"picked":"Twin Strike","floor":7},{"not_picked":["Feel No Pain","Body Slam","Clash"],"picked":"SKIP","floor":10},{"not_picked":["Wild Strike","Sword Boomerang"],"picked":"Infernal Blade","floor":11},{"not_picked":["Rampage","Clash","Wild Strike"],"picked":"SKIP","floor":14},{"not_picked":["Body Slam","Shrug It Off+1","Pommel Strike"],"picked":"SKIP","floor":18},{"not_picked":["Immolate","Thunderclap+1"],"picked":"Rage+1","floor":20},{"not_picked":["Clash","Headbutt"],"picked":"Cleave+1","floor":21},{"not_picked":["Shrug It Off","Entrench","Flex"],"picked":"SKIP","floor":24},{"not_picked":["Armaments","Wild Strike"],"picked":"Pummel","floor":25},{"not_picked":["Perfected Strike+1","Evolve","Cleave"],"picked":"SKIP","floor":28},{"not_picked":["Blood for Blood","Body Slam"],"picked":"Feed","floor":29},{"not_picked":["Iron Wave+1","Havoc","Clash+1"],"picked":"SKIP","floor":30},{"not_picked":["Clash","Thunderclap","Rampage"],"picked":"SKIP","floor":31}],"player_experience":91084,"potions_floor_usage":[11,21,28,30,33,33,33],"damage_taken":[{"damage":6,"enemies":"Cultist","floor":1,"turns":3},{"damage":7,"enemies":"2 Louse","floor":2,"turns":3},{"damage":6,"enemies":"Jaw Worm","floor":4,"turns":3},{"damage":11,"enemies":"Exordium Wildlife","floor":7,"turns":3},{"damage":15,"enemies":"Lots of Slimes","floor":10,"turns":4},{"damage":20,"enemies":"Gremlin Nob","floor":11,"turns":4},{"damage":5,"enemies":"Looter","floor":14,"turns":2},{"damage":11,"enemies":"Slime Boss","floor":16,"turns":5},{"damage":13,"enemies":"Chosen","floor":18,"turns":5},{"damage":30,"enemies":"2 Thieves","floor":20,"turns":3},{"damage":32,"enemies":"Snake Plant","floor":21,"turns":3},{"damage":13,"enemies":"Gremlin Leader","floor":24,"turns":4},{"damage":15,"enemies":"Snecko","floor":25,"turns":3},{"damage":0,"enemies":"Cultist and Chosen","floor":28,"turns":3},{"damage":22,"enemies":"Slaver and Parasite","floor":29,"turns":4},{"damage":21,"enemies":"Snake Plant","floor":30,"turns":3},{"damage":5,"enemies":"Chosen and Byrds","floor":31,"turns":3},{"damage":93,"enemies":"Automaton","floor":33,"turns":6}],"relics_obtained":[{"floor":9,"key":"Paper Frog"},{"floor":11,"key":"Vajra"},{"floor":24,"key":"Torii"},{"floor":26,"key":"Mummified Hand"}],"event_choices":[{"event_name":"Bonfire Elementals","player_choice":"BASIC","floor":5,"damage_taken":0},{"event_name":"The Cleric","player_choice":"Card Removal","floor":12,"damage_taken":0},{"event_name":"Match and Keep!","player_choice":"1 cards matched","floor":19,"damage_taken":0}],"boss_relics":[{"not_picked":["Eternal Feather","Runic Pyramid"],"picked":"Black Blood"}],"items_purged_floors":[3,22,27],"potions_floor_spawned":[4,7,11,20,25,29,30,31],"seed_played":"-2921106476353291656","killed_by":"Automaton","ascension_level":0,"potions_obtained":[{"floor":4,"key":"BloodPotion"},{"floor":7,"key":"Block Potion"},{"floor":11,"key":"SneckoOil"},{"floor":20,"key":"Ancient Potion"},{"floor":25,"key":"AttackPotion"},{"floor":29,"key":"Weak Potion"},{"floor":30,"key":"LiquidBronze"},{"floor":31,"key":"PowerPotion"}],"is_trial":false}