{"path_per_floor":["M","M","$","?","M","E","M","E","T","R","?","$","M","M","R","B",null,"M","?","M","M","?","E","M","R","T","$","R","E","$","M","R","B",null,"M","?","?","?","?"],"character_chosen":"THE_SILENT","items_purchased":["Caltrops","Apotheosis","Caltrops"],"gold_per_floor":[111,129,17,17,29,56,74,130,157,157,332,27,45,63,63,158,158,173,173,185,196,111,143,156,156,156,33,33,66,16,26,26,123,123,143,0,0,0,0,0],"floor_reached":40,"campfire_rested":2,"playtime":3303,"item_purchase_floors":[3,12,27],"current_hp_per_floor":[70,70,70,75,73,63,51,49,49,49,49,49,41,41,41,12,75,71,71,53,43,43,26,19,41,41,41,41,41,41,34,56,47,75,35,35,35,35,35,0],"items_purged":["Defend_G","Defend_G","Doubt","Strike_G"],"gold":0,"score":459,"play_id":"68ba7f53-65cc-4087-a2b6-3883f2f70ee3","local_time":"20180530225809","is_prod":false,"is_daily":false,"chose_seed":false,"is_ascension_mode":false,"campfire_upgraded":3,"win_rate":0,"timestamp":1527713889,"campfire_choices":[{"data":"Caltrops","floor":10,"key":"SMITH"},{"data":"Apotheosis","floor":15,"key":"SMITH"},{"floor":25,"key":"REST"},{"data":"After Image","floor":28,"key":"SMITH"},{"floor":32,"key":"REST"}],"path_taken":["M","M","$","?","M","E","M","E","T","R","?","$","M","M","R","BOSS","M","?","M","M","?","E","M","R","T","$","R","E","$","M","R","BOSS","M","?","?","?","?","E"],"build_version":"2018-05-24","seed_source_timestamp":1210907985333419,"purchased_purges":4,"victory":false,"master_deck":["Defend_G+1","Defend_G","Strike_G","Survivor+1","Neutralize","Leg Sweep","Backflip","Caltrops+1","Crippling Poison","Backstab","Backflip","Apotheosis+1","Dash","Envenom","After Image+1","Poisoned Stab","Caltrops","Infinite Blades","Heel Hook","After Image","Masterful Stab+1","Finisher+1","Backflip+1","Prepared+1","PiercingWail"],"max_hp_per_floor":[70,70,70,75,75,75,75,75,75,75,75,75,75,75,75,75,75,75,75,75,75,75,75,75,75,75,75,75,75,75,75,75,75,75,75,75,75,75,75,75],"relics":["White Beast Statue","Dream Catcher","Tiny Chest","Lantern","Velvet Choker","Ancient Tea Set","Juzu Bracelet","Smiling Mask","Pantograph","War Paint","Astrolabe","Red Mask"],"card_choices":[{"not_picked":["Outmaneuver","Dagger Throw"],"picked":"Leg Sweep","floor":1},{"not_picked":["Reflex","Expertise"],"picked":"Backflip","floor":2},{"not_picked":["Slice","Deadly Poison"],"picked":"Crippling Poison","floor":5},{"not_picked":["Well Laid Plans","Calculated Gamble"],"picked":"Backstab","floor":6},{"not_picked":["Reflex","Flying Knee"],"picked":"Backflip","floor":7},{"not_picked":["Tactician","Underhanded Strike"],"picked":"Bane","floor":8},{"not_picked":["Distraction","Choke"],"picked":"Dash","floor":13},{"not_picked":["Masterful Stab","Well Laid Plans","Dash"],"picked":"SKIP","floor":14},{"not_picked":["Doppelganger","Burst"],"picked":"Envenom","floor":16},{"not_picked":["Slice","Prepared","Leg Sweep"],"picked":"SKIP","floor":18},{"not_picked":["Dodge and Roll","Finisher+1","Slice"],"picked":"SKIP","floor":20},{"not_picked":["Acrobatics","PiercingWail+1"],"picked":"After Image","floor":21},{"not_picked":["Sucker Punch+1","Well Laid Plans","Acrobatics"],"picked":"SKIP","floor":23},{"not_picked":["Acrobatics","Quick Slash"],"picked":"Poisoned Stab","floor":24},{"not_picked":["Underhanded Strike+1","Finisher","Choke"],"picked":"SKIP","floor":29},{"not_picked":["Sucker Punch+1","Flying Knee"],"picked":"Infinite Blades","floor":31},{"not_picked":["Bouncing Flask","Flying Knee+1"],"picked":"Heel Hook","floor":32},{"not_picked":["Bullet Time","Glass Knife"],"picked":"After Image","floor":33},{"not_picked":["Poisoned Stab","Dagger Throw"],"picked":"Prepared+1","floor":35}],"player_experience":106510,"potions_floor_usage":[6,6,8,14,16,16,16,16,18,21,23,23,23,24,29,31,35,40,40],"damage_taken":[{"damage":0,"enemies":"2 Louse","floor":1,"turns":3},{"damage":0,"enemies":"Small Slimes","floor":2,"turns":4},{"damage":2,"enemies":"Jaw Worm","floor":5,"turns":5},{"damage":10,"enemies":"Gremlin Nob","floor":6,"turns":6},{"damage":12,"enemies":"Exordium Thugs","floor":7,"turns":6},{"damage":2,"enemies":"3 Sentries","floor":8,"turns":10},{"damage":8,"enemies":"Large Slime","floor":13,"turns":6},{"damage":0,"enemies":"Blue Slaver","floor":14,"turns":2},{"damage":29,"enemies":"The Guardian","floor":16,"turns":12},{"damage":4,"enemies":"Spheric Guardian","floor":18,"turns":5},{"damage":18,"enemies":"Chosen","floor":20,"turns":7},{"damage":10,"enemies":"Sentry and Sphere","floor":21,"turns":10},{"damage":17,"enemies":"Slavers","floor":23,"turns":8},{"damage":7,"enemies":"Snake Plant","floor":24,"turns":4},{"damage":0,"enemies":"Book of Stabbing","floor":29,"turns":6},{"damage":7,"enemies":"Cultist and Chosen","floor":31,"turns":7},{"damage":28,"enemies":"Collector","floor":33,"turns":11},{"damage":40,"enemies":"3 Shapes","floor":35,"turns":5},{"damage":36,"enemies":"2 Orb Walkers","floor":40,"turns":5}],"relics_obtained":[{"floor":6,"key":"Dream Catcher"},{"floor":8,"key":"Tiny Chest"},{"floor":9,"key":"Lantern"},{"floor":23,"key":"Smiling Mask"},{"floor":26,"key":"Pantograph"},{"floor":29,"key":"War Paint"}],"event_choices":[{"event_name":"Big Fish","player_choice":"Donut","floor":4,"damage_taken":0},{"event_name":"Liars Game","player_choice":"agreed","floor":11,"damage_taken":0},{"event_name":"The Mausoleum","player_choice":"Yes","floor":19,"damage_taken":0},{"event_name":"Addict","player_choice":"Obtained Relic","floor":22,"damage_taken":0},{"event_name":"Tomb of Lord Red Mask","player_choice":"Paid","floor":36,"damage_taken":0},{"event_name":"Fountain of Cleansing","player_choice":"Removed Curse","floor":37,"damage_taken":0},{"event_name":"Transmorgrifier","player_choice":"Transform","floor":39,"damage_taken":0}],"boss_relics":[{"not_picked":["Black Star","Tiny House"],"picked":"Velvet Choker"},{"not_picked":["Calling Bell","Sozu"],"picked":"Astrolabe"}],"items_purged_floors":[3,12,27,30],"potions_floor_spawned":[1,2,5,6,7,8,13,14,16,18,20,21,23,24,29,31,33,35],"seed_played":"-7824798588674832051","killed_by":"2 Orb Walkers","ascension_level":0,"potions_obtained":[{"floor":1,"key":"LiquidBronze"},{"floor":2,"key":"Swift Potion"},{"floor":5,"key":"GhostInAJar"},{"floor":6,"key":"Dexterity Potion"},{"floor":7,"key":"Ancient Potion"},{"floor":8,"key":"EntropicBrew"},{"floor":13,"key":"Fire Potion"},{"floor":14,"key":"SteroidPotion"},{"floor":16,"key":"Strength Potion"},{"floor":18,"key":"SpeedPotion"},{"floor":21,"key":"Energy Potion"},{"floor":23,"key":"Poison Potion"},{"floor":24,"key":"Swift Potion"},{"floor":29,"key":"Fire Potion"},{"floor":31,"key":"Swift Potion"},{"floor":33,"key":"SpeedPotion"},{"floor":35,"key":"LiquidBronze"}],"is_trial":false}