{"gold_per_floor":[118,118,128,147,163,173,185,185,255,273,289,302,317,330,330,409,409,421,439,226,243,259,259],"floor_reached":23,"playtime":1074,"items_purged":[],"score":322,"play_id":"18578e71-ccbb-4dd4-8287-b05a01612f02","local_time":"20190406232018","is_ascension_mode":true,"campfire_choices":[{"floor":8,"key":"REST"},{"floor":15,"key":"REST"}],"neow_cost":"NONE","seed_source_timestamp":342660613321400,"circlet_count":0,"master_deck":["AscendersBane","Strike_B","Strike_B","Strike_B","Strike_B","Defend_B","Defend_B","Defend_B","Defend_B","Zap","Dualcast","Ball Lightning","Sunder","Ball Lightning","Meteor Strike","FTL","Barrage","Static Discharge","Leap","Coolheaded","Melter","Thunder Strike","FTL","Sweeping Beam+1","Core Surge","Sunder"],"relics":["Cracked Core","Centennial Puzzle","Mercury Hourglass","White Beast Statue","Bag of Preparation"],"potions_floor_usage":[7,14,19,23],"damage_taken":[{"damage":3,"enemies":"2 Louse","floor":1,"turns":2},{"damage":1,"enemies":"Cultist","floor":3,"turns":3},{"damage":8,"enemies":"Small Slimes","floor":4,"turns":2},{"damage":2,"enemies":"2 Fungi Beasts","floor":5,"turns":2},{"damage":7,"enemies":"Looter","floor":6,"turns":3},{"damage":27,"enemies":"Exordium Wildlife","floor":7,"turns":4},{"damage":7,"enemies":"2 Fungi Beasts","floor":10,"turns":2},{"damage":3,"enemies":"Blue Slaver","floor":11,"turns":2},{"damage":0,"enemies":"Red Slaver","floor":12,"turns":3},{"damage":6,"enemies":"2 Fungi Beasts","floor":13,"turns":2},{"damage":0,"enemies":"Lots of Slimes","floor":14,"turns":1},{"damage":29,"enemies":"Slime Boss","floor":16,"turns":6},{"damage":2,"enemies":"Spheric Guardian","floor":18,"turns":3},{"damage":12,"enemies":"3 Byrds","floor":19,"turns":4},{"damage":9,"enemies":"Snake Plant","floor":21,"turns":4},{"damage":12,"enemies":"Chosen and Byrds","floor":22,"turns":4},{"damage":26,"enemies":"Slavers","floor":23,"turns":2}],"seed_played":"1615805733886434790","potions_obtained":[{"floor":1,"key":"Strength Potion"},{"floor":4,"key":"Swift Potion"},{"floor":10,"key":"Explosive Potion"},{"floor":16,"key":"AttackPotion"},{"floor":19,"key":"SkillPotion"}],"is_trial":false,"path_per_floor":["M","?","M","M","M","M","M","R","T","M","M","M","M","M","R","B",null,"M","M","$","M","M","E"],"character_chosen":"DEFECT","items_purchased":["Bag of Preparation","Core Surge"],"campfire_rested":2,"item_purchase_floors":[20,20],"current_hp_per_floor":[65,65,64,56,54,47,20,42,42,35,32,32,26,26,48,19,61,59,47,47,38,26,0],"gold":259,"neow_bonus":"RANDOM_COMMON_RELIC","is_prod":false,"is_daily":false,"chose_seed":false,"campfire_upgraded":0,"win_rate":0,"timestamp":1554607218,"path_taken":["M","?","M","M","M","M","M","R","T","M","M","M","M","?","R","BOSS","M","M","$","M","M","E"],"build_version":"2019-01-23","purchased_purges":0,"victory":false,"max_hp_per_floor":[75,75,75,75,75,75,75,75,75,75,75,75,75,75,75,75,75,75,75,75,75,75,75],"card_choices":[{"not_picked":["Cold Snap","Steam"],"picked":"Ball Lightning","floor":1},{"not_picked":["Sweeping Beam","Genetic Algorithm"],"picked":"Sunder","floor":3},{"not_picked":["Reprogram","Steam Power"],"picked":"Ball Lightning","floor":4},{"not_picked":["Aggregate","Stack"],"picked":"Meteor Strike","floor":5},{"not_picked":["Conserve Battery","Turbo"],"picked":"FTL","floor":6},{"not_picked":["Beam Cell","Stack"],"picked":"Barrage","floor":7},{"not_picked":["Stack","Cold Snap"],"picked":"Static Discharge","floor":10},{"not_picked":["Ball Lightning","Compile Driver"],"picked":"Leap","floor":11},{"not_picked":["Stack","All For One","Scrape"],"picked":"SKIP","floor":12},{"not_picked":["Beam Cell","Cold Snap"],"picked":"Coolheaded","floor":13},{"not_picked":["Rebound","Conserve Battery"],"picked":"Melter","floor":14},{"not_picked":["Creative AI","Biased Cognition"],"picked":"Thunder Strike","floor":16},{"not_picked":["Fusion","Double Energy"],"picked":"FTL","floor":18},{"not_picked":["Ball Lightning","Beam Cell"],"picked":"Sweeping Beam+1","floor":19},{"not_picked":["Rip and Tear","Rebound+1"],"picked":"Sunder","floor":21},{"not_picked":["Turbo","Reprogram+1","Cold Snap"],"picked":"SKIP","floor":22}],"player_experience":2600653,"relics_obtained":[{"floor":9,"key":"Mercury Hourglass"}],"event_choices":[{"damage_healed":0,"gold_gain":0,"player_choice":"0 cards matched","damage_taken":0,"max_hp_gain":0,"max_hp_loss":0,"event_name":"Match and Keep!","floor":2,"gold_loss":0,"cards_obtained":[]}],"is_beta":false,"boss_relics":[{"not_picked":["Lizard Tail","Cursed Key"],"picked":"White Beast Statue"}],"items_purged_floors":[],"is_endless":false,"potions_floor_spawned":[1,4,6,10,11,16,18,19,21,22],"killed_by":"Slavers","ascension_level":13}