{"gold_per_floor":[117,133,153,171,190,225,225,258,283,283,35,35,47,57,57,156,156,170,189,104,4,4,35,35,35,60,60,60],"floor_reached":28,"playtime":2546,"items_purged":["Strike_G","Strike_G"],"score":335,"play_id":"7162513e-f584-4515-a678-1fea02921f52","local_time":"20181229201818","is_ascension_mode":true,"campfire_choices":[{"data":"Cloak And Dagger","floor":7.0,"key":"SMITH"},{"floor":10.0,"key":"DIG"},{"floor":12.0,"key":"DIG"},{"floor":15.0,"key":"REST"},{"floor":25,"key":"DIG"},{"floor":27,"key":"REST"}],"neow_cost":"NONE","seed_source_timestamp":0,"circlet_count":0,"master_deck":["Defend_G","Defend_G","Defend_G","Defend_G","Defend_G","Strike_G","Survivor","Neutralize","Cloak And Dagger+1","Dagger Spray","Blade Dance","Infinite Blades","Escape Plan","Distraction","Infinite Blades","Flash of Steel","Accuracy","Escape Plan","Backflip","Accuracy+1","Backflip"],"special_seed":0,"relics":["Sozu","Shovel","Omamori","Regal Pillow","Orichalcum","Empty Cage","Ancient Tea Set","Tingsha","Nloth\u0027s Gift","Ice Cream","Oddly Smooth Stone"],"potions_floor_usage":[],"damage_taken":[{"damage":4.0,"enemies":"Small Slimes","floor":1.0,"turns":4.0},{"damage":0.0,"enemies":"2 Louse","floor":2.0,"turns":2.0},{"damage":0.0,"enemies":"Cultist","floor":3.0,"turns":4.0},{"damage":0.0,"enemies":"3 Louse","floor":4.0,"turns":2.0},{"damage":1.0,"enemies":"Looter","floor":5.0,"turns":4.0},{"damage":14.0,"enemies":"3 Sentries","floor":6.0,"turns":8.0},{"damage":28.0,"enemies":"Gremlin Nob","floor":8.0,"turns":5.0},{"damage":1.0,"enemies":"Red Slaver","floor":13.0,"turns":5.0},{"damage":3.0,"enemies":"Blue Slaver","floor":14.0,"turns":2.0},{"damage":25.0,"enemies":"Hexaghost","floor":16.0,"turns":8.0},{"damage":6,"enemies":"3 Byrds","floor":18,"turns":5},{"damage":11,"enemies":"Chosen","floor":19,"turns":5},{"damage":24,"enemies":"Book of Stabbing","floor":23,"turns":5},{"damage":53,"enemies":"Slavers","floor":28,"turns":4}],"seed_played":"-195913835624656464","potions_obtained":[],"is_trial":false,"path_per_floor":["M","M","M","M","M","E","R","E","T","R","$","R","M","M","R","B",null,"M","M","?","$","?","E","?","R","T","R","E"],"character_chosen":"THE_SILENT","items_purchased":["Infinite Blades","Flash of Steel"],"campfire_rested":2,"item_purchase_floors":[11,11],"current_hp_per_floor":[59,59,59,59,58,44,44,16,16,16,16,16,15,12,48,23,58,52,41,41,41,41,17,17,17,17,53,0],"gold":60,"neow_bonus":"BOSS_RELIC","is_prod":false,"is_daily":false,"chose_seed":false,"campfire_upgraded":1,"win_rate":0,"timestamp":1546136298,"path_taken":["M","M","M","M","M","E","R","E","T","R","$","R","M","M","R","BOSS","M","M","?","$","?","E","?","R","T","R","E"],"build_version":"2018-12-20","purchased_purges":2,"victory":false,"max_hp_per_floor":[70,70,70,70,70,70,70,70,70,70,70,70,70,70,70,70,70,70,70,70,70,70,70,70,70,70,70,70],"card_choices":[{"not_picked":["Poisoned Stab","Quick Slash"],"picked":"Cloak And Dagger","floor":1.0},{"not_picked":["Catalyst","Poisoned Stab"],"picked":"Dagger Spray","floor":2.0},{"not_picked":["Flying Knee","Bane"],"picked":"Blade Dance","floor":3.0},{"not_picked":["Deflect","Catalyst","Slice"],"picked":"SKIP","floor":4.0},{"not_picked":["Slice","Deflect"],"picked":"Infinite Blades","floor":5.0},{"not_picked":["Dodge and Roll","Outmaneuver"],"picked":"Escape Plan","floor":6.0},{"not_picked":["Night Terror","Deflect"],"picked":"Distraction","floor":8.0},{"not_picked":["Deadly Poison","Setup"],"picked":"Accuracy","floor":13.0},{"not_picked":["Predator","Flying Knee"],"picked":"Escape Plan","floor":14.0},{"not_picked":["Dodge and Roll","Dash"],"picked":"Backflip","floor":18},{"not_picked":["Reflex","Deflect"],"picked":"Accuracy+1","floor":19},{"not_picked":["Dagger Spray","Underhanded Strike"],"picked":"Backflip","floor":23}],"player_experience":392989,"relics_obtained":[{"floor":6.0,"key":"Bag of Preparation"},{"floor":8.0,"key":"Shovel"},{"floor":9.0,"key":"Omamori"},{"floor":10.0,"key":"Regal Pillow"},{"floor":12.0,"key":"Orichalcum"},{"floor":23,"key":"Tingsha"},{"floor":25,"key":"Ice Cream"},{"floor":26,"key":"Oddly Smooth Stone"}],"event_choices":[{"damage_healed":0,"gold_gain":0,"player_choice":"Obtained Relic","damage_taken":0,"relics_obtained":["Ancient Tea Set"],"max_hp_gain":0,"max_hp_loss":0,"event_name":"Addict","floor":20,"gold_loss":85},{"damage_healed":0,"gold_gain":0,"player_choice":"Ignored","damage_taken":0,"max_hp_gain":0,"max_hp_loss":0,"event_name":"Ghosts","floor":22,"gold_loss":0},{"damage_healed":0,"gold_gain":0,"player_choice":"Traded Relic","damage_taken":0,"relics_obtained":["Nloth\u0027s Gift"],"max_hp_gain":0,"max_hp_loss":0,"event_name":"N\u0027loth","floor":24,"relics_lost":["Bag of Preparation"],"gold_loss":0}],"is_beta":false,"boss_relics":[{"not_picked":["Velvet Choker","Coffee Dripper"],"picked":"Empty Cage"}],"items_purged_floors":[11,21],"is_endless":false,"potions_floor_spawned":[4,5,6,13,16,23],"killed_by":"Slavers","ascension_level":7}