{"gold_per_floor":[359,534,37,37,37,37,49,61,61,61,17,30,30,47,47,145,145,70,86,11,11,25,25],"floor_reached":23,"playtime":1296,"items_purged":[],"score":251,"play_id":"78e497e4-b99b-48ae-b1a7-3831177704b5","local_time":"20190127085631","is_ascension_mode":true,"campfire_choices":[{"data":"Mayhem","floor":6,"key":"SMITH"},{"data":"Capacitor","floor":10,"key":"SMITH"},{"floor":13,"key":"REST"},{"floor":15,"key":"REST"}],"neow_cost":"CURSE","seed_source_timestamp":310868502863184,"circlet_count":0,"master_deck":["Strike_B","Strike_B","Strike_B","Defend_B","Defend_B","Defend_B","Defend_B","Zap","Dualcast","Parasite","Coolheaded","Mayhem+1","Capacitor+1","Coolheaded","Leap","Steam","Chaos","Creative AI","Tempest","Conserve Battery","Self Repair"],"relics":["Cracked Core","Mercury Hourglass","Turnip","Velvet Choker","Nilry\u0027s Codex"],"potions_floor_usage":[19,19,22],"damage_taken":[{"damage":4,"enemies":"2 Louse","floor":1,"turns":3},{"damage":10,"enemies":"Small Slimes","floor":7,"turns":3},{"damage":6,"enemies":"Jaw Worm","floor":8,"turns":4},{"damage":33,"enemies":"Gremlin Gang","floor":12,"turns":4},{"damage":0,"enemies":"Red Slaver","floor":14,"turns":3},{"damage":13,"enemies":"The Guardian","floor":16,"turns":11},{"damage":24,"enemies":"2 Thieves","floor":18,"turns":5},{"damage":4,"enemies":"3 Byrds","floor":19,"turns":3},{"damage":11,"enemies":"Centurion and Healer","floor":22,"turns":8},{"damage":30,"enemies":"Book of Stabbing","floor":23,"turns":3}],"seed_played":"-8987229179539174519","potions_obtained":[{"floor":1,"key":"Regen Potion"},{"floor":8,"key":"Energy Potion"},{"floor":16,"key":"FocusPotion"},{"floor":19,"key":"Ancient Potion"}],"is_trial":false,"path_per_floor":["M","?","$","?","?","R","M","M","T","R","?","M","R","M","R","B",null,"M","M","?","?","M","E"],"character_chosen":"DEFECT","items_purchased":["Mercury Hourglass","Mayhem","Capacitor"],"campfire_rested":2,"item_purchase_floors":[3,3,3],"current_hp_per_floor":[64,64,64,64,57,57,47,41,41,41,41,8,30,30,52,39,66,42,38,38,22,26,0],"gold":25,"neow_bonus":"TWO_FIFTY_GOLD","is_prod":false,"is_daily":false,"chose_seed":false,"campfire_upgraded":2,"win_rate":0,"timestamp":1548597391,"path_taken":["M","?","$","?","?","R","M","M","T","R","?","M","R","M","R","BOSS","M","M","?","?","M","E"],"build_version":"2019-01-23","purchased_purges":0,"victory":false,"max_hp_per_floor":[75,75,75,75,75,75,75,75,75,75,75,75,75,75,75,75,75,75,75,75,75,75,75],"card_choices":[{"not_picked":["Beam Cell","Barrage"],"picked":"Coolheaded","floor":1},{"not_picked":["Hologram","Turbo"],"picked":"Coolheaded","floor":7},{"not_picked":["Redo","Tempest"],"picked":"Leap","floor":8},{"not_picked":["Redo","Barrage"],"picked":"Steam","floor":12},{"not_picked":["Steam","Core Surge"],"picked":"Chaos","floor":14},{"not_picked":["Reboot","All For One"],"picked":"Creative AI","floor":16},{"not_picked":["Hologram","Coolheaded"],"picked":"Tempest","floor":18},{"not_picked":["Cold Snap","Undo+1"],"picked":"Conserve Battery","floor":19},{"not_picked":["Beam Cell","Reinforced Body"],"picked":"Self Repair","floor":22}],"player_experience":2028043,"relics_obtained":[{"floor":9,"key":"Turnip"},{"floor":21,"key":"Nilry\u0027s Codex"}],"event_choices":[{"damage_healed":0,"gold_gain":175,"player_choice":"AGREE","damage_taken":0,"max_hp_gain":0,"max_hp_loss":0,"event_name":"Liars Game","floor":2,"gold_loss":0,"cards_obtained":["Doubt"]},{"damage_healed":0,"gold_gain":0,"player_choice":"Leave","damage_taken":0,"max_hp_gain":0,"max_hp_loss":0,"event_name":"The Cleric","floor":4,"gold_loss":0},{"cards_removed":["Doubt"],"damage_healed":0,"gold_gain":0,"player_choice":"Card Removal","damage_taken":7,"max_hp_gain":0,"max_hp_loss":0,"event_name":"Golden Wing","floor":5,"gold_loss":0},{"damage_healed":0,"gold_gain":0,"player_choice":"Left Gold","damage_taken":0,"max_hp_gain":0,"max_hp_loss":0,"event_name":"World of Goop","floor":11,"gold_loss":44},{"cards_removed":["Strike_B"],"damage_healed":0,"gold_gain":0,"player_choice":"Gave Gold","damage_taken":0,"max_hp_gain":0,"max_hp_loss":0,"event_name":"Beggar","floor":20,"gold_loss":75},{"damage_healed":0,"gold_gain":0,"player_choice":"Obtained Book","damage_taken":16,"max_hp_gain":0,"max_hp_loss":0,"event_name":"Cursed Tome","floor":21,"gold_loss":0}],"is_beta":false,"boss_relics":[{"not_picked":["Busted Crown","Ectoplasm"],"picked":"Velvet Choker"}],"items_purged_floors":[],"is_endless":false,"potions_floor_spawned":[1,8,16,19],"killed_by":"Book of Stabbing","ascension_level":8}