{"gold_per_floor":[113,126,136,61,74,74,106,106,106,135,210,210,210,221,221,317,317,337,337,37,48,65,65,95,95,95,95,121,71,90,108,108,208,208,218,234,89,89,99,99,49,82,82,82,97,114,114],"floor_reached":47,"playtime":3306,"items_purged":["Strike_B","Pain","Strike_B","Ball Lightning","Ball Lightning"],"score":606,"play_id":"318da4dc-eb48-4f90-897f-3a04216ab64b","local_time":"20190128095041","is_ascension_mode":true,"campfire_choices":[{"data":"Zap","floor":6,"key":"SMITH"},{"data":"Defragment","floor":13,"key":"SMITH"},{"floor":15,"key":"REST"},{"data":"Defragment","floor":23,"key":"SMITH"},{"data":"Dualcast","floor":25,"key":"SMITH"},{"floor":32,"key":"REST"},{"data":"Defragment","floor":40,"key":"SMITH"},{"floor":44,"key":"REST"}],"neow_cost":"TEN_PERCENT_HP_LOSS","seed_source_timestamp":503774852518140,"circlet_count":0,"master_deck":["Defend_B","Defend_B","Defend_B","Defend_B","Zap+1","Dualcast+1","Cold Snap","Auto Shields","Chaos","Defragment+1","Steam+1","Machine Learning","FTL","Defragment+1","Cold Snap","Auto Shields+1","Darkness+1","Multi-Cast+1","Doom and Gloom+1","White Noise+1","Defragment+1","Hologram+1","Madness+1","Madness+1","Redo+1","Redo+1","Conserve Battery+1"],"relics":["Cracked Core","Smiling Mask","Toxic Egg 2","Ornamental Fan","WarpedTongs","Sozu","Cables","Bronze Scales","Vajra","Symbiotic Virus","Nuclear Battery","Shovel"],"potions_floor_usage":[7,31],"damage_taken":[{"damage":13,"enemies":"Small Slimes","floor":1,"turns":2},{"damage":2,"enemies":"Jaw Worm","floor":2,"turns":4},{"damage":0,"enemies":"Cultist","floor":3,"turns":2},{"damage":6,"enemies":"Exordium Thugs","floor":5,"turns":4},{"damage":8,"enemies":"Lagavulin","floor":7,"turns":6},{"damage":14,"enemies":"Gremlin Nob","floor":10,"turns":4},{"damage":5,"enemies":"Large Slime","floor":14,"turns":5},{"damage":25,"enemies":"Hexaghost","floor":16,"turns":12},{"damage":7,"enemies":"Shell Parasite","floor":18,"turns":6},{"damage":0,"enemies":"Spheric Guardian","floor":21,"turns":3},{"damage":8,"enemies":"Shelled Parasite and Fungi","floor":22,"turns":5},{"damage":8,"enemies":"Book of Stabbing","floor":24,"turns":4},{"damage":21,"enemies":"Slavers","floor":28,"turns":5},{"damage":1,"enemies":"Snake Plant","floor":30,"turns":2},{"damage":0,"enemies":"Snecko","floor":31,"turns":3},{"damage":18,"enemies":"Champ","floor":33,"turns":9},{"damage":7,"enemies":"3 Darklings","floor":35,"turns":5},{"damage":0,"enemies":"3 Shapes","floor":36,"turns":5},{"damage":3,"enemies":"Transient","floor":39,"turns":5},{"damage":35,"enemies":"Nemesis","floor":42,"turns":5},{"damage":9,"enemies":"Spire Growth","floor":45,"turns":4},{"damage":0,"enemies":"Maw","floor":46,"turns":5},{"damage":33,"enemies":"4 Shapes","floor":47,"turns":2}],"seed_played":"-7996928915672106565","potions_obtained":[{"floor":3,"key":"FocusPotion"},{"floor":10,"key":"SteroidPotion"},{"floor":14,"key":"Poison Potion"}],"is_trial":false,"path_per_floor":["M","M","M","$","M","R","E","?","T","E","?","?","R","M","R","B",null,"M","?","$","M","M","R","E","R","T","?","E","$","M","M","R","B",null,"M","M","$","?","M","R","$","E","T","R","M","M","M"],"character_chosen":"DEFECT","items_purchased":["Cables","Defragment","Hologram+1"],"campfire_rested":3,"item_purchase_floors":[20,37,37],"current_hp_per_floor":[55,53,53,53,47,47,39,44,44,30,19,19,19,14,35,10,73,66,66,66,66,58,58,50,50,50,50,29,29,28,28,49,31,73,66,66,66,57,54,54,54,19,19,40,31,31,0],"gold":114,"neow_bonus":"REMOVE_TWO","is_prod":false,"is_daily":false,"chose_seed":false,"campfire_upgraded":5,"win_rate":0,"timestamp":1548690641,"path_taken":["M","M","M","$","M","R","E","?","T","E","?","?","R","?","R","BOSS","M","?","$","M","M","R","E","R","T","?","E","$","M","M","R","BOSS","M","M","$","?","M","R","$","E","T","R","M","M","M"],"build_version":"2019-01-23","purchased_purges":5,"victory":false,"max_hp_per_floor":[68,68,68,68,68,68,68,73,73,73,73,73,73,73,73,73,73,73,73,73,73,73,73,73,73,73,73,73,73,73,73,73,73,73,73,73,73,73,73,73,73,73,73,73,73,73,73],"card_choices":[{"not_picked":["Go for the Eyes","Redo"],"picked":"Cold Snap","floor":1},{"not_picked":["Cold Snap","Steam"],"picked":"Ball Lightning","floor":2},{"not_picked":["BootSequence","Sweeping Beam"],"picked":"Auto Shields","floor":3},{"not_picked":["Force Field","Streamline"],"picked":"Chaos","floor":5},{"not_picked":["BootSequence","Capacitor"],"picked":"Defragment","floor":7},{"not_picked":["Compile Driver","Recycle+1"],"picked":"Steam+1","floor":10},{"not_picked":["Steam+1","Streamline","Beam Cell"],"picked":"SKIP","floor":14},{"not_picked":["Thunder Strike","Creative AI"],"picked":"Machine Learning","floor":16},{"not_picked":["Steam+1","Compile Driver+1"],"picked":"FTL","floor":18},{"not_picked":["Ball Lightning","Streamline+1"],"picked":"Cold Snap","floor":21},{"not_picked":["Compile Driver","Turbo+1"],"picked":"Auto Shields+1","floor":22},{"not_picked":["Genetic Algorithm+1","Rebound"],"picked":"Darkness+1","floor":24},{"not_picked":["Blizzard","Creative AI"],"picked":"Ball Lightning","floor":28},{"not_picked":["Beam Cell","Steam Power+1","Turbo+1"],"picked":"SKIP","floor":30},{"not_picked":["Compile Driver","Heatsinks","Genetic Algorithm+1"],"picked":"SKIP","floor":31},{"not_picked":["Amplify+1","Rainbow+1"],"picked":"Multi-Cast+1","floor":33},{"not_picked":["Lockon","Heatsinks+1"],"picked":"Doom and Gloom+1","floor":35},{"not_picked":["Darkness+1","Beam Cell"],"picked":"White Noise+1","floor":36},{"not_picked":["Sweeping Beam","Rip and Tear+1","Leap+1"],"picked":"SKIP","floor":39},{"not_picked":["Hello World+1","Sweeping Beam"],"picked":"Redo+1","floor":42},{"not_picked":["Coolheaded+1","Go for the Eyes+1"],"picked":"Redo+1","floor":45},{"not_picked":["Steam Power+1","Hello World+1"],"picked":"Conserve Battery+1","floor":46}],"player_experience":549970,"relics_obtained":[{"floor":7,"key":"Smiling Mask"},{"floor":9,"key":"Toxic Egg 2"},{"floor":10,"key":"Ornamental Fan"},{"floor":24,"key":"Bronze Scales"},{"floor":26,"key":"Vajra"},{"floor":28,"key":"Symbiotic Virus"},{"floor":42,"key":"Shovel"}],"event_choices":[{"damage_healed":0,"gold_gain":0,"player_choice":"Donut","damage_taken":0,"max_hp_gain":5,"max_hp_loss":0,"event_name":"Big Fish","floor":8,"gold_loss":0},{"damage_healed":0,"gold_gain":75,"player_choice":"Gather Gold","damage_taken":11,"max_hp_gain":0,"max_hp_loss":0,"event_name":"World of Goop","floor":11,"gold_loss":0},{"damage_healed":0,"gold_gain":0,"player_choice":"Rummage","damage_taken":0,"relics_obtained":["WarpedTongs"],"max_hp_gain":0,"max_hp_loss":0,"event_name":"Accursed Blacksmith","floor":12,"gold_loss":0,"cards_obtained":["Pain"]},{"damage_healed":0,"gold_gain":0,"player_choice":"Read","damage_taken":0,"max_hp_gain":0,"max_hp_loss":0,"event_name":"The Library","floor":19,"gold_loss":0,"cards_obtained":["Defragment"]},{"damage_healed":0,"gold_gain":0,"player_choice":"Ignored","damage_taken":0,"max_hp_gain":0,"max_hp_loss":0,"event_name":"Ghosts","floor":27,"gold_loss":0},{"damage_healed":0,"gold_gain":0,"player_choice":"Embrace Madness","damage_taken":9,"max_hp_gain":0,"max_hp_loss":0,"event_name":"Winding Halls","floor":38,"gold_loss":0,"cards_obtained":["Madness","Madness"]}],"is_beta":false,"boss_relics":[{"not_picked":["White Beast Statue","Snecko Eye"],"picked":"Sozu"},{"not_picked":["Cursed Key","Pandora\u0027s Box"],"picked":"Nuclear Battery"}],"items_purged_floors":[4,20,29,37,41],"is_endless":false,"potions_floor_spawned":[3,10,14,22,24,30,33,39,42,45,46],"killed_by":"4 Shapes","ascension_level":4}