{"path_per_floor":["M","$","?","M","M","R","M","E","T","$","R","?","M","M","R","B",null,"M","?","$","M","?","R","M","M","T","M","$","M","T","$","R","B",null,"M","M","M","M","?"],"character_chosen":"IRONCLAD","items_purchased":["Clothesline","Flash of Steel","Flash of Steel"],"gold_per_floor":[119,19,19,33,46,46,65,108,133,33,33,33,51,67,67,198,198,217,252,22,40,40,40,65,89,115,139,42,67,92,92,92,212,212,225,238,259,279,279,279],"floor_reached":40,"campfire_rested":2,"playtime":4897,"item_purchase_floors":[2,20,28],"current_hp_per_floor":[76,76,56,62,62,62,66,55,62,62,62,62,68,71,71,42,103,85,46,46,37,37,71,27,31,31,40,40,31,31,31,67,15,123,111,108,89,66,66,0],"items_purged":["Strike_R","Defend_R","Defend_R"],"gold":279,"score":442,"play_id":"702f8d5e-6de3-4347-a5fe-5ddfe0a27ae0","local_time":"20180529031853","is_prod":false,"is_daily":false,"chose_seed":false,"is_ascension_mode":false,"campfire_upgraded":3,"win_rate":0.0,"timestamp":1527556733,"campfire_choices":[{"data":"Feed","floor":6,"key":"SMITH"},{"data":"Defend_R","floor":11,"key":"SMITH"},{"data":"Rage","floor":15,"key":"SMITH"},{"floor":23,"key":"REST"},{"floor":32,"key":"REST"}],"path_taken":["M","$","?","M","M","R","M","E","T","$","R","?","M","M","R","BOSS","M","?","?","M","?","R","M","M","T","M","$","M","?","$","R","BOSS","M","M","M","M","?","E"],"build_version":"2018-05-24","seed_source_timestamp":1052162246095140,"purchased_purges":3,"victory":false,"master_deck":["Strike_R","Strike_R","Defend_R","Defend_R+1","Bash","Armaments","Carnage","Feed+1","Pommel Strike","Sword Boomerang","Warcry","Rage+1","Barricade","Flex+1","Anger","Flash of Steel","Warcry+1","Pommel Strike","Burning Pact+1","Impervious","Flash of Steel","Cleave","Feed","Fire Breathing","Body Slam+1","Fire Breathing"],"max_hp_per_floor":[80,80,80,80,80,80,84,88,95,95,95,95,99,103,103,103,103,107,111,111,115,115,115,115,119,119,123,123,123,123,123,123,123,123,123,126,129,136,136,136],"relics":["Burning Blood","Golden Idol","Ancient Tea Set","Strawberry","Velvet Choker","Red Mask","Anchor","Bag of Marbles","Mark of Pain"],"card_choices":[{"not_picked":["Pommel Strike","Warcry"],"picked":"Armaments","floor":1},{"not_picked":["Pommel Strike","Perfected Strike"],"picked":"Carnage","floor":4},{"not_picked":["Clothesline","Thunderclap"],"picked":"Feed","floor":5},{"not_picked":["Perfected Strike","Clothesline"],"picked":"Pommel Strike","floor":7},{"not_picked":["Reaper","Twin Strike"],"picked":"Sword Boomerang","floor":8},{"not_picked":["Infernal Blade","Pommel Strike"],"picked":"Warcry","floor":13},{"not_picked":["Armaments","Anger"],"picked":"Rage","floor":14},{"not_picked":["Feed","Double Tap"],"picked":"Barricade","floor":16},{"not_picked":["Perfected Strike+1","Searing Blow"],"picked":"Flex+1","floor":18},{"not_picked":["Corruption","Armaments"],"picked":"Anger","floor":19},{"not_picked":["Iron Wave+1","Clash"],"picked":"Warcry+1","floor":21},{"not_picked":["True Grit","Shockwave"],"picked":"Pommel Strike","floor":24},{"not_picked":["Body Slam","Second Wind"],"picked":"Burning Pact+1","floor":25},{"not_picked":["Flex+1","Flame Barrier"],"picked":"Impervious","floor":27},{"not_picked":["Metallicize","Blood for Blood"],"picked":"Cleave","floor":29},{"not_picked":["Dark Embrace","Bludgeon"],"picked":"Feed","floor":33},{"not_picked":["Disarm","Flex"],"picked":"Fire Breathing","floor":35},{"not_picked":["Infernal Blade+1","Shrug It Off"],"picked":"Body Slam+1","floor":36},{"not_picked":["Headbutt+1","Pummel+1"],"picked":"Fire Breathing","floor":37},{"not_picked":["Entrench+1","True Grit+1","Perfected Strike"],"picked":"SKIP","floor":38}],"player_experience":2864,"potions_floor_usage":[16,16,19,25,35,38,40,40],"damage_taken":[{"damage":10,"enemies":"2 Louse","floor":1,"turns":3},{"damage":0,"enemies":"Cultist","floor":4,"turns":4},{"damage":6,"enemies":"Jaw Worm","floor":5,"turns":3},{"damage":6,"enemies":"Looter","floor":7,"turns":4},{"damage":21,"enemies":"Lagavulin","floor":8,"turns":8},{"damage":4,"enemies":"Blue Slaver","floor":13,"turns":3},{"damage":7,"enemies":"3 Louse","floor":14,"turns":4},{"damage":35,"enemies":"Hexaghost","floor":16,"turns":9},{"damage":28,"enemies":"3 Byrds","floor":18,"turns":8},{"damage":49,"enemies":"Masked Bandits","floor":19,"turns":7},{"damage":19,"enemies":"Spheric Guardian","floor":21,"turns":4},{"damage":50,"enemies":"3 Cultists","floor":24,"turns":7},{"damage":17,"enemies":"Centurion and Healer","floor":25,"turns":4},{"damage":1,"enemies":"Sentry and Sphere","floor":27,"turns":5},{"damage":15,"enemies":"Snake Plant","floor":29,"turns":4},{"damage":58,"enemies":"Champ","floor":33,"turns":15},{"damage":18,"enemies":"3 Darklings","floor":35,"turns":5},{"damage":12,"enemies":"Orb Walker","floor":36,"turns":4},{"damage":28,"enemies":"3 Darklings","floor":37,"turns":5},{"damage":36,"enemies":"Sphere and 2 Shapes","floor":38,"turns":6},{"damage":76,"enemies":"2 Orb Walkers","floor":40,"turns":5}],"relics_obtained":[{"floor":8,"key":"Ancient Tea Set"},{"floor":9,"key":"Strawberry"},{"floor":19,"key":"Red Mask"},{"floor":26,"key":"Anchor"},{"floor":30,"key":"Bag of Marbles"}],"event_choices":[{"event_name":"Golden Idol","player_choice":"Take Damage","floor":3,"damage_taken":0},{"event_name":"Living Wall","player_choice":"Forget","floor":12,"damage_taken":0},{"event_name":"Masked Bandits","player_choice":"Fought over 217 gold","floor":19,"damage_taken":0},{"event_name":"Drug Dealer","player_choice":"Ignored","floor":22,"damage_taken":0}],"boss_relics":[{"not_picked":["Snecko Eye","Black Blood"],"picked":"Velvet Choker"},{"not_picked":["Runic Cube","Calling Bell"],"picked":"Mark of Pain"}],"items_purged_floors":[2,10,20],"potions_floor_spawned":[4,13,16,21,24,25,27,35,37],"seed_played":"-4649634717962225382","killed_by":"2 Orb Walkers","ascension_level":0,"potions_obtained":[{"floor":4,"key":"Poison Potion"},{"floor":13,"key":"Strength Potion"},{"floor":16,"key":"Block Potion"},{"floor":21,"key":"SteroidPotion"},{"floor":24,"key":"BloodPotion"},{"floor":25,"key":"Ancient Potion"},{"floor":27,"key":"Strength Potion"},{"floor":35,"key":"Energy Potion"},{"floor":37,"key":"FearPotion"}],"is_trial":false}