{"gold_per_floor":[117,192,211,29,29,129,129,143,143,143,161,161,59,74,74,176,176,195,195,43,43,57,57,57,57,80,80,108,108,124,134,134,237,237,253,253,60,60,71,71,83,83,137,137,237,237,237,237,237,237],"floor_reached":51,"playtime":2309,"items_purged":["Strike_B"],"score":674,"play_id":"147a54f1-22f8-44cd-b0da-4aa05229b0a6","local_time":"20181118203322","is_ascension_mode":false,"campfire_choices":[{"data":"Dualcast","floor":7,"key":"SMITH"},{"data":"Cold Snap","floor":10,"key":"SMITH"},{"data":"Defragment","floor":12,"key":"SMITH"},{"data":"Auto Shields","floor":15,"key":"SMITH"},{"data":"Biased Cognition","floor":23,"key":"SMITH"},{"data":"Capacitor","floor":29,"key":"SMITH"},{"data":"Electrodynamics","floor":32,"key":"SMITH"},{"data":"Fission","floor":40,"key":"SMITH"},{"data":"Panache","floor":42,"key":"SMITH"},{"data":"Self Repair","floor":44,"key":"SMITH"},{"data":"Madness","floor":47,"key":"SMITH"},{"data":"Madness","floor":49,"key":"SMITH"}],"neow_cost":"NONE","seed_source_timestamp":19376515043098,"circlet_count":0,"master_deck":["Strike_B","Defend_B","Defend_B","Defend_B","Zap+1","Dualcast+1","Cold Snap+1","Auto Shields+1","Apotheosis+1","Conserve Battery","Defragment+1","Coolheaded","Electrodynamics+1","Self Repair+1","Biased Cognition+1","Steam Power","Lockon","Writhe","Capacitor+1","Ball Lightning+1","Fission+1","Force Field","Panache+1","Static Discharge+1","Creative AI+1","Madness+1","Madness+1"],"relics":["Cracked Core","Orichalcum","Bronze Scales","Philosopher\u0027s Stone","FossilizedHelix","Juzu Bracelet","Regal Pillow","Pear","Gremlin Horn","Runic Pyramid","Ancient Tea Set","Ginger"],"potions_floor_usage":[28,28,33,35,41,50],"damage_taken":[{"damage":0,"enemies":"2 Louse","floor":1,"turns":2},{"damage":1,"enemies":"Small Slimes","floor":3,"turns":2},{"damage":0,"enemies":"Cultist","floor":8,"turns":3},{"damage":6,"enemies":"Large Slime","floor":11,"turns":5},{"damage":7,"enemies":"Gremlin Gang","floor":14,"turns":4},{"damage":1,"enemies":"The Guardian","floor":16,"turns":9},{"damage":24,"enemies":"2 Thieves","floor":18,"turns":3},{"damage":0,"enemies":"Shell Parasite","floor":22,"turns":3},{"damage":0,"enemies":"Gremlin Leader","floor":28,"turns":5},{"damage":0,"enemies":"Cultist and Chosen","floor":30,"turns":3},{"damage":7,"enemies":"Centurion and Healer","floor":31,"turns":5},{"damage":9,"enemies":"Champ","floor":33,"turns":8},{"damage":14,"enemies":"3 Darklings","floor":35,"turns":3},{"damage":0,"enemies":"Orb Walker","floor":39,"turns":4},{"damage":0,"enemies":"Maw","floor":41,"turns":6},{"damage":0,"enemies":"Mind Bloom Boss Battle","floor":45,"turns":4},{"damage":29,"enemies":"Donu and Deca","floor":50,"turns":6}],"seed_played":"2178269236701670951","potions_obtained":[{"floor":11,"key":"FearPotion"},{"floor":16,"key":"SpeedPotion"},{"floor":22,"key":"Block Potion"},{"floor":30,"key":"Strength Potion"},{"floor":33,"key":"Dexterity Potion"},{"floor":39,"key":"Swift Potion"},{"floor":41,"key":"SkillPotion"}],"is_trial":false,"path_per_floor":["M","?","M","$","?","?","R","M","T","R","M","R","$","M","R","B",null,"M","?","$","?","M","R","?","?","T","?","E","R","M","M","R","B",null,"M","?","$","?","M","R","M","R","T","R","?","?","R","?","R","B",null],"character_chosen":"DEFECT","items_purchased":["Apotheosis","Coolheaded","Juzu Bracelet","Panache"],"campfire_rested":0,"item_purchase_floors":[4,13,20,37],"current_hp_per_floor":[75,64,63,63,48,48,48,48,48,48,42,42,42,35,35,34,75,51,51,51,51,61,61,61,61,61,71,78,78,85,85,85,85,85,71,71,71,85,85,85,85,85,85,85,85,74,74,74,74,55],"gold":237,"neow_bonus":"RANDOM_COMMON_RELIC","is_prod":false,"is_daily":false,"chose_seed":false,"campfire_upgraded":12,"win_rate":0.0,"timestamp":1542591202,"path_taken":["M","?","M","$","?","?","R","?","T","R","M","R","$","M","R","BOSS","M","?","$","?","M","R","?","?","T","?","E","R","M","M","R","BOSS","M","?","$","?","M","R","M","R","T","R","?","?","R","?","R","BOSS"],"build_version":"2018-11-15","purchased_purges":1,"victory":true,"max_hp_per_floor":[75,75,75,75,75,75,75,75,75,75,75,75,75,75,75,75,75,75,75,75,75,75,75,75,75,75,85,85,85,85,85,85,85,85,85,85,85,85,85,85,85,85,85,85,85,85,85,85,85,85],"card_choices":[{"not_picked":["Barrage","Reinforced Body"],"picked":"Cold Snap","floor":1},{"not_picked":["Steam Power","Ball Lightning"],"picked":"Auto Shields","floor":3},{"not_picked":["Biased Cognition","Sunder"],"picked":"Conserve Battery","floor":8},{"not_picked":["Darkness","Chill"],"picked":"Defragment","floor":11},{"not_picked":["Compile Driver","Scrape"],"picked":"Sunder","floor":14},{"not_picked":["Amplify","Meteor Strike"],"picked":"Electrodynamics","floor":16},{"not_picked":["Hologram","White Noise"],"picked":"Self Repair","floor":18},{"not_picked":["Beam Cell","Sweeping Beam"],"picked":"Lockon","floor":22},{"not_picked":["Steam","Hello World"],"picked":"Capacitor","floor":28},{"not_picked":["Turbo","Stack"],"picked":"Ball Lightning+1","floor":30},{"not_picked":["White Noise","Steam"],"picked":"All For One","floor":31},{"not_picked":["Seek","Buffer"],"picked":"Fission","floor":33},{"not_picked":["Steam+1","Stack"],"picked":"Force Field","floor":35},{"not_picked":["Leap+1","Melter"],"picked":"Static Discharge+1","floor":39},{"not_picked":["Coolheaded","Heatsinks","Sweeping Beam+1"],"picked":"SKIP","floor":41},{"not_picked":["Streamline","Fusion"],"picked":"Creative AI","floor":45}],"player_experience":22158,"relics_obtained":[{"floor":9,"key":"Bronze Scales"},{"floor":26,"key":"Regal Pillow"},{"floor":28,"key":"Gremlin Horn"},{"floor":43,"key":"Ancient Tea Set"},{"floor":45,"key":"Ginger"}],"event_choices":[{"damage_healed":0,"gold_gain":75,"player_choice":"Gather Gold","damage_taken":11,"max_hp_gain":0,"max_hp_loss":0,"event_name":"World of Goop","floor":2,"gold_loss":0},{"damage_healed":0,"gold_gain":0,"player_choice":"Entered Light","damage_taken":15,"max_hp_gain":0,"max_hp_loss":0,"event_name":"Shining Light","floor":5,"gold_loss":0,"cards_upgraded":["Zap","Apotheosis"]},{"damage_healed":0,"gold_gain":100,"player_choice":"Gold","damage_taken":0,"max_hp_gain":0,"max_hp_loss":0,"event_name":"Wheel of Change","floor":6,"gold_loss":0},{"damage_healed":0,"gold_gain":0,"player_choice":"Gave Potion","damage_taken":0,"relics_obtained":["FossilizedHelix"],"max_hp_gain":0,"max_hp_loss":0,"event_name":"WeMeetAgain","floor":19,"gold_loss":0},{"damage_healed":0,"gold_gain":0,"cards_transformed":["Strike_B","Strike_B"],"player_choice":"Became Test Subject","damage_taken":0,"max_hp_gain":0,"max_hp_loss":0,"event_name":"Drug Dealer","floor":21,"gold_loss":0,"cards_obtained":["Biased Cognition","Steam Power"]},{"cards_removed":["Defend_B"],"damage_healed":0,"gold_gain":0,"player_choice":"Card Removal","damage_taken":0,"max_hp_gain":0,"max_hp_loss":0,"event_name":"Wheel of Change","floor":24,"gold_loss":0},{"damage_healed":0,"gold_gain":0,"player_choice":"Ignored","damage_taken":0,"max_hp_gain":0,"max_hp_loss":0,"event_name":"Ghosts","floor":25,"gold_loss":0},{"damage_healed":0,"gold_gain":0,"player_choice":"Opened","damage_taken":0,"relics_obtained":["Pear"],"max_hp_gain":0,"max_hp_loss":0,"event_name":"The Mausoleum","floor":27,"gold_loss":0,"cards_obtained":["Writhe"]},{"cards_removed":["All For One"],"damage_healed":0,"gold_gain":0,"player_choice":"Removed Attack","damage_taken":0,"max_hp_gain":0,"max_hp_loss":0,"event_name":"Falling","floor":36,"gold_loss":0},{"cards_removed":["Sunder"],"damage_healed":14,"gold_gain":0,"player_choice":"Offered Uncommon","damage_taken":0,"max_hp_gain":0,"max_hp_loss":0,"event_name":"Bonfire Elementals","floor":38,"gold_loss":0},{"damage_healed":0,"gold_gain":0,"player_choice":"Fight","damage_taken":0,"max_hp_gain":0,"max_hp_loss":0,"event_name":"MindBloom","floor":45,"gold_loss":0},{"damage_healed":0,"gold_gain":0,"player_choice":"Embrace Madness","damage_taken":11,"max_hp_gain":0,"max_hp_loss":0,"event_name":"Winding Halls","floor":46,"gold_loss":0,"cards_obtained":["Madness","Madness"]},{"damage_healed":0,"gold_gain":0,"player_choice":"Upgraded","damage_taken":0,"max_hp_gain":0,"max_hp_loss":0,"event_name":"Upgrade Shrine","floor":48,"gold_loss":0,"cards_upgraded":["Creative AI"]}],"is_beta":false,"boss_relics":[{"not_picked":["Coffee Dripper","Snecko Eye"],"picked":"Philosopher\u0027s Stone"},{"not_picked":["Runic Dome","Velvet Choker"],"picked":"Runic Pyramid"}],"items_purged_floors":[13],"is_endless":false,"potions_floor_spawned":[11,16,22,30,33,39,41],"ascension_level":0}