{"gold_per_floor":[365,82,82,82,98,98,123,123,175,188,188,206,206,206,206,330,330,308,508,165,186,211,211],"floor_reached":23,"playtime":1302,"items_purged":["Strike_R"],"score":284,"play_id":"a4799d6d-cbaf-42c4-bc63-f15d97930920","local_time":"20190105112638","is_ascension_mode":true,"campfire_choices":[{"data":"Bash","floor":6,"key":"SMITH"},{"data":"Flex","floor":8,"key":"SMITH"},{"data":"Armaments","floor":11,"key":"SMITH"},{"floor":15,"key":"REST"}],"neow_cost":"CURSE","seed_source_timestamp":747723237261343,"circlet_count":0,"master_deck":["AscendersBane","Strike_R","Strike_R","Strike_R","Strike_R","Defend_R","Defend_R","Defend_R","Bash+1","Writhe","Seeing Red","Burning Pact","Flex+1","Armaments+1","Shrug It Off","Juggernaut","Flame Barrier+1","Clothesline"],"relics":["Burning Blood","Medical Kit","Red Skull","Bag of Preparation","Golden Idol","White Beast Statue","Toolbox","Potion Belt"],"potions_floor_usage":[16,16,21,23,23,23],"damage_taken":[{"damage":15,"enemies":"Jaw Worm","floor":1,"turns":6},{"damage":1,"enemies":"Cultist","floor":5,"turns":3},{"damage":32,"enemies":"Gremlin Nob","floor":7,"turns":4},{"damage":0,"enemies":"2 Louse","floor":10,"turns":3},{"damage":1,"enemies":"Exordium Thugs","floor":12,"turns":4},{"damage":31,"enemies":"Hexaghost","floor":16,"turns":16},{"damage":37,"enemies":"2 Thieves","floor":18,"turns":5},{"damage":16,"enemies":"Shell Parasite","floor":21,"turns":7},{"damage":0,"enemies":"Snecko","floor":22,"turns":2},{"damage":40,"enemies":"Slavers","floor":23,"turns":5}],"seed_played":"-5523263031863790191","potions_obtained":[{"floor":5,"key":"Regen Potion"},{"floor":10,"key":"EssenceOfSteel"},{"floor":14,"key":"Energy Potion"},{"floor":18,"key":"Weak Potion"},{"floor":21,"key":"Weak Potion"},{"floor":22,"key":"Explosive Potion"}],"is_trial":false,"path_per_floor":["M","$","?","$","M","R","E","R","T","M","R","M","?","?","R","B",null,"M","?","$","M","M","E"],"character_chosen":"IRONCLAD","items_purchased":["Medical Kit","Toolbox","Potion Belt"],"campfire_rested":1,"item_purchase_floors":[2,20,20],"current_hp_per_floor":[63,63,63,63,68,68,42,42,42,48,48,53,33,33,57,47,72,41,41,41,31,37,0],"gold":211,"neow_bonus":"TWO_FIFTY_GOLD","is_prod":false,"is_daily":false,"chose_seed":false,"campfire_upgraded":3,"win_rate":0,"timestamp":1546705598,"path_taken":["M","$","?","?","?","R","E","R","T","M","R","?","?","?","R","BOSS","M","?","$","M","?","E"],"build_version":"2019-01-03v4","purchased_purges":1,"victory":false,"max_hp_per_floor":[80,80,80,80,80,80,80,80,80,80,80,80,80,80,80,80,80,80,80,80,80,80,80],"card_choices":[{"not_picked":["Havoc","Perfected Strike"],"picked":"Seeing Red","floor":1},{"not_picked":["Twin Strike","Armaments"],"picked":"Burning Pact","floor":5},{"not_picked":["Clothesline","True Grit"],"picked":"Flex","floor":7},{"not_picked":["Rupture","Body Slam"],"picked":"Armaments","floor":10},{"not_picked":["Second Wind","Armaments"],"picked":"Shrug It Off","floor":12},{"not_picked":["Limit Break","Berserk"],"picked":"Juggernaut","floor":16},{"not_picked":["Sword Boomerang","Armaments"],"picked":"Flame Barrier+1","floor":18},{"not_picked":["Thunderclap","Rupture","Anger"],"picked":"SKIP","floor":21},{"not_picked":["Heavy Blade","Clash+1"],"picked":"Clothesline","floor":22}],"player_experience":1703267,"relics_obtained":[{"floor":7,"key":"Red Skull"},{"floor":9,"key":"Bag of Preparation"}],"event_choices":[{"cards_removed":["Defend_R"],"damage_healed":0,"gold_gain":0,"player_choice":"Purged","damage_taken":0,"max_hp_gain":0,"max_hp_loss":0,"event_name":"Purifier","floor":3,"gold_loss":0},{"damage_healed":0,"gold_gain":0,"player_choice":"Take Damage","damage_taken":20,"relics_obtained":["Golden Idol"],"max_hp_gain":0,"max_hp_loss":0,"event_name":"Golden Idol","floor":13,"gold_loss":0},{"damage_healed":0,"gold_gain":0,"player_choice":"Got Potions","damage_taken":0,"max_hp_gain":0,"max_hp_loss":0,"event_name":"Lab","floor":14,"gold_loss":0},{"damage_healed":0,"gold_gain":200,"player_choice":"Gold","damage_taken":0,"max_hp_gain":0,"max_hp_loss":0,"event_name":"Wheel of Change","floor":19,"gold_loss":0}],"is_beta":false,"boss_relics":[{"not_picked":["Pandora\u0027s Box","Orrery"],"picked":"White Beast Statue"}],"items_purged_floors":[2],"is_endless":false,"potions_floor_spawned":[5,10,18,21,22],"killed_by":"Slavers","ascension_level":10}