{"gold_per_floor":[369,72,90,90,19,47,47,67,139,139,139,139,139,151,151,249,249,265,265,239,239,239,239,268,268,268,280,280,292,309,309],"floor_reached":31,"playtime":2436,"items_purged":["Strike_G"],"score":414,"play_id":"c74aae2b-714b-4f26-9ee0-ed5d843e6bea","local_time":"20190303215228","is_ascension_mode":true,"campfire_choices":[{"floor":10,"key":"REST"},{"floor":13,"key":"REST"},{"data":"Cloak And Dagger","floor":15,"key":"SMITH"},{"floor":23,"key":"REST"},{"floor":25,"key":"REST"},{"floor":28,"key":"REST"}],"neow_cost":"TEN_PERCENT_HP_LOSS","seed_source_timestamp":72361590647000,"circlet_count":0,"master_deck":["Defend_G","Defend_G","Defend_G","Defend_G","Defend_G","Survivor","Neutralize","Infinite Blades","Panache+1","Cloak And Dagger","Cloak And Dagger+1","Accuracy","Prepared","Accuracy","Bullet Time","Cloak And Dagger","Cloak And Dagger","Bite","Bite","Bite","Bite","Bite","J.A.X.","Accuracy+1","Cloak And Dagger+1","Infinite Blades","Cloak And Dagger","Blade Dance"],"relics":["Ring of the Snake","Dream Catcher","Dodecahedron","Blue Candle","WristBlade","Oddly Smooth Stone","Mercury Hourglass"],"potions_floor_usage":[6,16,27],"damage_taken":[{"damage":2,"enemies":"2 Louse","floor":1,"turns":3},{"damage":0,"enemies":"Cultist","floor":3,"turns":3},{"damage":41,"enemies":"Gremlin Nob","floor":6,"turns":5},{"damage":0,"enemies":"Jaw Worm","floor":8,"turns":3},{"damage":11,"enemies":"3 Louse","floor":14,"turns":3},{"damage":7,"enemies":"Hexaghost","floor":16,"turns":7},{"damage":19,"enemies":"Spheric Guardian","floor":18,"turns":4},{"damage":48,"enemies":"Slavers","floor":24,"turns":4},{"damage":0,"enemies":"3 Byrds","floor":27,"turns":3},{"damage":18,"enemies":"Centurion and Healer","floor":29,"turns":3},{"damage":30,"enemies":"Snake Plant","floor":30,"turns":4},{"damage":21,"enemies":"Gremlin Leader","floor":31,"turns":2}],"seed_played":"2807552056405335272","potions_obtained":[{"floor":1,"key":"SpeedPotion"},{"floor":3,"key":"LiquidBronze"},{"floor":14,"key":"PowerPotion"},{"floor":24,"key":"Explosive Potion"},{"floor":29,"key":"SteroidPotion"},{"floor":30,"key":"GamblersBrew"}],"is_trial":false,"path_per_floor":["M","$","M","?","$","E","?","M","T","R","?","?","R","M","R","B",null,"M","?","$","?","?","R","E","R","T","M","R","M","M","E"],"character_chosen":"THE_SILENT","items_purchased":["Panache","Cloak And Dagger","Accuracy","Cloak And Dagger"],"campfire_rested":5,"item_purchase_floors":[2,2,5,20],"current_hp_per_floor":[61,61,61,61,61,20,20,22,22,40,22,22,40,31,31,26,54,37,37,37,37,37,55,11,29,29,33,51,37,13,0],"gold":309,"neow_bonus":"TWO_FIFTY_GOLD","is_prod":false,"is_daily":false,"chose_seed":false,"campfire_upgraded":1,"win_rate":0,"timestamp":1551667948,"path_taken":["M","$","M","?","$","E","?","?","T","R","?","?","R","M","R","BOSS","M","?","$","?","?","R","E","R","T","?","R","M","M","E"],"build_version":"2019-01-23","purchased_purges":1,"victory":false,"max_hp_per_floor":[63,63,63,63,63,63,63,63,63,63,63,63,63,63,63,63,63,63,63,63,63,63,63,63,63,63,63,63,63,63,63],"card_choices":[{"not_picked":["Flying Knee","Sucker Punch"],"picked":"Infinite Blades","floor":1},{"not_picked":["Distraction","Flechettes"],"picked":"Cloak And Dagger","floor":3},{"not_picked":["Outmaneuver","Bouncing Flask","Expertise"],"picked":"SKIP","floor":6},{"not_picked":["Setup","Flying Knee","Quick Slash"],"picked":"SKIP","floor":8},{"not_picked":["Masterful Stab","Bane"],"picked":"Prepared","floor":10},{"not_picked":["Envenom","Backflip"],"picked":"Accuracy","floor":14},{"not_picked":["Unload","Burst"],"picked":"Bullet Time","floor":16},{"not_picked":["Backflip","Sucker Punch+1"],"picked":"Cloak And Dagger","floor":18},{"not_picked":["Leg Sweep","Acrobatics"],"picked":"Accuracy+1","floor":24},{"not_picked":["Acrobatics+1","Deadly Poison"],"picked":"Cloak And Dagger+1","floor":25},{"not_picked":["Blade Dance","Underhanded Strike+1"],"picked":"Infinite Blades","floor":27},{"not_picked":["Deflect","Outmaneuver"],"picked":"Cloak And Dagger","floor":29},{"not_picked":["Endless Agony","Quick Slash+1"],"picked":"Blade Dance","floor":30}],"player_experience":2331024,"relics_obtained":[{"floor":6,"key":"Dream Catcher"},{"floor":9,"key":"Dodecahedron"},{"floor":24,"key":"Oddly Smooth Stone"},{"floor":26,"key":"Mercury Hourglass"}],"event_choices":[{"damage_healed":0,"gold_gain":0,"player_choice":"Grow","damage_taken":0,"max_hp_gain":0,"max_hp_loss":0,"event_name":"Living Wall","floor":4,"gold_loss":0,"cards_upgraded":["Panache"]},{"damage_healed":0,"gold_gain":0,"player_choice":"Gave Potion","damage_taken":0,"relics_obtained":["Blood Vial"],"max_hp_gain":0,"max_hp_loss":0,"event_name":"WeMeetAgain","floor":7,"gold_loss":0},{"damage_healed":0,"gold_gain":0,"player_choice":"Success","damage_taken":18,"relics_obtained":["Blue Candle"],"max_hp_gain":0,"max_hp_loss":0,"event_name":"Scrap Ooze","floor":11,"gold_loss":0},{"damage_healed":0,"gold_gain":0,"player_choice":"Ignored","damage_taken":0,"max_hp_gain":0,"max_hp_loss":0,"event_name":"Liars Game","floor":12,"gold_loss":0},{"damage_healed":0,"gold_gain":0,"player_choice":"Ignored","damage_taken":0,"max_hp_gain":0,"max_hp_loss":0,"event_name":"Beggar","floor":19,"gold_loss":0},{"damage_healed":0,"gold_gain":0,"player_choice":"Became a vampire (Vial)","damage_taken":0,"max_hp_gain":0,"max_hp_loss":0,"event_name":"Vampires","floor":21,"relics_lost":["Blood Vial"],"gold_loss":0,"cards_obtained":["Bite","Bite","Bite","Bite","Bite"]},{"damage_healed":0,"gold_gain":0,"player_choice":"Obtain J.A.X.","damage_taken":0,"max_hp_gain":0,"max_hp_loss":0,"event_name":"Drug Dealer","floor":22,"gold_loss":0,"cards_obtained":["J.A.X."]}],"is_beta":false,"boss_relics":[{"not_picked":["Empty Cage","Coffee Dripper"],"picked":"WristBlade"}],"items_purged_floors":[2],"is_endless":false,"potions_floor_spawned":[1,3,14,24,29,30],"killed_by":"Gremlin Leader","ascension_level":9}