{"gold_per_floor":[209,209,37,48,67,67,136,136,136,174,174,225,24,43,43,43],"floor_reached":16,"playtime":539,"items_purged":[],"score":150,"play_id":"8838cce1-981e-43ff-b4ba-5ed743ef9d97","local_time":"20190329005702","is_ascension_mode":true,"campfire_choices":[{"data":"HandOfGreed","floor":6,"key":"SMITH"},{"data":"Lockon","floor":8,"key":"SMITH"},{"floor":11,"key":"REST"},{"data":"Dualcast","floor":15,"key":"SMITH"}],"neow_cost":"NONE","seed_source_timestamp":230253675633800,"circlet_count":0,"master_deck":["AscendersBane","Strike_B","Strike_B","Strike_B","Strike_B","Defend_B","Defend_B","Defend_B","Defend_B","Zap","Dualcast+1","Lockon+1","HandOfGreed+1","Capacitor","Loop","Core Surge","Barrage","Leap"],"relics":["Cracked Core","Pantograph","Ornamental Fan","Frozen Egg 2","Toolbox"],"potions_floor_usage":[12,16],"damage_taken":[{"damage":2,"enemies":"2 Louse","floor":1,"turns":3},{"damage":12,"enemies":"Jaw Worm","floor":4,"turns":2},{"damage":0,"enemies":"Cultist","floor":5,"turns":2},{"damage":27,"enemies":"Exordium Thugs","floor":10,"turns":3},{"damage":11,"enemies":"3 Sentries","floor":12,"turns":6},{"damage":10,"enemies":"3 Louse","floor":14,"turns":2},{"damage":54,"enemies":"Hexaghost","floor":16,"turns":9}],"seed_played":"8505115339701567413","potions_obtained":[{"floor":5,"key":"AttackPotion"},{"floor":10,"key":"Poison Potion"},{"floor":14,"key":"SmokeBomb"}],"is_trial":false,"path_per_floor":["M","?","$","M","M","R","T","R","T","M","R","E","$","M","R","B"],"character_chosen":"DEFECT","items_purchased":["HandOfGreed","Toolbox"],"campfire_rested":1,"item_purchase_floors":[3,13],"current_hp_per_floor":[66,66,66,54,54,54,54,54,54,27,49,38,38,28,28,0],"gold":43,"neow_bonus":"HUNDRED_GOLD","is_prod":false,"is_daily":false,"chose_seed":false,"campfire_upgraded":3,"win_rate":0,"timestamp":1553835422,"path_taken":["M","?","$","M","M","R","?","R","T","M","R","E","$","?","R","BOSS"],"build_version":"2019-01-23","purchased_purges":0,"victory":false,"max_hp_per_floor":[75,75,75,75,75,75,75,75,75,75,75,75,75,75,75,75],"card_choices":[{"not_picked":["Rebound","Gash"],"picked":"Lockon","floor":1},{"not_picked":["Compile Driver","Coolheaded"],"picked":"Capacitor","floor":4},{"not_picked":["Sweeping Beam","Stack"],"picked":"Loop","floor":5},{"not_picked":["Steam","Gash"],"picked":"Core Surge","floor":10},{"not_picked":["Hologram","Scrape"],"picked":"Barrage","floor":12},{"not_picked":["Beam Cell","Tempest"],"picked":"Leap","floor":14}],"player_experience":2533614,"relics_obtained":[{"floor":7,"key":"Pantograph"},{"floor":9,"key":"Ornamental Fan"},{"floor":12,"key":"Frozen Egg 2"}],"event_choices":[{"damage_healed":0,"gold_gain":0,"player_choice":"Ignored","damage_taken":0,"max_hp_gain":0,"max_hp_loss":0,"event_name":"Golden Idol","floor":2,"gold_loss":0}],"is_beta":false,"boss_relics":[],"items_purged_floors":[],"is_endless":false,"potions_floor_spawned":[5,10,14],"killed_by":"Hexaghost","ascension_level":10}