{"gold_per_floor":[119,119,134,147,171,171,205,205,287,312,381,454,454,475,475,596,659,673,129,129,129,44,44,169,169,217,217,236,335,353,387,387,512,512,531,547,182,182],"floor_reached":38,"playtime":3003,"items_purged":["Coolheaded"],"score":437,"play_id":"e17c090b-a0fc-4f0e-953d-3b1c6ac7fdc9","local_time":"20181206233940","is_ascension_mode":true,"campfire_choices":[{"floor":6,"key":"REST"},{"floor":15,"key":"REST"},{"data":"Double Energy","floor":23,"key":"SMITH"},{"floor":27,"key":"REST"},{"floor":32,"key":"REST"}],"neow_cost":"NONE","seed_source_timestamp":19729703731926,"circlet_count":0,"master_deck":["Defend_B","Defend_B+1","Defend_B+1","Defend_B","Zap","Darkness","BootSequence","Cold Snap","Streamline","FTL","Ball Lightning+1","Conserve Battery","Seek","Redo","Double Energy+1","Bite","Bite","Bite","Chill","Hologram","Beam Cell+1"],"relics":["Cracked Core","NeowsBlessing","Golden Idol","Pocketwatch","Gremlin Horn","Strawberry","Tiny House","StoneCalendar","Juzu Bracelet","Bronze Scales","Du-Vu Doll","Mercury Hourglass","PreservedInsect","Torii","Empty Cage","Unceasing Top"],"potions_floor_usage":[7,7,11,16,24,31,33],"damage_taken":[{"damage":0,"enemies":"Small Slimes","floor":1,"turns":1},{"damage":0,"enemies":"2 Louse","floor":3,"turns":1},{"damage":0,"enemies":"Cultist","floor":4,"turns":1},{"damage":18,"enemies":"2 Fungi Beasts","floor":5,"turns":3},{"damage":13,"enemies":"Gremlin Nob","floor":7,"turns":3},{"damage":6,"enemies":"Gremlin Gang","floor":10,"turns":4},{"damage":12,"enemies":"Gremlin Nob","floor":11,"turns":3},{"damage":0,"enemies":"3 Louse","floor":14,"turns":3},{"damage":30,"enemies":"Slime Boss","floor":16,"turns":10},{"damage":10,"enemies":"Shell Parasite","floor":18,"turns":5},{"damage":15,"enemies":"Colosseum Slavers","floor":24,"turns":4},{"damage":50,"enemies":"Colosseum Nobs","floor":24,"turns":5},{"damage":6,"enemies":"Spheric Guardian","floor":28,"turns":3},{"damage":10,"enemies":"Snake Plant","floor":30,"turns":4},{"damage":12,"enemies":"Book of Stabbing","floor":31,"turns":4},{"damage":49,"enemies":"Collector","floor":33,"turns":9},{"damage":0,"enemies":"Orb Walker","floor":35,"turns":3},{"damage":18,"enemies":"3 Darklings","floor":36,"turns":5},{"damage":54,"enemies":"2 Orb Walkers","floor":38,"turns":4}],"seed_played":"-7288649648462070703","potions_obtained":[{"floor":1,"key":"SkillPotion"},{"floor":5,"key":"AttackPotion"},{"floor":10,"key":"SteroidPotion"},{"floor":11,"key":"Dexterity Potion"},{"floor":17,"key":"LiquidBronze"},{"floor":28,"key":"Block Potion"},{"floor":30,"key":"Swift Potion"},{"floor":33,"key":"Swift Potion"}],"is_trial":false,"path_per_floor":["M","?","M","M","M","R","E","?","T","M","?","?","?","M","R","B",null,"M","$","?","?","?","R","?","?","T","R","M","?","M","E","R","B",null,"M","M","$","?"],"character_chosen":"DEFECT","items_purchased":["StoneCalendar","Double Energy","Juzu Bracelet","Unceasing Top"],"campfire_rested":4,"item_purchase_floors":[19,19,19,37],"current_hp_per_floor":[75,57,57,57,39,61,48,33,33,27,22,22,22,22,46,16,87,77,77,60,60,60,60,15,35,35,53,51,51,43,35,53,26,60,60,45,45,0],"gold":182,"neow_bonus":"THREE_ENEMY_KILL","is_prod":false,"is_daily":false,"chose_seed":false,"campfire_upgraded":1,"win_rate":0,"timestamp":1544161180,"path_taken":["M","?","M","M","M","R","E","?","T","M","?","?","?","?","R","BOSS","M","$","?","?","?","R","?","?","T","R","M","?","M","E","R","BOSS","M","M","$","?"],"build_version":"2018-12-06","purchased_purges":1,"victory":false,"max_hp_per_floor":[75,75,75,75,75,75,75,75,75,75,82,82,82,82,82,82,87,87,87,60,60,60,60,60,60,60,60,60,60,60,60,60,60,60,60,60,60,60],"card_choices":[{"not_picked":["Melter","Streamline"],"picked":"Darkness","floor":1},{"not_picked":["Stack","Turbo"],"picked":"BootSequence","floor":3},{"not_picked":["Steam","Conserve Battery"],"picked":"Cold Snap","floor":4},{"not_picked":["Consume","Leap"],"picked":"Streamline","floor":5},{"not_picked":["Barrage","Static Discharge"],"picked":"FTL","floor":7},{"not_picked":["Heatsinks","Streamline","Steam"],"picked":"SKIP","floor":10},{"not_picked":["Sweeping Beam","Conserve Battery"],"picked":"Ball Lightning","floor":11},{"not_picked":["Lockon","Blizzard"],"picked":"Coolheaded","floor":14},{"not_picked":["Echo Form","Multi-Cast"],"picked":"Seek","floor":16},{"not_picked":["Gash","Rebound"],"picked":"Redo","floor":17},{"not_picked":["Sunder","Leap","Rebound+1"],"picked":"SKIP","floor":18},{"not_picked":["Sweeping Beam","Beam Cell"],"picked":"Chill","floor":24},{"not_picked":["Turbo","Compile Driver","Hello World"],"picked":"SKIP","floor":28},{"not_picked":["Amplify","Barrage","Static Discharge"],"picked":"SKIP","floor":30},{"not_picked":["Coolheaded+1","Streamline"],"picked":"Hologram","floor":31},{"not_picked":["Melter+1","Leap+1"],"picked":"Beam Cell+1","floor":35},{"not_picked":["Barrage+1","Cold Snap","Lockon+1"],"picked":"SKIP","floor":36}],"player_experience":92040,"relics_obtained":[{"floor":7,"key":"Pocketwatch"},{"floor":9,"key":"Gremlin Horn"},{"floor":11,"key":"Strawberry"},{"floor":24,"key":"Du-Vu Doll"},{"floor":24,"key":"Mercury Hourglass"},{"floor":26,"key":"PreservedInsect"},{"floor":31,"key":"Torii"}],"event_choices":[{"damage_healed":0,"gold_gain":0,"player_choice":"Take Damage","damage_taken":18,"relics_obtained":["Golden Idol"],"max_hp_gain":0,"max_hp_loss":0,"event_name":"Golden Idol","floor":2,"gold_loss":0},{"damage_healed":0,"gold_gain":0,"player_choice":"Entered Light","damage_taken":15,"max_hp_gain":0,"max_hp_loss":0,"event_name":"Shining Light","floor":8,"gold_loss":0,"cards_upgraded":["Defend_B","Defend_B"]},{"damage_healed":0,"gold_gain":30,"player_choice":"Searched \u00272\u0027 times","damage_taken":0,"max_hp_gain":0,"max_hp_loss":0,"event_name":"Dead Adventurer","floor":11,"gold_loss":0},{"damage_healed":0,"gold_gain":73,"player_choice":"Gained Gold","damage_taken":0,"max_hp_gain":0,"max_hp_loss":0,"event_name":"Golden Wing","floor":12,"gold_loss":0},{"damage_healed":0,"gold_gain":0,"cards_transformed":["Strike_B"],"player_choice":"Transformed","damage_taken":0,"max_hp_gain":0,"max_hp_loss":0,"event_name":"Transmorgrifier","floor":13,"gold_loss":0,"cards_obtained":["Conserve Battery"]},{"damage_healed":0,"gold_gain":0,"player_choice":"Became a vampire","damage_taken":0,"max_hp_gain":0,"max_hp_loss":27,"event_name":"Vampires","floor":20,"gold_loss":0,"cards_obtained":["Bite","Bite","Bite","Bite","Bite"]},{"cards_removed":["Dualcast"],"damage_healed":0,"gold_gain":0,"player_choice":"Purged","damage_taken":0,"max_hp_gain":0,"max_hp_loss":0,"event_name":"Purifier","floor":21,"gold_loss":0},{"damage_healed":0,"gold_gain":0,"player_choice":"Obtained Relic","damage_taken":0,"relics_obtained":["Bronze Scales"],"max_hp_gain":0,"max_hp_loss":0,"event_name":"Addict","floor":22,"gold_loss":85},{"damage_healed":0,"gold_gain":0,"player_choice":"Fight","damage_taken":0,"max_hp_gain":0,"max_hp_loss":0,"event_name":"Colosseum","floor":24,"gold_loss":0},{"damage_healed":0,"gold_gain":0,"player_choice":"Fought Nobs","damage_taken":0,"max_hp_gain":0,"max_hp_loss":0,"event_name":"Colosseum","floor":24,"gold_loss":0},{"damage_healed":20,"gold_gain":0,"player_choice":"Heal","damage_taken":0,"max_hp_gain":0,"max_hp_loss":0,"event_name":"The Library","floor":25,"gold_loss":0},{"damage_healed":0,"gold_gain":99,"player_choice":"Stole From Cult","damage_taken":0,"max_hp_gain":0,"max_hp_loss":0,"event_name":"Nest","floor":29,"gold_loss":0},{"damage_healed":0,"gold_gain":0,"player_choice":"Fight","damage_taken":0,"max_hp_gain":0,"max_hp_loss":0,"event_name":"Mysterious Sphere","floor":38,"gold_loss":0}],"is_beta":false,"boss_relics":[{"not_picked":["Runic Pyramid","Fusion Hammer"],"picked":"Tiny House"},{"not_picked":["Coffee Dripper","Pandora\u0027s Box"],"picked":"Empty Cage"}],"items_purged_floors":[37],"is_endless":false,"potions_floor_spawned":[1,5,10,11,28,30,33],"killed_by":"2 Orb Walkers","ascension_level":1}