{"gold_per_floor":[117,117,42,42,55,55,86,86,86,86,86,86,86,119,119,119],"floor_reached":16,"playtime":334,"items_purged":[],"score":226,"play_id":"e04c287a-3923-43bb-9ec9-9b0d22bc74d5","local_time":"20190520012852","is_ascension_mode":true,"campfire_choices":[{"data":"Entrench","floor":6,"key":"SMITH"},{"data":"Entrench","floor":8,"key":"SMITH"},{"data":"Defend_R","floor":10,"key":"SMITH"},{"data":"Bash","floor":13,"key":"SMITH"},{"data":"Juggernaut","floor":15,"key":"SMITH"}],"neow_cost":"NONE","seed_source_timestamp":4363389359178302,"circlet_count":0,"master_deck":["AscendersBane","Strike_R","Strike_R","Strike_R","Defend_R","Defend_R","Defend_R","Defend_R+1","Bash+1","Entrench+1","Entrench+1","Juggernaut+1"],"relics":["Burning Blood","NeowsBlessing","Torii","Strawberry","Matryoshka","Incense Burner"],"potions_floor_usage":[14,16],"damage_taken":[{"damage":0,"enemies":"Small Slimes","floor":1,"turns":1},{"damage":0,"enemies":"Jaw Worm","floor":5,"turns":1},{"damage":0,"enemies":"3 Sentries","floor":7,"turns":2},{"damage":45,"enemies":"Lagavulin","floor":14,"turns":10},{"damage":48,"enemies":"The Guardian","floor":16,"turns":11}],"seed_played":"-2407885429891410344","potions_obtained":[{"floor":1,"key":"EssenceOfSteel"},{"floor":7,"key":"SmokeBomb"},{"floor":14,"key":"SteroidPotion"}],"is_trial":false,"path_per_floor":["M","?","?","T","M","R","E","R","T","R","?","?","R","E","R","B"],"character_chosen":"IRONCLAD","items_purchased":[],"campfire_rested":0,"item_purchase_floors":[],"current_hp_per_floor":[74,74,74,74,75,75,82,82,82,82,82,87,87,48,48,0],"gold":119,"neow_bonus":"THREE_ENEMY_KILL","is_prod":false,"is_daily":false,"chose_seed":false,"campfire_upgraded":5,"win_rate":0,"timestamp":1558308532,"path_taken":["M","?","?","?","M","R","E","R","T","R","?","?","R","E","R","BOSS"],"build_version":"2019-01-23","purchased_purges":0,"victory":false,"max_hp_per_floor":[75,75,75,75,75,75,82,82,82,82,82,87,87,87,87,87],"card_choices":[{"not_picked":["Inflame","Armaments"],"picked":"Entrench","floor":1},{"not_picked":["Uppercut","True Grit"],"picked":"Entrench","floor":5},{"not_picked":["Bloodletting","Twin Strike","Shockwave"],"picked":"SKIP","floor":7},{"not_picked":["Sword Boomerang","Pommel Strike"],"picked":"Juggernaut","floor":14}],"player_experience":562766,"relics_obtained":[{"floor":4,"key":"Torii"},{"floor":7,"key":"Strawberry"},{"floor":9,"key":"Matryoshka"},{"floor":14,"key":"Incense Burner"}],"event_choices":[{"damage_healed":0,"gold_gain":0,"player_choice":"Ignored","damage_taken":0,"max_hp_gain":0,"max_hp_loss":0,"event_name":"Liars Game","floor":2,"gold_loss":0},{"cards_removed":["Strike_R"],"damage_healed":0,"gold_gain":0,"player_choice":"Card Removal","damage_taken":0,"max_hp_gain":0,"max_hp_loss":0,"event_name":"The Cleric","floor":3,"gold_loss":75},{"cards_removed":["Strike_R"],"damage_healed":0,"gold_gain":0,"player_choice":"Forget","damage_taken":0,"max_hp_gain":0,"max_hp_loss":0,"event_name":"Living Wall","floor":11,"gold_loss":0},{"damage_healed":0,"gold_gain":0,"player_choice":"Donut","damage_taken":0,"max_hp_gain":5,"max_hp_loss":0,"event_name":"Big Fish","floor":12,"gold_loss":0}],"is_beta":false,"boss_relics":[],"items_purged_floors":[],"is_endless":false,"potions_floor_spawned":[1,7,14],"killed_by":"The Guardian","ascension_level":15}