{"gold_per_floor":[118,137,157,173,173,173,173,188,188,188,161,161,86,106,106,225,225,249,249,267,292,316,351,369,392,419,419,455,455,455,32,32,158,158,174,193,217,235,258,258,281,304,373,373,396,396,440,453,453,453],"floor_reached":51,"playtime":2309,"items_purged":["Parasite"],"score":767,"play_id":"7610ba19-9e1e-43d8-948a-0f008ec5ae0b","local_time":"20190521171952","is_ascension_mode":false,"campfire_choices":[{"data":"Perfected Strike","floor":6.0,"key":"SMITH"},{"data":"Perfected Strike","floor":15.0,"key":"SMITH"},{"data":"Perfected Strike","floor":27.0,"key":"SMITH"},{"data":"Limit Break","floor":32.0,"key":"SMITH"},{"data":"Demon Form","floor":40.0,"key":"SMITH"},{"data":"Reaper","floor":44.0,"key":"SMITH"},{"data":"Heavy Blade","floor":49,"key":"SMITH"}],"neow_cost":"NONE","seed_source_timestamp":616756812270349,"circlet_count":0,"master_deck":["Strike_R","Strike_R","Strike_R","Strike_R","Strike_R","Defend_R","Defend_R","Defend_R","Defend_R","Perfected Strike+1","Shrug It Off","Carnage","Injury","Pommel Strike+1","Perfected Strike+1","Reaper","Perfected Strike+1","Demon Form+1","Headbutt","Barricade","Twin Strike+1","Perfected Strike+1","Limit Break+1","Bash","Reaper+1","Reaper+1","Inflame","Demon Form+1","Heavy Blade","Parasite","Flex+1","Heavy Blade+1","Bloodletting+1","Perfected Strike+1"],"special_seed":0,"relics":["Burning Blood","Golden Idol","Blood Vial","Snecko Eye","Nloth\u0027s Gift","Incense Burner","PreservedInsect","Red Skull","DollysMirror","Whetstone","Philosopher\u0027s Stone","Ornamental Fan","Bottled Flame"],"potions_floor_usage":[47,50,50,50],"damage_taken":[{"damage":9.0,"enemies":"Jaw Worm","floor":1.0,"turns":4.0},{"damage":3.0,"enemies":"2 Louse","floor":2.0,"turns":3.0},{"damage":0.0,"enemies":"Small Slimes","floor":3.0,"turns":4.0},{"damage":57.0,"enemies":"Gremlin Gang","floor":4.0,"turns":7.0},{"damage":12.0,"enemies":"Exordium Wildlife","floor":8.0,"turns":3.0},{"damage":10.0,"enemies":"Exordium Thugs","floor":14.0,"turns":4.0},{"damage":39.0,"enemies":"Slime Boss","floor":16.0,"turns":9.0},{"damage":7.0,"enemies":"Shell Parasite","floor":18.0,"turns":3.0},{"damage":2.0,"enemies":"2 Thieves","floor":20.0,"turns":2.0},{"damage":26.0,"enemies":"Chosen and Byrds","floor":21.0,"turns":5.0},{"damage":8.0,"enemies":"Snake Plant","floor":22.0,"turns":2.0},{"damage":19.0,"enemies":"Slavers","floor":23.0,"turns":4.0},{"damage":11.0,"enemies":"Cultist and Chosen","floor":24.0,"turns":3.0},{"damage":23.0,"enemies":"Chosen and Byrds","floor":25.0,"turns":5.0},{"damage":18.0,"enemies":"Gremlin Leader","floor":28.0,"turns":2.0},{"damage":39.0,"enemies":"Automaton","floor":33.0,"turns":5.0},{"damage":48.0,"enemies":"3 Darklings","floor":35.0,"turns":4.0},{"damage":49.0,"enemies":"3 Shapes","floor":36.0,"turns":5.0},{"damage":27.0,"enemies":"Sphere and 2 Shapes","floor":37.0,"turns":5.0},{"damage":29.0,"enemies":"Writhing Mass","floor":38.0,"turns":4.0},{"damage":29.0,"enemies":"3 Darklings","floor":39.0,"turns":4.0},{"damage":33.0,"enemies":"Spire Growth","floor":41.0,"turns":4.0},{"damage":10.0,"enemies":"4 Shapes","floor":42.0,"turns":3.0},{"damage":0.0,"enemies":"Maw","floor":45.0,"turns":5.0},{"damage":42,"enemies":"Nemesis","floor":47,"turns":3},{"damage":12,"enemies":"Spire Growth","floor":48,"turns":3},{"damage":43,"enemies":"Time Eater","floor":50,"turns":6}],"seed_played":"8125643557091682395","potions_obtained":[{"floor":4.0,"key":"SpeedPotion"},{"floor":8.0,"key":"Dexterity Potion"},{"floor":14.0,"key":"EntropicBrew"},{"floor":22.0,"key":"Energy Potion"},{"floor":33.0,"key":"FearPotion"},{"floor":35.0,"key":"Block Potion"},{"floor":41.0,"key":"Strength Potion"},{"floor":47,"key":"Weak Potion"},{"floor":48,"key":"AttackPotion"}],"is_trial":false,"path_per_floor":["M","M","M","M","?","R","?","M","T","?","?","?","$","M","R","B",null,"M","?","M","M","M","E","M","M","T","R","E","?","$","$","R","B",null,"M","M","M","M","M","R","M","M","T","R","M","?","E","M","R","B",null],"character_chosen":"IRONCLAD","items_purchased":["DollysMirror","Inflame","Whetstone"],"campfire_rested":0,"item_purchase_floors":[31,31,31],"current_hp_per_floor":[85,88,88,37,37,37,37,31,31,28,28,50,50,48,48,17,85,84,84,85,65,71,60,65,56,56,56,58,58,58,58,58,63,85,80,85,64,56,53,53,57,70,70,70,85,85,49,73,73,85],"gold":453,"neow_bonus":"TEN_PERCENT_HP_BONUS","is_prod":false,"is_daily":false,"chose_seed":false,"campfire_upgraded":7,"win_rate":0.0,"timestamp":1558484392,"path_taken":["M","M","M","M","?","R","?","M","T","?","?","?","$","M","R","BOSS","M","?","M","M","M","E","M","?","T","R","E","?","?","$","R","BOSS","M","M","M","M","M","R","M","M","T","R","M","?","E","?","R","BOSS"],"build_version":"2019-01-23","purchased_purges":1,"victory":true,"max_hp_per_floor":[88,88,88,88,88,88,88,88,88,88,88,88,85,85,85,85,85,85,85,85,85,85,85,85,85,85,85,85,85,85,85,85,85,85,85,85,85,85,85,85,85,85,85,85,85,85,85,85,85,85],"card_choices":[{"not_picked":["Thunderclap","Clash"],"picked":"Perfected Strike","floor":1.0},{"not_picked":["True Grit","Flex","Hemokinesis"],"picked":"SKIP","floor":2.0},{"not_picked":["Shockwave","True Grit"],"picked":"Shrug It Off","floor":3.0},{"not_picked":["Carnage","Fire Breathing","Shockwave"],"picked":"SKIP","floor":4.0},{"not_picked":["Sword Boomerang","Reckless Charge"],"picked":"Pommel Strike","floor":8.0},{"not_picked":["Rage","Clash"],"picked":"Perfected Strike","floor":14.0},{"not_picked":["Juggernaut","Impervious"],"picked":"Reaper","floor":16.0},{"not_picked":["Whirlwind+1","Thunderclap+1","Cleave"],"picked":"SKIP","floor":18.0},{"not_picked":["Shrug It Off","Sword Boomerang+1"],"picked":"Perfected Strike+1","floor":20.0},{"not_picked":["Intimidate","Entrench+1"],"picked":"Demon Form","floor":21.0},{"not_picked":["Warcry","Clothesline"],"picked":"Headbutt","floor":22.0},{"not_picked":["Double Tap","Thunderclap+1"],"picked":"Barricade","floor":23.0},{"not_picked":["Reckless Charge","Sword Boomerang"],"picked":"Twin Strike+1","floor":24.0},{"not_picked":["Headbutt","Double Tap"],"picked":"Perfected Strike","floor":25.0},{"not_picked":["Anger","Barricade"],"picked":"Limit Break","floor":28.0},{"not_picked":["Brutality","Offering"],"picked":"Demon Form","floor":33.0},{"not_picked":["Body Slam","Thunderclap","True Grit+1"],"picked":"SKIP","floor":35.0},{"not_picked":["Anger","Body Slam","Warcry"],"picked":"SKIP","floor":36.0},{"not_picked":["Rupture","Shockwave+1"],"picked":"Heavy Blade","floor":37.0},{"not_picked":["Clash","Juggernaut","Shrug It Off+1"],"picked":"SKIP","floor":38.0},{"not_picked":["Thunderclap+1","Rupture","Iron Wave+1"],"picked":"SKIP","floor":39.0},{"not_picked":["Armaments+1","Uppercut"],"picked":"Flex+1","floor":41.0},{"not_picked":["Bloodletting+1","Pommel Strike","Anger+1"],"picked":"SKIP","floor":42.0},{"not_picked":["True Grit","Demon Form"],"picked":"Heavy Blade","floor":45.0},{"not_picked":["Anger","Clothesline+1"],"picked":"Bloodletting+1","floor":47},{"not_picked":["Spot Weakness+1","Carnage"],"picked":"Perfected Strike+1","floor":48}],"player_experience":13739,"relics_obtained":[{"floor":9.0,"key":"Shuriken"},{"floor":23.0,"key":"Incense Burner"},{"floor":26.0,"key":"PreservedInsect"},{"floor":28.0,"key":"Red Skull"},{"floor":43.0,"key":"Ornamental Fan"},{"floor":47,"key":"Bottled Flame"}],"event_choices":[{"damage_healed":0.0,"max_hp_gain":0.0,"max_hp_loss":0.0,"gold_gain":0.0,"cards_transformed":["Bash"],"event_name":"Living Wall","player_choice":"Change","floor":5.0,"gold_loss":0.0,"damage_taken":0.0,"cards_obtained":["Carnage"]},{"damage_healed":0.0,"max_hp_gain":0.0,"max_hp_loss":0.0,"gold_gain":0.0,"event_name":"Golden Idol","player_choice":"Take Wound","floor":7.0,"gold_loss":0.0,"damage_taken":0.0,"relics_obtained":["Golden Idol"],"cards_obtained":["Injury"]},{"damage_healed":0.0,"max_hp_gain":0.0,"max_hp_loss":0.0,"gold_gain":0.0,"event_name":"Scrap Ooze","player_choice":"Success","floor":10.0,"gold_loss":0.0,"damage_taken":3.0,"relics_obtained":["Blood Vial"]},{"damage_healed":0.0,"max_hp_gain":0.0,"max_hp_loss":0.0,"gold_gain":0.0,"event_name":"World of Goop","player_choice":"Left Gold","floor":11.0,"gold_loss":27.0,"damage_taken":0.0},{"damage_healed":22.0,"max_hp_gain":0.0,"max_hp_loss":0.0,"gold_gain":0.0,"event_name":"Mushrooms","player_choice":"Healed and dodged fight","floor":12.0,"gold_loss":0.0,"damage_taken":0.0,"cards_obtained":["Parasite"]},{"damage_healed":0.0,"max_hp_gain":0.0,"max_hp_loss":0.0,"gold_gain":0.0,"event_name":"N\u0027loth","player_choice":"Traded Relic","floor":19.0,"relics_lost":["Shuriken"],"gold_loss":0.0,"damage_taken":0.0,"relics_obtained":["Nloth\u0027s Gift"]},{"damage_healed":0.0,"max_hp_gain":0.0,"max_hp_loss":0.0,"gold_gain":0.0,"event_name":"Match and Keep!","player_choice":"2 cards matched","floor":29.0,"gold_loss":0.0,"damage_taken":0.0,"cards_obtained":["Bash","Reaper"]},{"damage_healed":0.0,"max_hp_gain":0.0,"max_hp_loss":0.0,"gold_gain":0.0,"event_name":"Upgrade Shrine","player_choice":"Upgraded","floor":46.0,"gold_loss":0.0,"damage_taken":0.0,"cards_upgraded":["Demon Form"]}],"is_beta":false,"boss_relics":[{"not_picked":["Tiny House","Black Blood"],"picked":"Snecko Eye"},{"not_picked":["Runic Cube","Runic Pyramid"],"picked":"Philosopher\u0027s Stone"}],"items_purged_floors":[13],"is_endless":false,"potions_floor_spawned":[4,8,14,16,18,22,25,33,35,41,47,48],"ascension_level":0}