{"path_per_floor":["M","?","?","M","$","R","E","R","T","R","E","?","M","?","R","B",null,"M","M","$","?","?","R","E","M","T"],"character_chosen":"THE_SILENT","items_purchased":["Backflip","Backflip+1"],"gold_per_floor":[12,12,187,197,72,72,99,99,99,99,126,126,136,211,211,307,307,273,292,142,57,57,57,91,101,101,101],"floor_reached":27,"campfire_rested":0,"playtime":2202,"item_purchase_floors":[5,20],"current_hp_per_floor":[70,70,70,70,70,70,51,51,51,51,48,48,48,37,37,21,70,69,69,69,69,53,53,16,1,1,0],"items_purged":["Doubt","Defend_G"],"gold":101,"score":261,"play_id":"9aed423d-47ae-4f6d-b1d7-bcf1c639bc4f","local_time":"20180602164529","is_prod":false,"is_daily":false,"chose_seed":false,"is_ascension_mode":true,"campfire_upgraded":5,"win_rate":0,"timestamp":1527950729,"campfire_choices":[{"data":"Neutralize","floor":6,"key":"SMITH"},{"data":"Backflip","floor":8,"key":"SMITH"},{"data":"Deadly Poison","floor":10,"key":"SMITH"},{"data":"Survivor","floor":15,"key":"SMITH"},{"data":"Dagger Throw","floor":23,"key":"SMITH"}],"path_taken":["M","?","?","?","$","R","E","R","T","R","E","?","?","?","R","BOSS","M","?","$","?","?","R","E","M","T","?"],"build_version":"2018-05-31","seed_source_timestamp":1448845141503758,"purchased_purges":2,"victory":false,"master_deck":["Defend_G","Defend_G","Defend_G+1","Defend_G","Strike_G","Strike_G","Strike_G","Survivor+1","Neutralize+1","PiercingWail","Deadly Poison+1","Backflip+1","Concentrate+1","Tactician+1","Dagger Throw+1","Backflip+1","Necronomicurse","Eviscerate+1","Dash"],"max_hp_per_floor":[70,70,70,70,70,70,70,70,70,70,70,70,70,70,70,70,70,70,70,70,70,70,70,70,70,70,70],"relics":["Ring of the Snake","Letter Opener","Bottled Lightning","Toxic Egg 2","Sozu","Question Card","Necronomicon","Tingsha","Dodecahedron"],"card_choices":[{"not_picked":["Slice","Setup"],"picked":"PiercingWail","floor":1},{"not_picked":["Flechettes","Terror"],"picked":"Deadly Poison","floor":4},{"not_picked":["Setup","Deflect","Dash"],"picked":"SKIP","floor":7},{"not_picked":["Dagger Spray","Choke","Phantasmal Killer"],"picked":"SKIP","floor":11},{"not_picked":["Outmaneuver+1","Flying Knee"],"picked":"Concentrate+1","floor":13},{"not_picked":["Corpse Explosion","Wraith Form v2"],"picked":"Tactician+1","floor":16},{"not_picked":["Terror+1","Concentrate+1","Setup+1"],"picked":"SKIP","floor":18},{"not_picked":["Heel Hook+1","Deflect+1"],"picked":"Dagger Throw","floor":19},{"not_picked":["Prepared+1","Catalyst+1","Caltrops"],"picked":"Eviscerate+1","floor":24},{"not_picked":["Prepared+1","Backstab","Bane"],"picked":"Dash","floor":25}],"player_experience":180979,"potions_floor_usage":[4,4,11,16,18],"damage_taken":[{"damage":0,"enemies":"2 Louse","floor":1,"turns":4},{"damage":0,"enemies":"Cultist","floor":4,"turns":5},{"damage":19,"enemies":"Gremlin Nob","floor":7,"turns":5},{"damage":3,"enemies":"3 Sentries","floor":11,"turns":10},{"damage":0,"enemies":"Small Slimes","floor":13,"turns":3},{"damage":16,"enemies":"The Guardian","floor":16,"turns":11},{"damage":1,"enemies":"2 Thieves","floor":18,"turns":5},{"damage":0,"enemies":"Shell Parasite","floor":19,"turns":7},{"damage":37,"enemies":"Gremlin Leader","floor":24,"turns":8},{"damage":15,"enemies":"3 Cultists","floor":25,"turns":5},{"damage":15,"enemies":"Centurion and Healer","floor":27,"turns":5}],"relics_obtained":[{"floor":7,"key":"Letter Opener"},{"floor":9,"key":"Bottled Lightning"},{"floor":11,"key":"Toxic Egg 2"},{"floor":22,"key":"Necronomicon"},{"floor":24,"key":"Tingsha"},{"floor":26,"key":"Dodecahedron"}],"event_choices":[{"event_name":"The Lab","player_choice":"Got Potions","floor":2,"damage_taken":0},{"event_name":"Liars Game","player_choice":"agreed","floor":3,"damage_taken":0},{"event_name":"Accursed Blacksmith","player_choice":"Forge","floor":12,"damage_taken":0},{"event_name":"World of Goop","player_choice":"Gather Gold","floor":14,"damage_taken":0},{"event_name":"Addict","player_choice":"Obtained Relic","floor":21,"damage_taken":0},{"event_name":"Cursed Tome","player_choice":"Obtained Book","floor":22,"damage_taken":0}],"boss_relics":[{"not_picked":["Ectoplasm","Lizard Tail"],"picked":"Sozu"}],"items_purged_floors":[5,20],"potions_floor_spawned":[1,11,16,24],"seed_played":"8396505855820124998","killed_by":"Centurion and Healer","ascension_level":2,"potions_obtained":[{"floor":1,"key":"SkillPotion"},{"floor":2,"key":"Explosive Potion"},{"floor":2,"key":"AttackPotion"},{"floor":11,"key":"Energy Potion"},{"floor":16,"key":"Poison Potion"}],"is_trial":false}