{"gold_per_floor":[112,131,206,206,221,221,240,240,240,240,265,265,295,308,308,409,409,334,259,259,148,148,148,148,148,148,148],"floor_reached":27,"playtime":1018,"items_purged":["Defend_R"],"score":302,"play_id":"15eb38df-7413-47b5-8dad-424277c710d0","local_time":"20180728191910","is_ascension_mode":true,"campfire_choices":[{"data":"Shrug It Off","floor":6,"key":"SMITH"},{"data":"Cleave","floor":8,"key":"SMITH"},{"data":"Bash","floor":12,"key":"SMITH"},{"data":"Defend_R","floor":15,"key":"SMITH"},{"data":"Double Tap","floor":23,"key":"SMITH"},{"floor":25,"key":"REST"}],"neow_cost":"TEN_PERCENT_HP_LOSS","seed_source_timestamp":3620645194665919,"circlet_count":0,"master_deck":["Strike_R","Strike_R","Strike_R","Strike_R","Defend_R","Defend_R","Defend_R+1","Bash+1","AscendersBane","Shrug It Off+1","Cleave+1","Evolve","Double Tap+1","Metallicize","Clash+1"],"relics":["Burning Blood","Champion Belt","Bottled Flame","Bottled Tornado","Odd Mushroom","Tiny Chest","Ectoplasm","Letter Opener"],"potions_floor_usage":[7,16,16,24],"damage_taken":[{"damage":2,"enemies":"Cultist","floor":1,"turns":4},{"damage":5,"enemies":"Jaw Worm","floor":2,"turns":5},{"damage":1,"enemies":"Small Slimes","floor":5,"turns":4},{"damage":0,"enemies":"2 Fungi Beasts","floor":7,"turns":3},{"damage":30,"floor":11,"turns":5},{"damage":12,"enemies":"Exordium Wildlife","floor":14,"turns":4},{"damage":20,"enemies":"The Guardian","floor":16,"turns":11},{"damage":30,"enemies":"2 Thieves","floor":18,"turns":5},{"damage":15,"enemies":"3 Byrds","floor":22,"turns":6},{"damage":38,"enemies":"Snake Plant","floor":24,"turns":6},{"damage":41,"enemies":"Snecko","floor":27,"turns":6}],"seed_played":"-6700226711470795738","potions_obtained":[{"floor":2,"key":"FearPotion"},{"floor":5,"key":"Poison Potion"},{"floor":14,"key":"AttackPotion"},{"floor":22,"key":"Regen Potion"}],"is_trial":false,"path_per_floor":["M","M","?","T","M","R","M","R","T","?","?","R","?","M","R","B",null,"M","?","?","$","M","R","M","R","T"],"character_chosen":"IRONCLAD","items_purchased":["Metallicize"],"campfire_rested":1,"item_purchase_floors":[21],"current_hp_per_floor":[72,72,61,61,66,66,72,72,72,77,53,53,41,35,35,21,63,39,39,39,39,30,30,12,35,35,0],"gold":148,"neow_bonus":"ONE_RARE_RELIC","is_prod":false,"is_daily":false,"chose_seed":false,"campfire_upgraded":5,"win_rate":0,"timestamp":1532798350,"path_taken":["M","?","?","?","?","R","M","R","T","?","?","R","?","M","R","BOSS","M","?","?","?","?","R","M","R","T","M"],"build_version":"2018-07-26","purchased_purges":1,"victory":false,"max_hp_per_floor":[72,72,72,72,72,72,72,72,72,77,77,77,77,77,77,77,77,77,77,77,77,77,77,77,77,77,77],"card_choices":[{"not_picked":["True Grit","Havoc"],"picked":"Shrug It Off","floor":1},{"not_picked":["Disarm","Flex","Wild Strike"],"picked":"SKIP","floor":2},{"not_picked":["Hemokinesis","Bloodletting"],"picked":"Cleave","floor":5},{"not_picked":["Body Slam","Power Through"],"picked":"Evolve","floor":7},{"not_picked":["Twin Strike","Wild Strike","Armaments"],"picked":"SKIP","floor":14},{"not_picked":["Feed","Reaper"],"picked":"Double Tap","floor":16},{"not_picked":["Pommel Strike","Anger","True Grit"],"picked":"SKIP","floor":18},{"not_picked":["Rupture","Pommel Strike","Wild Strike"],"picked":"SKIP","floor":22},{"not_picked":["Clothesline+1","Headbutt+1"],"picked":"Clash+1","floor":24}],"player_experience":399198,"relics_obtained":[{"floor":4,"key":"Bottled Flame"},{"floor":9,"key":"Bottled Tornado"},{"floor":11,"key":"Odd Mushroom"},{"floor":26,"key":"Letter Opener"}],"event_choices":[{"event_name":"World of Goop","player_choice":"Gather Gold","floor":3,"damage_taken":0},{"event_name":"Big Fish","player_choice":"Donut","floor":10,"damage_taken":0},{"event_name":"Mushrooms","player_choice":"Fought Mushrooms","floor":11,"damage_taken":0},{"event_name":"Scrap Ooze","player_choice":"success","floor":13,"damage_taken":12},{"event_name":"Beggar","player_choice":"Gave Gold","floor":19,"damage_taken":0},{"event_name":"Cursed Tome","player_choice":"Ignored","floor":20,"damage_taken":0}],"is_beta":false,"boss_relics":[{"not_picked":["White Beast Statue","Orrery"],"picked":"Ectoplasm"}],"items_purged_floors":[21],"is_endless":false,"potions_floor_spawned":[2,5,14,22],"killed_by":"Snecko","ascension_level":10}