{"gold_per_floor":[11,11,23,23,173,9,25,25,94,94,94,127,127,152,152,228,228,228,15,15,28,48,48,66,66],"floor_reached":25,"playtime":775,"items_purged":["Doubt"],"score":376,"play_id":"cd87684c-250b-43f8-b51c-48e311918653","local_time":"20190430224521","is_ascension_mode":true,"campfire_choices":[{"data":"Capacitor","floor":8,"key":"SMITH"},{"floor":10,"key":"REST"},{"floor":13,"key":"REST"},{"data":"Amplify","floor":15,"key":"SMITH"},{"floor":23,"key":"REST"}],"neow_cost":"NO_GOLD","seed_source_timestamp":1213764397942200,"circlet_count":0,"master_deck":["AscendersBane","Strike_B","Strike_B","Defend_B","Defend_B","Defend_B","Defend_B","Zap","Dualcast","Undo","Biased Cognition","Ball Lightning","Ball Lightning","Capacitor+1","Ball Lightning","Biased Cognition","Amplify+1","Creative AI","Apotheosis","Shame","Leap","Hologram"],"relics":["Cracked Core","Du-Vu Doll","Bottled Lightning","Bottled Flame","Shuriken","Eternal Feather","Bronze Scales"],"potions_floor_usage":[16,18],"damage_taken":[{"damage":5,"enemies":"Small Slimes","floor":1,"turns":4},{"damage":1,"enemies":"Cultist","floor":3,"turns":4},{"damage":17,"enemies":"2 Louse","floor":7,"turns":3},{"damage":16,"enemies":"Gremlin Nob","floor":12,"turns":3},{"damage":22,"enemies":"Lagavulin","floor":14,"turns":6},{"damage":16,"enemies":"Hexaghost","floor":16,"turns":7},{"damage":0,"enemies":"3 Byrds","floor":18,"turns":2},{"damage":25,"enemies":"2 Thieves","floor":21,"turns":4},{"damage":26,"enemies":"Chosen and Byrds","floor":22,"turns":6},{"damage":24,"enemies":"Cultist and Chosen","floor":24,"turns":4},{"damage":24,"enemies":"Gremlin Leader","floor":25,"turns":2}],"seed_played":"-5953656959868697660","potions_obtained":[{"floor":12,"key":"Regen Potion"},{"floor":16,"key":"SmokeBomb"},{"floor":21,"key":"SteroidPotion"},{"floor":22,"key":"FearPotion"}],"is_trial":false,"path_per_floor":["M","?","M","?","?","$","M","R","T","R","$","E","R","E","R","B",null,"M","$","?","M","M","R","M","E"],"character_chosen":"DEFECT","items_purchased":["Capacitor","Apotheosis"],"campfire_rested":3,"item_purchase_floors":[6,19],"current_hp_per_floor":[59,48,47,47,47,47,30,30,30,51,51,35,56,34,34,33,62,62,62,62,37,11,44,20,0],"gold":66,"neow_bonus":"TRANSFORM_TWO_CARDS","is_prod":false,"is_daily":false,"chose_seed":false,"campfire_upgraded":2,"win_rate":0,"timestamp":1556678721,"path_taken":["M","?","M","?","?","$","M","R","T","R","$","E","R","E","R","BOSS","M","$","?","M","M","R","M","E"],"build_version":"2019-01-23","purchased_purges":1,"victory":false,"max_hp_per_floor":[71,71,71,71,71,71,71,71,71,71,71,71,71,71,71,71,71,71,71,71,71,71,71,71,71],"card_choices":[{"not_picked":["Compile Driver","Consume"],"picked":"Ball Lightning","floor":1},{"not_picked":["Cold Snap","Coolheaded"],"picked":"Ball Lightning","floor":3},{"not_picked":["Sunder","Cold Snap"],"picked":"Ball Lightning","floor":7},{"not_picked":["Tempest","Leap"],"picked":"Biased Cognition","floor":12},{"not_picked":["Cold Snap","Tempest"],"picked":"Amplify","floor":14},{"not_picked":["All For One","Hyperbeam"],"picked":"Creative AI","floor":16},{"not_picked":["Streamline","Blizzard","Rip and Tear"],"picked":"SKIP","floor":21},{"not_picked":["Beam Cell","Stack"],"picked":"Leap","floor":22},{"not_picked":["Stack","Consume+1"],"picked":"Hologram","floor":24}],"player_experience":2865865,"relics_obtained":[{"floor":9,"key":"Bottled Lightning"},{"floor":12,"key":"Bottled Flame"},{"floor":14,"key":"Shuriken"}],"event_choices":[{"damage_healed":0,"gold_gain":0,"player_choice":"Success","damage_taken":11,"relics_obtained":["Du-Vu Doll"],"max_hp_gain":0,"max_hp_loss":0,"event_name":"Scrap Ooze","floor":2,"gold_loss":0},{"damage_healed":0,"gold_gain":0,"player_choice":"Ignored","damage_taken":0,"max_hp_gain":0,"max_hp_loss":0,"event_name":"Golden Idol","floor":4,"gold_loss":0},{"damage_healed":0,"gold_gain":150,"player_choice":"AGREE","damage_taken":0,"max_hp_gain":0,"max_hp_loss":0,"event_name":"Liars Game","floor":5,"gold_loss":0,"cards_obtained":["Doubt"]},{"damage_healed":0,"gold_gain":0,"player_choice":"Stole Relic","damage_taken":0,"relics_obtained":["Bronze Scales"],"max_hp_gain":0,"max_hp_loss":0,"event_name":"Addict","floor":20,"gold_loss":0,"cards_obtained":["Shame"]}],"is_beta":false,"boss_relics":[{"not_picked":["FrozenCore","Velvet Choker"],"picked":"Eternal Feather"}],"items_purged_floors":[6],"is_endless":false,"potions_floor_spawned":[12,16,21,22],"killed_by":"Gremlin Leader","ascension_level":16}