{"gold_per_floor":[117,117,117,131,131,131,162,162,162,192,222,33,33,47,47,125,125,135,7,19,34,34,34,57,107,131,162,162,172,172,189,189,189],"floor_reached":33,"playtime":1245,"items_purged":["Defend_R"],"score":542,"play_id":"67e2dca3-b9f9-4e32-b170-157efe009312","local_time":"20190511160642","is_ascension_mode":true,"campfire_choices":[{"data":"Perfected Strike","floor":6.0,"key":"SMITH"},{"floor":8.0,"key":"REST"},{"floor":15.0,"key":"REST"},{"floor":23.0,"key":"REST"},{"floor":30,"key":"REST"},{"data":"1","floor":32,"key":"LIFT"}],"neow_cost":"NONE","seed_source_timestamp":0,"circlet_count":0,"master_deck":["AscendersBane","Strike_R+1","Strike_R","Strike_R","Strike_R","Strike_R","Defend_R","Defend_R","Bash","Exhume","Perfected Strike+1","Dual Wield","Twin Strike","Thunderclap","Iron Wave+1","Juggernaut","Finesse","Perfected Strike+1","Metallicize","Seeing Red","Double Tap","Shrug It Off","Metallicize+1","Iron Wave","Wild Strike","Shrug It Off+1"],"special_seed":0,"relics":["Burning Blood","Regal Pillow","Gremlin Horn","Lantern","Odd Mushroom","Whetstone","Lizard Tail","Strawberry","PreservedInsect","Girya"],"potions_floor_usage":[31,31],"damage_taken":[{"damage":19.0,"enemies":"Small Slimes","floor":1.0,"turns":5.0},{"damage":1.0,"enemies":"Cultist","floor":4.0,"turns":4.0},{"damage":32.0,"enemies":"Gremlin Nob","floor":7.0,"turns":4.0},{"damage":13.0,"enemies":"The Mushroom Lair","floor":10.0,"turns":3.0},{"damage":40.0,"enemies":"3 Sentries","floor":11.0,"turns":8.0},{"damage":0.0,"enemies":"2 Louse","floor":14.0,"turns":1.0},{"damage":54.0,"enemies":"The Guardian","floor":16.0,"turns":10.0},{"damage":19.0,"enemies":"2 Thieves","floor":18.0,"turns":3.0},{"damage":25.0,"enemies":"Spheric Guardian","floor":20.0,"turns":5.0},{"damage":27.0,"enemies":"Centurion and Healer","floor":21.0,"turns":5.0},{"damage":50.0,"enemies":"Slavers","floor":27.0,"turns":6.0},{"damage":24,"enemies":"Shelled Parasite and Fungi","floor":29,"turns":3},{"damage":35,"enemies":"Chosen and Byrds","floor":31,"turns":5},{"damage":84,"enemies":"Automaton","floor":33,"turns":6}],"seed_played":"4822962091556832226","potions_obtained":[{"floor":7.0,"key":"Poison Potion"},{"floor":10.0,"key":"Energy Potion"},{"floor":11.0,"key":"SpeedPotion"},{"floor":16.0,"key":"SpeedPotion"},{"floor":27.0,"key":"Energy Potion"},{"floor":31,"key":"Fruit Juice"}],"is_trial":false,"path_per_floor":["M","$","?","M","?","R","E","R","T","?","E","$","?","M","R","B",null,"M","$","M","M","$","R","T","?","T","E","?","M","R","M","R","B"],"character_chosen":"IRONCLAD","items_purchased":["Finesse","Perfected Strike","Metallicize","Shrug It Off"],"campfire_rested":4,"item_purchase_floors":[12,12,12,19],"current_hp_per_floor":[55,55,55,60,55,55,29,66,66,59,25,25,25,31,68,20,61,48,48,29,8,8,45,52,52,52,8,24,47,82,58,58,0],"gold":189,"neow_bonus":"ONE_RANDOM_RARE_CARD","is_prod":false,"is_daily":false,"chose_seed":false,"campfire_upgraded":1,"win_rate":0,"timestamp":1557599802,"path_taken":["M","$","?","?","?","R","E","R","T","?","E","$","?","M","R","BOSS","M","$","M","M","$","R","?","?","T","E","?","M","R","M","R","BOSS"],"build_version":"2019-01-23","purchased_purges":1,"victory":false,"max_hp_per_floor":[75,75,75,75,75,75,75,75,75,75,75,75,75,75,75,75,75,75,75,75,75,75,75,82,82,82,82,82,82,82,87,87,87],"card_choices":[{"not_picked":["Warcry","Thunderclap"],"picked":"Perfected Strike","floor":1.0},{"not_picked":["Cleave","True Grit"],"picked":"Twin Strike","floor":4.0},{"not_picked":["Combust","Flex"],"picked":"Thunderclap","floor":7.0},{"not_picked":["Reckless Charge","Clash"],"picked":"Iron Wave","floor":10.0},{"not_picked":["Combust","Evolve"],"picked":"Juggernaut","floor":11.0},{"not_picked":["Flex","Sever Soul"],"picked":"Seeing Red","floor":14.0},{"not_picked":["Bludgeon","Immolate"],"picked":"Double Tap","floor":16.0},{"not_picked":["Reckless Charge","Cleave","True Grit"],"picked":"SKIP","floor":18.0},{"not_picked":["Warcry","Seeing Red"],"picked":"Metallicize+1","floor":20.0},{"not_picked":["Anger","Shockwave"],"picked":"Iron Wave","floor":21.0},{"not_picked":["Combust","Sword Boomerang"],"picked":"Wild Strike","floor":27.0},{"not_picked":["Cleave","Body Slam","Heavy Blade"],"picked":"SKIP","floor":29},{"not_picked":["Spot Weakness","Power Through"],"picked":"Shrug It Off+1","floor":31}],"player_experience":1195116,"relics_obtained":[{"floor":7.0,"key":"Gremlin Horn"},{"floor":9.0,"key":"Lantern"},{"floor":10.0,"key":"Odd Mushroom"},{"floor":11.0,"key":"Whetstone"},{"floor":24.0,"key":"Strawberry"},{"floor":26.0,"key":"PreservedInsect"},{"floor":27.0,"key":"Girya"}],"event_choices":[{"damage_healed":0.0,"max_hp_gain":0.0,"max_hp_loss":0.0,"gold_gain":0.0,"cards_transformed":["Defend_R"],"event_name":"Transmorgrifier","player_choice":"Transformed","floor":3.0,"gold_loss":0.0,"damage_taken":0.0,"cards_obtained":["Dual Wield"]},{"damage_healed":0.0,"max_hp_gain":0.0,"max_hp_loss":0.0,"gold_gain":0.0,"event_name":"Scrap Ooze","player_choice":"Success","floor":5.0,"gold_loss":0.0,"damage_taken":5.0,"relics_obtained":["Regal Pillow"]},{"damage_healed":0.0,"max_hp_gain":0.0,"max_hp_loss":0.0,"gold_gain":0.0,"event_name":"Mushrooms","player_choice":"Fought Mushrooms","floor":10.0,"gold_loss":0.0,"damage_taken":0.0},{"damage_healed":0.0,"max_hp_gain":0.0,"max_hp_loss":0.0,"gold_gain":0.0,"event_name":"Upgrade Shrine","player_choice":"Upgraded","floor":13.0,"gold_loss":0.0,"damage_taken":0.0,"cards_upgraded":["Perfected Strike"]},{"damage_healed":0.0,"max_hp_gain":0.0,"max_hp_loss":0.0,"gold_gain":50.0,"event_name":"Nest","player_choice":"Stole From Cult","floor":25.0,"gold_loss":0.0,"damage_taken":0.0},{"damage_healed":16.0,"max_hp_gain":0.0,"max_hp_loss":0.0,"gold_gain":0.0,"event_name":"The Library","player_choice":"Heal","floor":28.0,"gold_loss":0.0,"damage_taken":0.0}],"is_beta":false,"boss_relics":[{"not_picked":["Black Star","Pandora\u0027s Box"],"picked":"Lizard Tail"}],"items_purged_floors":[19],"is_endless":false,"potions_floor_spawned":[7,10,11,16,27,31],"killed_by":"Automaton","ascension_level":20}