{"gold_per_floor":[117,67,28,28,28,28,45,60,85,97,121,133,160,186,198,307,319,347,174,184,184,184,184,246,262,262,262],"floor_reached":27,"playtime":1218,"items_purged":[],"score":304,"play_id":"ceac7779-e6cf-4cba-a07b-f087dec0fe84","local_time":"20190220172215","is_ascension_mode":true,"campfire_choices":[{"data":"Catalyst","floor":6,"key":"SMITH"},{"data":"Bouncing Flask","floor":10,"key":"SMITH"},{"data":"Crippling Poison","floor":12,"key":"SMITH"},{"data":"Distraction","floor":15,"key":"SMITH"},{"data":"Bouncing Flask","floor":23,"key":"SMITH"}],"neow_cost":"NONE","seed_source_timestamp":169101045516400,"circlet_count":0,"master_deck":["Defend_G","Defend_G","Defend_G","Defend_G","Survivor","Neutralize","Crippling Poison+1","Bouncing Flask+1","Catalyst+1","Backflip","Bane","Acrobatics","Distraction+1","Backflip","After Image","Bouncing Flask+1","Crippling Poison+1","Bite","Bite","Bite","Bite","Bite","Backstab","Catalyst"],"relics":["Ring of the Snake","MawBank","Black Star","Happy Flower","Tiny Chest","Potion Belt","Pantograph"],"potions_floor_usage":[20,24,24,25],"damage_taken":[{"damage":4,"enemies":"Jaw Worm","floor":1,"turns":4},{"damage":9,"enemies":"Small Slimes","floor":7,"turns":5},{"damage":3,"enemies":"2 Louse","floor":8,"turns":3},{"damage":10,"enemies":"Gremlin Gang","floor":11,"turns":4},{"damage":4,"enemies":"Blue Slaver","floor":13,"turns":3},{"damage":6,"enemies":"Looter","floor":14,"turns":3},{"damage":14,"enemies":"The Guardian","floor":16,"turns":7},{"damage":10,"enemies":"3 Byrds","floor":18,"turns":5},{"damage":3,"enemies":"Spheric Guardian","floor":20,"turns":3},{"damage":44,"enemies":"Slavers","floor":24,"turns":6},{"damage":15,"enemies":"Centurion and Healer","floor":25,"turns":5},{"damage":13,"enemies":"Book of Stabbing","floor":27,"turns":3}],"seed_played":"7944832067255139539","potions_obtained":[{"floor":7,"key":"Swift Potion"},{"floor":13,"key":"GamblersBrew"},{"floor":18,"key":"SkillPotion"},{"floor":24,"key":"Fire Potion"}],"is_trial":false,"path_per_floor":["M","?","$","?","$","R","M","M","T","R","M","R","M","M","R","B",null,"M","$","M","?","?","R","E","M","T","E"],"character_chosen":"THE_SILENT","items_purchased":["Bouncing Flask","Happy Flower","Bouncing Flask"],"campfire_rested":0,"item_purchase_floors":[3,19,19],"current_hp_per_floor":[73,73,73,73,73,73,64,61,61,61,51,51,47,41,41,27,65,55,55,52,52,52,52,12,3,3,0],"gold":262,"neow_bonus":"TEN_PERCENT_HP_BONUS","is_prod":false,"is_daily":false,"chose_seed":false,"campfire_upgraded":5,"win_rate":0,"timestamp":1550701335,"path_taken":["M","?","$","?","$","R","M","M","T","R","M","R","M","M","R","BOSS","M","$","M","?","?","R","E","M","T","E"],"build_version":"2019-01-23","purchased_purges":0,"victory":false,"max_hp_per_floor":[77,77,77,77,77,77,77,77,77,77,77,77,77,77,77,77,77,77,77,77,53,53,53,53,53,53,53],"card_choices":[{"not_picked":["Slice","Backstab"],"picked":"Crippling Poison","floor":1},{"not_picked":["Acrobatics","Slice"],"picked":"Backflip","floor":7},{"not_picked":["Masterful Stab","Poisoned Stab"],"picked":"Bane","floor":8},{"not_picked":["All Out Attack","Dagger Throw"],"picked":"Acrobatics","floor":11},{"not_picked":["Setup","Predator"],"picked":"Distraction","floor":13},{"not_picked":["All Out Attack","Flechettes"],"picked":"Backflip","floor":14},{"not_picked":["Grand Finale","Glass Knife"],"picked":"After Image","floor":16},{"not_picked":["Quick Slash","Acrobatics","Skewer"],"picked":"SKIP","floor":18},{"not_picked":["Leg Sweep+1","Underhanded Strike+1"],"picked":"Crippling Poison+1","floor":20},{"not_picked":["Predator","Poisoned Stab"],"picked":"Backstab","floor":24},{"not_picked":["Dash+1","Slice"],"picked":"Catalyst","floor":25}],"player_experience":2188428,"relics_obtained":[{"floor":9,"key":"MawBank"},{"floor":24,"key":"Tiny Chest"},{"floor":24,"key":"Potion Belt"},{"floor":26,"key":"Pantograph"}],"event_choices":[{"cards_removed":["Strike_G"],"damage_healed":0,"gold_gain":0,"player_choice":"Card Removal","damage_taken":0,"max_hp_gain":0,"max_hp_loss":0,"event_name":"The Cleric","floor":2,"gold_loss":50},{"damage_healed":0,"gold_gain":0,"cards_transformed":["Strike_G"],"player_choice":"Change","damage_taken":0,"max_hp_gain":0,"max_hp_loss":0,"event_name":"Living Wall","floor":4,"gold_loss":0,"cards_obtained":["Catalyst"]},{"damage_healed":0,"gold_gain":0,"player_choice":"Became a vampire","damage_taken":0,"max_hp_gain":0,"max_hp_loss":24,"event_name":"Vampires","floor":21,"gold_loss":0,"cards_obtained":["Bite","Bite","Bite","Bite","Bite"]},{"cards_removed":["Defend_G"],"damage_healed":0,"gold_gain":0,"player_choice":"Offered Basic","damage_taken":0,"max_hp_gain":0,"max_hp_loss":0,"event_name":"Bonfire Elementals","floor":22,"gold_loss":0}],"is_beta":false,"boss_relics":[{"not_picked":["Ectoplasm","Coffee Dripper"],"picked":"Black Star"}],"items_purged_floors":[],"is_endless":false,"potions_floor_spawned":[7,13,18,24],"killed_by":"Book of Stabbing","ascension_level":5}