{"gold_per_floor":[113,45,60,78,78,106,124,124,124,142,153,153,163,188,188,293,293,312,324,324,70,87,87,117,131,131,0,0,0],"floor_reached":29,"playtime":1777,"items_purged":[],"score":411,"play_id":"c219a6dc-9129-4d15-89c6-c0ea4a209b30","local_time":"20190316073319","is_ascension_mode":true,"campfire_choices":[{"data":"Darkness","floor":8,"key":"SMITH"},{"floor":12,"key":"REST"},{"data":"Multi-Cast","floor":15,"key":"SMITH"},{"floor":23,"key":"REST"}],"neow_cost":"CURSE","seed_source_timestamp":157895589054600,"circlet_count":0,"master_deck":["AscendersBane","Strike_B+1","Strike_B+1","Strike_B+1","Strike_B+1","Defend_B+1","Defend_B+1","Defend_B+1","Defend_B+1","Zap","Dualcast","Clumsy","Redo","Meteor Strike","Genetic Algorithm","Darkness+1","Multi-Cast+1","Tempest","Self Repair","Reinforced Body","Defragment","Reinforced Body","Multi-Cast","Conserve Battery","Darkness","Loop","Apotheosis","Loop","Conserve Battery+1","Self Repair"],"relics":["Cracked Core","Happy Flower","Letter Opener","Smiling Mask","Mummified Hand","Fusion Hammer","Pear","Turnip"],"potions_floor_usage":[16,16,16,22,24,24],"damage_taken":[{"damage":1,"enemies":"Cultist","floor":1,"turns":4},{"damage":0,"enemies":"Small Slimes","floor":3,"turns":2},{"damage":2,"enemies":"2 Louse","floor":4,"turns":3},{"damage":30,"enemies":"Lagavulin","floor":6,"turns":6},{"damage":10,"enemies":"2 Fungi Beasts","floor":7,"turns":3},{"damage":9,"enemies":"Exordium Wildlife","floor":10,"turns":4},{"damage":0,"enemies":"Large Slime","floor":11,"turns":3},{"damage":0,"enemies":"Red Slaver","floor":13,"turns":4},{"damage":21,"enemies":"3 Sentries","floor":14,"turns":4},{"damage":26,"enemies":"Slime Boss","floor":16,"turns":11},{"damage":22,"enemies":"2 Thieves","floor":18,"turns":5},{"damage":7,"enemies":"Chosen","floor":19,"turns":5},{"damage":14,"enemies":"Centurion and Healer","floor":22,"turns":5},{"damage":90,"enemies":"Slavers","floor":24,"turns":8},{"damage":16,"enemies":"Sentry and Sphere","floor":25,"turns":4},{"damage":18,"enemies":"Snecko","floor":29,"turns":2}],"seed_played":"-2541976318154804085","potions_obtained":[{"floor":1,"key":"SteroidPotion"},{"floor":7,"key":"Ancient Potion"},{"floor":10,"key":"EntropicBrew"},{"floor":11,"key":"Strength Potion"},{"floor":13,"key":"PowerPotion"},{"floor":14,"key":"FocusPotion"},{"floor":19,"key":"Fire Potion"},{"floor":24,"key":"SpeedPotion"}],"is_trial":false,"path_per_floor":["M","$","M","M","?","E","M","R","T","M","M","R","M","E","R","B",null,"M","M","?","$","M","R","E","M","T","?","?","M"],"character_chosen":"DEFECT","items_purchased":["Meteor Strike","Apotheosis","Loop"],"campfire_rested":2,"item_purchase_floors":[2,21,21],"current_hp_per_floor":[81,81,81,79,79,49,39,39,39,30,37,63,70,56,56,30,74,59,59,59,59,52,78,20,14,14,14,14,0],"gold":0,"neow_bonus":"TWENTY_PERCENT_HP_BONUS","is_prod":false,"is_daily":false,"chose_seed":false,"campfire_upgraded":2,"win_rate":0,"timestamp":1552735999,"path_taken":["M","$","?","?","?","E","M","R","T","M","M","R","M","E","R","BOSS","M","?","?","$","M","R","E","M","T","?","?","M"],"build_version":"2019-01-23","purchased_purges":0,"victory":false,"max_hp_per_floor":[89,89,89,89,89,89,89,89,89,89,89,89,89,89,89,89,89,89,89,89,89,89,89,99,99,99,99,99,99],"card_choices":[{"not_picked":["Steam Power","Rebound"],"picked":"Redo","floor":1},{"not_picked":["Go for the Eyes","Steam"],"picked":"Genetic Algorithm","floor":3},{"not_picked":["BootSequence","Go for the Eyes"],"picked":"Darkness","floor":4},{"not_picked":["Steam","Undo"],"picked":"Multi-Cast","floor":6},{"not_picked":["Streamline","Cold Snap"],"picked":"Tempest","floor":7},{"not_picked":["Leap","Coolheaded"],"picked":"Self Repair","floor":10},{"not_picked":["Turbo","Coolheaded"],"picked":"Reinforced Body","floor":11},{"not_picked":["Streamline","Stack"],"picked":"Defragment","floor":13},{"not_picked":["Ball Lightning","Lockon"],"picked":"Reinforced Body","floor":14},{"not_picked":["All For One","Thunder Strike"],"picked":"Multi-Cast","floor":16},{"not_picked":["Gash+1","Barrage"],"picked":"Conserve Battery","floor":18},{"not_picked":["Blizzard","Steam+1"],"picked":"Darkness","floor":19},{"not_picked":["Stack","Compile Driver+1","Beam Cell"],"picked":"SKIP","floor":22},{"not_picked":["Steam Power","Darkness"],"picked":"Conserve Battery+1","floor":24},{"not_picked":["Melter+1","Go for the Eyes"],"picked":"Self Repair","floor":25}],"player_experience":2447967,"relics_obtained":[{"floor":6,"key":"Letter Opener"},{"floor":9,"key":"Smiling Mask"},{"floor":14,"key":"Mummified Hand"},{"floor":24,"key":"Pear"},{"floor":26,"key":"Turnip"}],"event_choices":[{"damage_healed":0,"gold_gain":0,"player_choice":"Gave Potion","damage_taken":0,"relics_obtained":["Happy Flower"],"max_hp_gain":0,"max_hp_loss":0,"event_name":"WeMeetAgain","floor":5,"gold_loss":0},{"damage_healed":0,"gold_gain":0,"player_choice":"Read","damage_taken":0,"max_hp_gain":0,"max_hp_loss":0,"event_name":"The Library","floor":20,"gold_loss":0,"cards_obtained":["Loop"]},{"damage_healed":0,"gold_gain":0,"player_choice":"Paid Fearfully","damage_taken":0,"max_hp_gain":0,"max_hp_loss":0,"event_name":"Masked Bandits","floor":27,"gold_loss":131},{"damage_healed":0,"gold_gain":0,"player_choice":"Simplicity","damage_taken":0,"max_hp_gain":0,"max_hp_loss":0,"event_name":"Back to Basics","floor":28,"gold_loss":0,"cards_upgraded":["Strike_B","Strike_B","Strike_B","Strike_B","Defend_B","Defend_B","Defend_B","Defend_B"]}],"is_beta":false,"boss_relics":[{"not_picked":["Sozu","Runic Dome"],"picked":"Fusion Hammer"}],"items_purged_floors":[],"is_endless":false,"potions_floor_spawned":[1,7,10,11,13,14,19,24],"killed_by":"Snecko","ascension_level":10}