{"gold_per_floor":[113,133,63,11,29,29,59,74,123,123,198,211,211,222,222,222],"floor_reached":16,"playtime":610,"items_purged":[],"score":122,"play_id":"76dc129f-4033-44cc-838a-56a0cef9b477","local_time":"20190206164413","is_ascension_mode":true,"campfire_choices":[{"data":"Endless Agony","floor":6,"key":"SMITH"},{"floor":10,"key":"REST"},{"floor":15,"key":"REST"}],"neow_cost":"NONE","seed_source_timestamp":391381486900800,"circlet_count":0,"master_deck":["Defend_G","Defend_G","Defend_G","Defend_G","Defend_G","Strike_G","Strike_G","Strike_G","Strike_G","Strike_G","Survivor","Neutralize","Endless Agony+1","Footwork","Slice","Dagger Spray","Backflip","Blade Dance","Adrenaline","Crippling Poison"],"relics":["WristBlade","Bottled Tornado","Bag of Marbles"],"potions_floor_usage":[16,16,16],"damage_taken":[{"damage":1,"enemies":"Cultist","floor":1,"turns":4},{"damage":3,"enemies":"2 Louse","floor":2,"turns":3},{"damage":2,"enemies":"Jaw Worm","floor":5,"turns":4},{"damage":19,"enemies":"Lagavulin","floor":7,"turns":10},{"damage":16,"enemies":"Exordium Wildlife","floor":8,"turns":4},{"damage":16,"enemies":"Exordium Thugs","floor":12,"turns":4},{"damage":0,"enemies":"Looter","floor":14,"turns":4},{"damage":44,"enemies":"Hexaghost","floor":16,"turns":11}],"seed_played":"-7199158222005249754","potions_obtained":[{"floor":2,"key":"SneckoOil"},{"floor":7,"key":"FearPotion"},{"floor":12,"key":"LiquidBronze"}],"is_trial":false,"path_per_floor":["M","M","$","$","M","R","E","M","T","R","?","M","?","M","R","B"],"character_chosen":"THE_SILENT","items_purchased":["Footwork","Slice"],"campfire_rested":2,"item_purchase_floors":[3,4],"current_hp_per_floor":[69,66,66,66,64,64,45,29,29,50,39,23,23,23,44,0],"gold":222,"neow_bonus":"BOSS_RELIC","is_prod":false,"is_daily":false,"chose_seed":false,"campfire_upgraded":1,"win_rate":0,"timestamp":1549489453,"path_taken":["M","M","?","$","M","R","E","M","T","R","?","M","?","M","R","BOSS"],"build_version":"2019-01-23","purchased_purges":0,"victory":false,"max_hp_per_floor":[70,70,70,70,70,70,70,70,70,70,70,70,70,70,70,70],"card_choices":[{"not_picked":["Poisoned Stab","Bane","Heel Hook"],"picked":"SKIP","floor":1},{"not_picked":["Well Laid Plans","Bane"],"picked":"Endless Agony","floor":2},{"not_picked":["Noxious Fumes","Dagger Throw"],"picked":"Dagger Spray","floor":5},{"not_picked":["Outmaneuver","Quick Slash"],"picked":"Backflip","floor":7},{"not_picked":["Deadly Poison","Flechettes"],"picked":"Blade Dance","floor":8},{"not_picked":["Flying Knee","Dodge and Roll"],"picked":"Adrenaline","floor":12},{"not_picked":["Underhanded Strike","Deadly Poison"],"picked":"Crippling Poison","floor":14}],"player_experience":2116607,"relics_obtained":[{"floor":7,"key":"Bottled Tornado"},{"floor":9,"key":"Bag of Marbles"}],"event_choices":[{"damage_healed":0,"gold_gain":75,"player_choice":"Gather Gold","damage_taken":11,"max_hp_gain":0,"max_hp_loss":0,"event_name":"World of Goop","floor":11,"gold_loss":0},{"damage_healed":0,"gold_gain":0,"player_choice":"Ignored","damage_taken":0,"max_hp_gain":0,"max_hp_loss":0,"event_name":"Golden Wing","floor":13,"gold_loss":0}],"is_beta":false,"boss_relics":[],"items_purged_floors":[],"is_endless":false,"potions_floor_spawned":[2,7,12],"killed_by":"Hexaghost","ascension_level":4}