{"gold_per_floor":[113,131,131,151,171,171,8,8,76,76,94,111,121,154,154,230,230,242,254,271,186,186,216,96,113,113,126,26,26,43,74,74,74],"floor_reached":33,"playtime":1587,"items_purged":["Pain","Strike_B"],"score":480,"play_id":"6ec79c32-03d9-4f47-90f5-cd11e9402781","local_time":"20190331000313","is_ascension_mode":true,"campfire_choices":[{"data":"White Noise","floor":6.0,"key":"SMITH"},{"data":"Apotheosis","floor":8.0,"key":"SMITH"},{"data":"BootSequence","floor":10.0,"key":"SMITH"},{"data":"Gash","floor":15.0,"key":"SMITH"},{"floor":29,"key":"REST"},{"floor":32,"key":"REST"}],"neow_cost":"CURSE","seed_source_timestamp":0,"circlet_count":0,"master_deck":["AscendersBane","Strike_B","Strike_B","Strike_B","Defend_B","Defend_B","Defend_B","Defend_B","Zap","Dualcast","Clumsy","Beam Cell","White Noise+1","BootSequence+1","Self Repair","Apotheosis+1","Gash+1","Reinforced Body","Thunder Strike","Gash","Electrodynamics","Rebound+1","Conserve Battery","Stack","Rebound+1","Hologram","Tempest","Cold Snap","Self Repair","Melter"],"special_seed":0,"relics":["Cracked Core","Vajra","Kunai","Bronze Scales","Eternal Feather","Lantern","WarpedTongs","Boot","Art of War","Cables"],"potions_floor_usage":[25,33,33],"damage_taken":[{"damage":2.0,"enemies":"Jaw Worm","floor":1.0,"turns":3.0},{"damage":1.0,"enemies":"Cultist","floor":2.0,"turns":3.0},{"damage":5.0,"enemies":"Small Slimes","floor":4.0,"turns":4.0},{"damage":0.0,"enemies":"Gremlin Gang","floor":5.0,"turns":4.0},{"damage":5.0,"enemies":"Exordium Thugs","floor":11.0,"turns":4.0},{"damage":3.0,"enemies":"Lots of Slimes","floor":12.0,"turns":4.0},{"damage":0.0,"enemies":"Exordium Wildlife","floor":13.0,"turns":3.0},{"damage":18.0,"enemies":"Gremlin Nob","floor":14.0,"turns":3.0},{"damage":16.0,"enemies":"Slime Boss","floor":16.0,"turns":8.0},{"damage":21.0,"enemies":"2 Thieves","floor":18.0,"turns":4.0},{"damage":3.0,"enemies":"Chosen","floor":19.0,"turns":4.0},{"damage":19.0,"enemies":"Snecko","floor":20.0,"turns":4.0},{"damage":39.0,"enemies":"Slavers","floor":23.0,"turns":7.0},{"damage":7,"enemies":"Snake Plant","floor":25,"turns":4},{"damage":14,"enemies":"Chosen and Byrds","floor":27,"turns":5},{"damage":0,"enemies":"Centurion and Healer","floor":30,"turns":4},{"damage":37,"enemies":"Book of Stabbing","floor":31,"turns":5},{"damage":80,"enemies":"Automaton","floor":33,"turns":8}],"seed_played":"-2237247195565727608","potions_obtained":[{"floor":2.0,"key":"Poison Potion"},{"floor":4.0,"key":"AttackPotion"},{"floor":13.0,"key":"SkillPotion"},{"floor":14.0,"key":"GamblersBrew"},{"floor":23.0,"key":"Dexterity Potion"},{"floor":27,"key":"FearPotion"},{"floor":30,"key":"Energy Potion"},{"floor":31,"key":"FocusPotion"}],"is_trial":false,"path_per_floor":["M","M","?","M","M","R","$","R","T","R","M","M","M","E","R","B",null,"M","M","M","?","?","E","$","M","T","M","$","R","M","E","R","B"],"character_chosen":"DEFECT","items_purchased":["Apotheosis","Hologram"],"campfire_rested":2,"item_purchase_floors":[7,24],"current_hp_per_floor":[80,79,79,74,74,74,74,74,74,74,76,83,83,65,65,59,82,71,75,63,63,63,24,24,27,27,23,23,64,64,27,71,0],"gold":74,"neow_bonus":"TWENTY_PERCENT_HP_BONUS","is_prod":false,"is_daily":false,"chose_seed":false,"campfire_upgraded":4,"win_rate":0,"timestamp":1554004993,"path_taken":["M","M","?","M","M","R","?","R","T","R","?","M","M","E","R","BOSS","M","M","?","?","?","E","$","M","T","?","?","R","M","E","R","BOSS"],"build_version":"2019-01-23","purchased_purges":2,"victory":false,"max_hp_per_floor":[89,89,89,89,89,89,89,89,89,89,89,89,89,89,89,89,89,89,89,89,89,89,89,89,89,89,89,89,89,89,89,89,89],"card_choices":[{"not_picked":["Stack","Rip and Tear"],"picked":"Beam Cell","floor":1.0},{"not_picked":["Gash","Turbo"],"picked":"White Noise","floor":2.0},{"not_picked":["Blizzard","Ball Lightning"],"picked":"BootSequence","floor":4.0},{"not_picked":["Conserve Battery","FTL"],"picked":"Self Repair","floor":5.0},{"not_picked":["Streamline","Double Energy"],"picked":"Gash","floor":11.0},{"not_picked":["Steam Power","Coolheaded"],"picked":"Reinforced Body","floor":12.0},{"not_picked":["Coolheaded","Darkness"],"picked":"Thunder Strike","floor":13.0},{"not_picked":["Leap","Lockon"],"picked":"Gash","floor":14.0},{"not_picked":["Rainbow","Machine Learning"],"picked":"Electrodynamics","floor":16.0},{"not_picked":["Beam Cell","Cold Snap"],"picked":"Rebound+1","floor":18.0},{"not_picked":["Ball Lightning","Hologram"],"picked":"Conserve Battery","floor":19.0},{"not_picked":["Darkness","Sweeping Beam+1"],"picked":"Stack","floor":20.0},{"not_picked":["Static Discharge","BootSequence"],"picked":"Rebound+1","floor":23.0},{"not_picked":["Genetic Algorithm+1","Steam Power"],"picked":"Tempest","floor":25},{"not_picked":["Recycle","Ball Lightning"],"picked":"Cold Snap","floor":27},{"not_picked":["Doom and Gloom","Barrage"],"picked":"Self Repair","floor":30},{"not_picked":["Beam Cell","Rebound"],"picked":"Melter","floor":31}],"player_experience":2554656,"relics_obtained":[{"floor":9.0,"key":"Kunai"},{"floor":14.0,"key":"Bronze Scales"},{"floor":23.0,"key":"Boot"},{"floor":26,"key":"Art of War"},{"floor":31,"key":"Cables"}],"event_choices":[{"damage_healed":0.0,"max_hp_gain":0.0,"max_hp_loss":0.0,"gold_gain":0.0,"event_name":"WeMeetAgain","player_choice":"Gave Potion","floor":3.0,"gold_loss":0.0,"damage_taken":0.0,"relics_obtained":["Vajra"]},{"damage_healed":0.0,"max_hp_gain":0.0,"max_hp_loss":0.0,"gold_gain":0.0,"event_name":"Addict","player_choice":"Obtained Relic","floor":21.0,"gold_loss":85.0,"damage_taken":0.0,"relics_obtained":["Lantern"]},{"damage_healed":0.0,"max_hp_gain":0.0,"max_hp_loss":0.0,"gold_gain":0.0,"event_name":"Accursed Blacksmith","player_choice":"Rummage","floor":22.0,"gold_loss":0.0,"damage_taken":0.0,"relics_obtained":["WarpedTongs"],"cards_obtained":["Pain"]}],"is_beta":false,"boss_relics":[{"not_picked":["Fusion Hammer","Runic Dome"],"picked":"Eternal Feather"}],"items_purged_floors":[24,28],"is_endless":false,"potions_floor_spawned":[2,4,13,14,19,23,27,30,31],"killed_by":"Automaton","ascension_level":13}