{"gold_per_floor":[115,115,115,40,57,57,73,73,73,84,111,128,28,28,28,28],"floor_reached":16,"playtime":620,"items_purged":["Regret","Strike_G"],"score":115,"play_id":"7d2cb645-9570-4def-9a95-93ad58705b0b","local_time":"20180917210227","is_ascension_mode":true,"campfire_choices":[{"data":"Crippling Poison","floor":6,"key":"SMITH"},{"floor":15,"key":"REST"}],"neow_cost":"CURSE","seed_source_timestamp":280344882742226,"circlet_count":0,"master_deck":["Defend_G","Defend_G","Defend_G","Defend_G","Defend_G","Strike_G","Strike_G","Strike_G","Strike_G","Survivor","Neutralize+1","Underhanded Strike","Crippling Poison+1","Acrobatics","PiercingWail"],"relics":["Ring of the Snake","Bronze Scales","PreservedInsect","Regal Pillow"],"potions_floor_usage":[16],"damage_taken":[{"damage":0,"enemies":"2 Louse","floor":1,"turns":2},{"damage":0,"enemies":"Cultist","floor":5,"turns":4},{"damage":0,"enemies":"Small Slimes","floor":7,"turns":2},{"damage":15,"enemies":"Exordium Thugs","floor":10,"turns":4},{"damage":19,"enemies":"Lagavulin","floor":11,"turns":7},{"damage":5,"enemies":"Red Slaver","floor":12,"turns":3},{"damage":86,"enemies":"Slime Boss","floor":16,"turns":12}],"seed_played":"-4524506328941266228","potions_obtained":[{"floor":5,"key":"GamblersBrew"},{"floor":11,"key":"SteroidPotion"},{"floor":12,"key":"Swift Potion"}],"is_trial":false,"path_per_floor":["M","?","T","$","M","R","M","$","T","M","E","M","$","?","R"],"character_chosen":"THE_SILENT","items_purchased":[],"campfire_rested":1,"item_purchase_floors":[],"current_hp_per_floor":[84,84,84,84,84,84,84,84,84,69,50,45,45,45,84,0],"gold":28,"neow_bonus":"TWENTY_PERCENT_HP_BONUS","is_prod":false,"is_daily":false,"chose_seed":false,"campfire_upgraded":1,"win_rate":0,"timestamp":1537232547,"path_taken":["M","?","?","$","M","R","M","$","T","?","E","M","$","?","R","BOSS"],"build_version":"2018-09-06","purchased_purges":2,"victory":false,"max_hp_per_floor":[84,84,84,84,84,84,84,84,84,84,84,84,84,84,84,84],"card_choices":[{"not_picked":["All Out Attack","Slice"],"picked":"Underhanded Strike","floor":1},{"not_picked":["Flying Knee","Deadly Poison"],"picked":"Crippling Poison","floor":5},{"not_picked":["Leg Sweep","Phantasmal Killer","Infinite Blades"],"picked":"SKIP","floor":7},{"not_picked":["Reflex","Quick Slash"],"picked":"Acrobatics","floor":10},{"not_picked":["Doppelganger","Flying Knee","Choke"],"picked":"SKIP","floor":11},{"not_picked":["Dagger Throw","Outmaneuver"],"picked":"PiercingWail","floor":12}],"player_experience":862374,"relics_obtained":[{"floor":3,"key":"Bronze Scales"},{"floor":9,"key":"PreservedInsect"},{"floor":11,"key":"Regal Pillow"}],"event_choices":[{"event_name":"Upgrade Shrine","player_choice":"Upgraded","floor":2,"damage_taken":0},{"event_name":"The Cleric","player_choice":"Leave","floor":14,"damage_taken":0}],"is_beta":false,"boss_relics":[],"items_purged_floors":[4,13],"is_endless":false,"potions_floor_spawned":[5,11,12],"killed_by":"Slime Boss","ascension_level":3}