{"gold_per_floor":[210,77,90,90,103,103,114,130,130,130,130,130,146,157,157,157],"floor_reached":16,"playtime":526,"items_purged":[],"score":169,"play_id":"04521163-628f-4eed-94ac-6e1f76f47fc8","local_time":"20190521022856","is_ascension_mode":true,"campfire_choices":[{"data":"Uppercut","floor":6,"key":"SMITH"},{"data":"Bash","floor":12,"key":"SMITH"},{"floor":15,"key":"REST"}],"neow_cost":"NONE","seed_source_timestamp":394907535044396,"circlet_count":0,"master_deck":["AscendersBane","Strike_R","Strike_R","Strike_R","Strike_R","Defend_R","Defend_R","Defend_R","Defend_R","Bash+1","Metallicize","Uppercut+1","Sentinel","Offering","Entrench+1","Feel No Pain"],"special_seed":0,"relics":["Burning Blood","Tiny Chest","Self Forming Clay","Toxic Egg 2"],"potions_floor_usage":[16,16],"damage_taken":[{"damage":8,"enemies":"2 Louse","floor":1,"turns":3},{"damage":5,"enemies":"Cultist","floor":3,"turns":4},{"damage":4,"enemies":"Jaw Worm","floor":5,"turns":4},{"damage":28,"enemies":"Large Slime","floor":7,"turns":10},{"damage":9,"enemies":"2 Fungi Beasts","floor":8,"turns":4},{"damage":7,"enemies":"Red Slaver","floor":13,"turns":4},{"damage":12,"enemies":"Large Slime","floor":14,"turns":7},{"damage":62,"enemies":"The Guardian","floor":16,"turns":17}],"seed_played":"4199527814496758800","potions_obtained":[{"floor":1,"key":"Strength Potion"},{"floor":8,"key":"Energy Potion"}],"is_trial":false,"path_per_floor":["M","$","M","?","M","R","M","M","T","T","$","R","M","M","R","B"],"character_chosen":"IRONCLAD","items_purchased":["Tiny Chest"],"campfire_rested":1,"item_purchase_floors":[2],"current_hp_per_floor":[66,66,67,67,69,69,47,44,44,44,44,44,43,37,59,0],"gold":157,"neow_bonus":"HUNDRED_GOLD","is_prod":false,"is_daily":false,"chose_seed":false,"campfire_upgraded":2,"win_rate":0,"timestamp":1558376936,"path_taken":["M","$","M","?","M","R","M","?","T","?","$","R","M","M","R","BOSS"],"build_version":"2019-01-23","purchased_purges":0,"victory":false,"max_hp_per_floor":[75,75,75,75,75,75,75,75,75,75,75,75,75,75,75,75],"card_choices":[{"not_picked":["Sentinel","Headbutt"],"picked":"Metallicize","floor":1},{"not_picked":["Headbutt","Cleave"],"picked":"Uppercut","floor":3},{"not_picked":["Warcry","Sword Boomerang","Iron Wave"],"picked":"SKIP","floor":5},{"not_picked":["Bloodletting","True Grit"],"picked":"Offering","floor":7},{"not_picked":["Rupture","Entrench","Twin Strike"],"picked":"SKIP","floor":8},{"not_picked":["Havoc+1","Sever Soul"],"picked":"Entrench+1","floor":13},{"not_picked":["Perfected Strike","Headbutt"],"picked":"Feel No Pain","floor":14}],"player_experience":551892,"relics_obtained":[{"floor":9,"key":"Self Forming Clay"},{"floor":10,"key":"Toxic Egg 2"}],"event_choices":[{"damage_healed":0,"gold_gain":0,"cards_transformed":["Strike_R"],"player_choice":"Transformed","damage_taken":0,"max_hp_gain":0,"max_hp_loss":0,"event_name":"Transmorgrifier","floor":4,"gold_loss":0,"cards_obtained":["Sentinel"]}],"is_beta":false,"boss_relics":[],"items_purged_floors":[],"is_endless":false,"potions_floor_spawned":[1,8,14],"killed_by":"The Guardian","ascension_level":16}