{"gold_per_floor":[111,36,36,48,98,123,123,140,188,200,217,236,252,18,18,92,92,108,120,120,120,134,167,182,37,60,60,70,70,70,81,81,155,155,174,174,186,204,204,215,215,215,266,266,30,30,59,76,76,76],"floor_reached":50,"playtime":2610,"items_purged":["Strike_R","Writhe"],"score":964,"play_id":"266be62b-1aee-4458-8590-cf066a716018","local_time":"20190407184828","is_ascension_mode":true,"campfire_choices":[{"data":"Blood for Blood","floor":7.0,"key":"SMITH"},{"floor":15.0,"key":"REST"},{"floor":27.0,"key":"REST"},{"floor":30.0,"key":"REST"},{"floor":32.0,"key":"REST"},{"data":"Dual Wield","floor":41.0,"key":"SMITH"},{"floor":44.0,"key":"REST"},{"floor":49.0,"key":"REST"}],"neow_cost":"NONE","seed_source_timestamp":174002886757660,"circlet_count":0,"master_deck":["AscendersBane","Strike_R","Strike_R","Strike_R","Defend_R","Defend_R","Defend_R","Defend_R","Bash","Hemokinesis","Blood for Blood+1","Double Tap","Uppercut","Shrug It Off","Finesse","Offering","Metallicize+1","Dual Wield+1","Uppercut+1","Headbutt+1","Rupture","Warcry","Heavy Blade","Flash of Steel"],"special_seed":0,"relics":["Burning Blood","NeowsBlessing","Bag of Preparation","Singing Bowl","Lantern","Cursed Key","Pear","Red Skull","PreservedInsect","Lizard Tail","Centennial Puzzle","Shovel"],"potions_floor_usage":[50],"damage_taken":[{"damage":0.0,"enemies":"2 Louse","floor":1.0,"turns":1.0},{"damage":0.0,"enemies":"Jaw Worm","floor":4.0,"turns":1.0},{"damage":0.0,"enemies":"Lagavulin","floor":6.0,"turns":1.0},{"damage":11.0,"enemies":"Small Slimes","floor":8.0,"turns":3.0},{"damage":17.0,"enemies":"Red Slaver","floor":10.0,"turns":2.0},{"damage":22.0,"enemies":"Lots of Slimes","floor":11.0,"turns":4.0},{"damage":12.0,"enemies":"2 Fungi Beasts","floor":12.0,"turns":2.0},{"damage":20.0,"enemies":"Exordium Wildlife","floor":13.0,"turns":4.0},{"damage":43.0,"enemies":"The Guardian","floor":16.0,"turns":9.0},{"damage":3.0,"enemies":"Chosen","floor":18.0,"turns":3.0},{"damage":9.0,"enemies":"3 Byrds","floor":19.0,"turns":6.0},{"damage":20.0,"enemies":"Snake Plant","floor":22.0,"turns":2.0},{"damage":31.0,"enemies":"Book of Stabbing","floor":23.0,"turns":4.0},{"damage":26.0,"enemies":"Chosen and Byrds","floor":24.0,"turns":4.0},{"damage":20.0,"enemies":"Cultist and Chosen","floor":28.0,"turns":3.0},{"damage":16.0,"enemies":"3 Cultists","floor":31.0,"turns":5.0},{"damage":32.0,"enemies":"Automaton","floor":33.0,"turns":6.0},{"damage":18.0,"enemies":"Orb Walker","floor":35.0,"turns":3.0},{"damage":39.0,"enemies":"3 Darklings","floor":37.0,"turns":6.0},{"damage":68.0,"enemies":"4 Shapes","floor":38.0,"turns":7.0},{"damage":52.0,"enemies":"Sphere and 2 Shapes","floor":40.0,"turns":5.0},{"damage":12.0,"enemies":"Nemesis","floor":47.0,"turns":3.0},{"damage":22.0,"enemies":"3 Darklings","floor":48.0,"turns":4.0},{"damage":94,"enemies":"Time Eater","floor":50,"turns":7}],"seed_played":"1024522549222830087","potions_obtained":[{"floor":4.0,"key":"SkillPotion"},{"floor":6.0,"key":"Regen Potion"},{"floor":16.0,"key":"AttackPotion"},{"floor":19.0,"key":"Weak Potion"},{"floor":23.0,"key":"SpeedPotion"},{"floor":33.0,"key":"SteroidPotion"},{"floor":38.0,"key":"Explosive Potion"},{"floor":47.0,"key":"Block Potion"}],"is_trial":false,"path_per_floor":["M","?","?","M","?","E","R","M","T","M","M","M","M","$","R","B",null,"M","M","?","T","M","E","M","$","T","R","M","?","R","M","R","B",null,"M","$","M","M","?","M","R","?","T","R","$","?","E","M","R","B"],"character_chosen":"IRONCLAD","items_purchased":["Shrug It Off","Finesse","Rupture","PowerPotion","Heavy Blade","Regen Potion"],"campfire_rested":6,"item_purchase_floors":[14,14,25,25,45,45],"current_hp_per_floor":[74,74,63,69,62,68,68,65,65,56,42,36,34,34,58,21,66,69,68,68,78,64,39,21,21,21,49,37,37,66,58,87,63,92,80,80,49,46,86,42,42,42,42,68,68,68,64,50,77,0],"gold":76,"neow_bonus":"THREE_ENEMY_KILL","is_prod":false,"is_daily":false,"chose_seed":false,"campfire_upgraded":2,"win_rate":0,"timestamp":1554671908,"path_taken":["M","?","?","M","?","E","R","?","T","M","M","M","M","$","R","BOSS","M","?","?","?","?","E","M","$","T","R","M","?","R","M","R","BOSS","M","$","M","M","?","M","R","?","T","R","$","?","E","M","R","BOSS"],"build_version":"2019-01-23","purchased_purges":2,"victory":false,"max_hp_per_floor":[75,75,75,75,75,75,75,77,77,79,81,81,81,81,81,81,81,81,83,83,93,93,93,95,95,95,95,97,97,97,99,99,101,101,101,101,103,105,86,88,88,88,88,88,88,88,90,92,92,92],"card_choices":[{"not_picked":["Twin Strike","Headbutt"],"picked":"Hemokinesis","floor":1.0},{"not_picked":["Sword Boomerang","Exhume","Dual Wield"],"picked":"SKIP","floor":4.0},{"not_picked":["Carnage","Reckless Charge"],"picked":"Blood for Blood","floor":6.0},{"not_picked":["Anger","Uppercut","Shrug It Off"],"picked":"Singing Bowl","floor":8.0},{"not_picked":["Pommel Strike","Warcry","Corruption"],"picked":"Singing Bowl","floor":10.0},{"not_picked":["Clothesline","Flex","Clash"],"picked":"Singing Bowl","floor":11.0},{"not_picked":["True Grit","Body Slam"],"picked":"Double Tap","floor":12.0},{"not_picked":["Havoc","Pummel"],"picked":"Uppercut","floor":13.0},{"not_picked":["Feed","Dark Embrace"],"picked":"Offering","floor":16.0},{"not_picked":["Seeing Red","Clothesline"],"picked":"Metallicize+1","floor":18.0},{"not_picked":["Heavy Blade","Searing Blow","Pommel Strike"],"picked":"Singing Bowl","floor":19.0},{"not_picked":["Havoc","Headbutt"],"picked":"Uppercut+1","floor":22.0},{"not_picked":["Barricade","Flex"],"picked":"Headbutt+1","floor":23.0},{"not_picked":["Perfected Strike+1","Pommel Strike+1","Clothesline"],"picked":"Singing Bowl","floor":24.0},{"not_picked":["True Grit","Iron Wave","Pommel Strike"],"picked":"Singing Bowl","floor":28.0},{"not_picked":["Hemokinesis","Twin Strike","Fire Breathing"],"picked":"Singing Bowl","floor":31.0},{"not_picked":["Juggernaut","Dark Embrace","Fiend Fire"],"picked":"Singing Bowl","floor":33.0},{"not_picked":["Armaments","Flame Barrier"],"picked":"Warcry","floor":35.0},{"not_picked":["Iron Wave","True Grit","Clash+1"],"picked":"Singing Bowl","floor":37.0},{"not_picked":["Pommel Strike","Thunderclap","Intimidate"],"picked":"Singing Bowl","floor":38.0},{"not_picked":["Demon Form","Sword Boomerang","Reckless Charge"],"picked":"Singing Bowl","floor":40.0},{"not_picked":["Transmutation","Deep Breath"],"picked":"Flash of Steel","floor":46.0},{"not_picked":["Clash","Spot Weakness","Clothesline"],"picked":"Singing Bowl","floor":47.0},{"not_picked":["Second Wind","Cleave","Spot Weakness"],"picked":"Singing Bowl","floor":48.0}],"player_experience":1142407,"relics_obtained":[{"floor":6.0,"key":"Singing Bowl"},{"floor":9.0,"key":"Lantern"},{"floor":21.0,"key":"Pear"},{"floor":23.0,"key":"Red Skull"},{"floor":26.0,"key":"PreservedInsect"},{"floor":43.0,"key":"Centennial Puzzle"},{"floor":47.0,"key":"Shovel"}],"event_choices":[{"cards_removed":["Strike_R"],"damage_healed":0.0,"max_hp_gain":0.0,"max_hp_loss":0.0,"gold_gain":0.0,"event_name":"The Cleric","player_choice":"Card Removal","floor":2.0,"gold_loss":75.0,"damage_taken":0.0},{"damage_healed":0.0,"max_hp_gain":0.0,"max_hp_loss":0.0,"gold_gain":0.0,"event_name":"Scrap Ooze","player_choice":"Success","floor":3.0,"gold_loss":0.0,"damage_taken":11.0,"relics_obtained":["Bag of Preparation"]},{"damage_healed":0.0,"max_hp_gain":0.0,"max_hp_loss":0.0,"gold_gain":50.0,"event_name":"FaceTrader","player_choice":"Touch","floor":5.0,"gold_loss":0.0,"damage_taken":7.0},{"damage_healed":0.0,"max_hp_gain":0.0,"max_hp_loss":0.0,"gold_gain":0.0,"event_name":"The Library","player_choice":"Read","floor":20.0,"gold_loss":0.0,"damage_taken":0.0,"cards_obtained":["Dual Wield"]},{"cards_removed":["Clumsy","Regret"],"damage_healed":0.0,"max_hp_gain":0.0,"max_hp_loss":0.0,"gold_gain":0.0,"event_name":"Fountain of Cleansing","player_choice":"Removed Curses","floor":29.0,"gold_loss":0.0,"damage_taken":0.0},{"damage_healed":86.0,"max_hp_gain":0.0,"max_hp_loss":19.0,"gold_gain":0.0,"event_name":"The Moai Head","player_choice":"Heal","floor":39.0,"gold_loss":0.0,"damage_taken":0.0},{"damage_healed":0.0,"max_hp_gain":0.0,"max_hp_loss":0.0,"gold_gain":0.0,"event_name":"Mysterious Sphere","player_choice":"Ignored","floor":42.0,"gold_loss":0.0,"damage_taken":0.0},{"damage_healed":0.0,"max_hp_gain":0.0,"max_hp_loss":0.0,"gold_gain":0.0,"event_name":"SensoryStone","player_choice":"Memory 1","floor":46.0,"gold_loss":0.0,"damage_taken":0.0}],"is_beta":false,"boss_relics":[{"not_picked":["Runic Pyramid","Runic Dome"],"picked":"Cursed Key"},{"not_picked":["Snecko Eye","Calling Bell"],"picked":"Lizard Tail"}],"items_purged_floors":[14,45],"is_endless":false,"potions_floor_spawned":[4,6,8,11,16,19,23,33,38,47],"killed_by":"Time Eater","ascension_level":17}