{"path_per_floor":["M","M","M","M","?","R","E","R","T","E","M","R","$","E","R","B",null,"M","M","$","?","$","R","M","E","T","M","R","?","?","M","R","B",null,"M","M","$","M","?","R","M","R","T","E","$","R","M","?","R","B"],"character_chosen":"THE_SILENT","items_purchased":["Well Laid Plans","Night Terror","Paper Crane"],"gold_per_floor":[116,128,145,160,160,160,193,193,243,270,283,283,169,196,196,299,299,316,336,256,256,46,46,59,86,135,153,153,153,153,166,166,265,265,281,294,174,184,184,184,195,195,221,254,44,44,55,55,55,55],"floor_reached":51,"campfire_rested":5,"playtime":4038,"item_purchase_floors":[13,22,45],"current_hp_per_floor":[70,70,67,52,52,52,43,43,43,29,29,50,50,39,39,6,70,43,43,43,43,43,43,41,28,28,18,18,18,18,12,26,5,49,43,42,42,9,9,23,15,29,29,13,13,27,45,45,45,37],"items_purged":["Strike_G","Setup","Defend_G","Defend_G"],"gold":55,"score":853,"play_id":"9d8aeffe-e576-4ba6-8ea5-22b08fb66b51","local_time":"20180608042032","is_prod":false,"is_daily":false,"chose_seed":false,"is_ascension_mode":true,"campfire_upgraded":6,"win_rate":0,"timestamp":1528424432,"campfire_choices":[{"data":"Bullet Time","floor":6,"key":"SMITH"},{"data":"Neutralize","floor":8,"key":"SMITH"},{"floor":12,"key":"REST"},{"data":"Noxious Fumes","floor":15,"key":"SMITH"},{"data":"Night Terror","floor":23,"key":"SMITH"},{"data":"Crippling Poison","floor":28,"key":"SMITH"},{"floor":32,"key":"REST"},{"floor":40,"key":"REST"},{"floor":42,"key":"REST"},{"floor":46,"key":"REST"},{"data":"Backflip","floor":49,"key":"SMITH"}],"path_taken":["M","?","?","?","?","R","E","R","T","E","?","R","$","E","R","BOSS","M","M","$","?","$","R","M","E","T","?","R","?","?","M","R","BOSS","M","M","$","M","?","R","M","R","T","E","$","R","M","?","R","BOSS"],"build_version":"2018-06-07","seed_source_timestamp":1920672125802781,"purchased_purges":4,"victory":true,"master_deck":["Defend_G","Defend_G","Defend_G","Survivor","Neutralize+1","Bullet Time+1","Backflip+1","Predator","Corpse Explosion+1","Crippling Poison+1","Noxious Fumes+1","Well Laid Plans","Adrenaline","Bite","Bite","Bite","Bite","Bite","Night Terror+1","Acrobatics+1","Bullet Time+1","Blur+1","Bullet Time","Blur"],"max_hp_per_floor":[70,70,70,70,70,70,70,70,70,70,70,70,70,70,70,70,70,70,70,70,49,49,49,49,49,49,49,49,49,49,49,49,49,49,49,49,49,49,49,49,49,49,49,49,49,49,49,49,49,49],"relics":["Ring of the Snake","The Courier","Vajra","Whetstone","Omamori","Busted Crown","Boot","Dream Catcher","White Beast Statue","Ancient Tea Set","Bag of Marbles","Paper Crane"],"card_choices":[{"not_picked":["Cloak And Dagger","Acrobatics"],"picked":"Backflip","floor":1},{"not_picked":["Escape Plan","Slice"],"picked":"Underhanded Strike","floor":2},{"not_picked":["Escape Plan","Dagger Spray","Dodge and Roll"],"picked":"SKIP","floor":3},{"not_picked":["Eviscerate","Dagger Throw"],"picked":"Predator","floor":4},{"not_picked":["Riddle With Holes","Slice"],"picked":"Crippling Poison","floor":7},{"not_picked":["Skewer","Finisher"],"picked":"Noxious Fumes","floor":10},{"not_picked":["Dagger Spray","Blade Dance"],"picked":"Setup","floor":11},{"not_picked":["Accuracy","Expertise","Concentrate"],"picked":"SKIP","floor":14},{"not_picked":["Doppelganger","Glass Knife"],"picked":"Adrenaline","floor":16},{"not_picked":["Outmaneuver"],"picked":"SKIP","floor":18},{"not_picked":["Quick Slash"],"picked":"SKIP","floor":19},{"not_picked":["Blade Dance"],"picked":"SKIP","floor":24},{"not_picked":["Finisher+1"],"picked":"SKIP","floor":25},{"not_picked":[],"picked":"Acrobatics+1","floor":27},{"not_picked":[],"picked":"Blur+1","floor":31},{"not_picked":["Dash+1"],"picked":"SKIP","floor":35},{"not_picked":["Flechettes+1"],"picked":"SKIP","floor":36},{"not_picked":["Deflect+1"],"picked":"SKIP","floor":38},{"not_picked":[],"picked":"Blur","floor":41},{"not_picked":["Poisoned Stab"],"picked":"SKIP","floor":44},{"not_picked":["Slice+1"],"picked":"SKIP","floor":47}],"player_experience":251482,"potions_floor_usage":[7,7,14,27,33,36,41,50,50,50,50],"damage_taken":[{"damage":0,"enemies":"Cultist","floor":1,"turns":5},{"damage":0,"enemies":"2 Louse","floor":2,"turns":4},{"damage":3,"enemies":"Jaw Worm","floor":3,"turns":7},{"damage":15,"enemies":"Looter","floor":4,"turns":4},{"damage":9,"enemies":"3 Sentries","floor":7,"turns":14},{"damage":14,"enemies":"Gremlin Nob","floor":10,"turns":4},{"damage":0,"enemies":"2 Fungi Beasts","floor":11,"turns":2},{"damage":11,"enemies":"Lagavulin","floor":14,"turns":7},{"damage":33,"enemies":"Slime Boss","floor":16,"turns":8},{"damage":27,"enemies":"Spheric Guardian","floor":18,"turns":5},{"damage":0,"enemies":"Shell Parasite","floor":19,"turns":4},{"damage":8,"enemies":"Chosen and Byrds","floor":24,"turns":5},{"damage":27,"enemies":"Book of Stabbing","floor":25,"turns":5},{"damage":20,"enemies":"Sentry and Sphere","floor":27,"turns":6},{"damage":26,"enemies":"Cultist and Chosen","floor":31,"turns":5},{"damage":33,"enemies":"Automaton","floor":33,"turns":8},{"damage":12,"enemies":"3 Shapes","floor":35,"turns":5},{"damage":8,"enemies":"3 Darklings","floor":36,"turns":3},{"damage":53,"enemies":"Sphere and 2 Shapes","floor":38,"turns":6},{"damage":18,"enemies":"4 Shapes","floor":41,"turns":4},{"damage":42,"enemies":"Giant Head","floor":44,"turns":11},{"damage":0,"enemies":"3 Darklings","floor":47,"turns":4},{"damage":45,"enemies":"Awakened One","floor":50,"turns":13}],"relics_obtained":[{"floor":7,"key":"The Courier"},{"floor":9,"key":"Vajra"},{"floor":10,"key":"Whetstone"},{"floor":14,"key":"Omamori"},{"floor":25,"key":"Boot"},{"floor":26,"key":"Dream Catcher"},{"floor":43,"key":"Ancient Tea Set"},{"floor":44,"key":"Bag of Marbles"}],"event_choices":[{"event_name":"Match and Keep!","player_choice":"1 cards matched","floor":5,"damage_taken":0},{"event_name":"Vampires","player_choice":"Became a vampire","floor":21,"damage_taken":0},{"event_name":"Duplicator","player_choice":"One dupe","floor":29,"damage_taken":0},{"event_name":"Cursed Tome","player_choice":"Ignored","floor":30,"damage_taken":0},{"event_name":"Transmorgrifier","player_choice":"Transform","floor":39,"damage_taken":0},{"event_name":"SecretPortal","player_choice":"Rejected Portal.","floor":48,"damage_taken":0}],"boss_relics":[{"not_picked":["Runic Pyramid","Philosopher\u0027s Stone"],"picked":"Busted Crown"},{"not_picked":["Orrery","Astrolabe"],"picked":"White Beast Statue"}],"items_purged_floors":[13,20,22,37],"potions_floor_spawned":[2,3,4,16,18,25,33,35,36,38,41,44,47],"seed_played":"-7566281460190906641","ascension_level":4,"potions_obtained":[{"floor":2,"key":"Strength Potion"},{"floor":3,"key":"Swift Potion"},{"floor":4,"key":"SteroidPotion"},{"floor":16,"key":"FearPotion"},{"floor":18,"key":"Ancient Potion"},{"floor":25,"key":"PowerPotion"},{"floor":33,"key":"SkillPotion"},{"floor":35,"key":"EntropicBrew"},{"floor":36,"key":"SteroidPotion"},{"floor":38,"key":"SkillPotion"},{"floor":41,"key":"Strength Potion"},{"floor":44,"key":"Block Potion"}],"is_trial":false}