{"gold_per_floor":[116,116,134,9,26,26,41,59,59,71,90,90,54,54,54,54],"floor_reached":16,"playtime":852,"items_purged":["Strike_G"],"score":108,"play_id":"b07c7d76-1a17-4345-8219-f60694fb2666","local_time":"20180916230611","is_ascension_mode":true,"campfire_choices":[{"data":"Unload","floor":6,"key":"SMITH"},{"floor":12,"key":"REST"},{"data":"Blur","floor":15,"key":"SMITH"}],"neow_cost":"TEN_PERCENT_HP_LOSS","seed_source_timestamp":86782413849124,"circlet_count":0,"master_deck":["Defend_G","Defend_G","Defend_G","Defend_G","Defend_G","Strike_G","Strike_G","Survivor","Neutralize","Underhanded Strike","Unload+1","Outmaneuver","Dagger Spray","Heel Hook","Blur+1","Accuracy","Accuracy"],"relics":["Ring of the Snake","FossilizedHelix","Pantograph"],"potions_floor_usage":[16,16],"damage_taken":[{"damage":0,"enemies":"2 Louse","floor":1,"turns":3},{"damage":12,"enemies":"Small Slimes","floor":3,"turns":4},{"damage":0,"enemies":"Jaw Worm","floor":5,"turns":5},{"damage":1,"enemies":"Looter","floor":7,"turns":3},{"damage":4,"enemies":"Blue Slaver","floor":8,"turns":4},{"damage":0,"enemies":"3 Louse","floor":10,"turns":2},{"damage":0,"enemies":"Looter","floor":11,"turns":2},{"damage":65,"enemies":"Hexaghost","floor":16,"turns":16}],"seed_played":"2353077836042280116","potions_obtained":[{"floor":8,"key":"Strength Potion"},{"floor":10,"key":"Weak Potion"}],"is_trial":false,"path_per_floor":["M","?","M","$","M","R","M","M","T","M","M","R","$","?","R"],"character_chosen":"THE_SILENT","items_purchased":["Dagger Spray","Accuracy"],"campfire_rested":1,"item_purchase_floors":[4,13],"current_hp_per_floor":[63,63,51,51,51,51,50,46,46,46,46,63,63,56,56,0],"gold":54,"neow_bonus":"ONE_RARE_RELIC","is_prod":false,"is_daily":false,"chose_seed":false,"campfire_upgraded":2,"win_rate":0,"timestamp":1537153571,"path_taken":["M","?","M","$","M","R","M","M","T","M","M","R","$","?","R","BOSS"],"build_version":"2018-09-06","purchased_purges":1,"victory":false,"max_hp_per_floor":[63,63,63,63,63,63,63,63,63,63,63,63,63,63,63,63],"card_choices":[{"not_picked":["Deflect","Bane"],"picked":"Underhanded Strike","floor":1},{"not_picked":["Blade Dance","Bane"],"picked":"Outmaneuver","floor":3},{"not_picked":["Outmaneuver","Quick Slash","Deadly Poison"],"picked":"SKIP","floor":5},{"not_picked":["Dagger Spray","Deadly Poison"],"picked":"Heel Hook","floor":7},{"not_picked":["Blade Dance","Dagger Spray","Heel Hook"],"picked":"SKIP","floor":8},{"not_picked":["Deadly Poison","Underhanded Strike"],"picked":"Blur","floor":10},{"not_picked":["Masterful Stab","Flying Knee"],"picked":"Accuracy","floor":11}],"player_experience":861522,"relics_obtained":[{"floor":9,"key":"Pantograph"}],"event_choices":[{"event_name":"Living Wall","player_choice":"Change","floor":2,"damage_taken":0},{"event_name":"Golden Wing","player_choice":"Card Removal","floor":14,"damage_taken":0}],"is_beta":false,"boss_relics":[],"items_purged_floors":[4],"is_endless":false,"potions_floor_spawned":[8,10],"killed_by":"Hexaghost","ascension_level":3}