{"gold_per_floor":[110,122,47,47,19,19,53,53,53,66,79,26,56,90,90,163,163,182,197,197,197,40,40,53,53,131,131,131],"floor_reached":28,"playtime":977,"items_purged":[],"score":448,"play_id":"ed2790cc-4a4c-4b32-a891-a3420ae610df","local_time":"20190519163256","is_ascension_mode":true,"campfire_choices":[{"data":"Rebound","floor":6.0,"key":"SMITH"},{"floor":8.0,"key":"REST"},{"floor":15.0,"key":"REST"},{"data":"Machine Learning","floor":23,"key":"SMITH"},{"floor":25,"key":"REST"}],"neow_cost":"TEN_PERCENT_HP_LOSS","seed_source_timestamp":104620875222233,"circlet_count":0,"master_deck":["AscendersBane","Strike_B","Strike_B","Strike_B","Defend_B","Defend_B","Defend_B","Defend_B","Zap+1","Dualcast","Rebound+1","Darkness","Gash","Conserve Battery","Scrape","Ball Lightning","Steam+1","Machine Learning+1","Echo Form","Hologram+1","Coolheaded+1","Writhe","BootSequence+1"],"special_seed":0,"relics":["Cracked Core","Ginger","Nunchaku","Toxic Egg 2","Vajra","Art of War","Nuclear Battery","Dodecahedron","Bag of Preparation","Shuriken"],"potions_floor_usage":[16],"damage_taken":[{"damage":0.0,"enemies":"2 Louse","floor":1.0,"turns":3.0},{"damage":1.0,"enemies":"Cultist","floor":2.0,"turns":3.0},{"damage":60.0,"enemies":"Gremlin Nob","floor":7.0,"turns":5.0},{"damage":12.0,"enemies":"Jaw Worm","floor":10.0,"turns":2.0},{"damage":0.0,"enemies":"Looter","floor":11.0,"turns":2.0},{"damage":8.0,"enemies":"Lagavulin","floor":14.0,"turns":6.0},{"damage":14,"enemies":"Hexaghost","floor":16,"turns":7},{"damage":12,"enemies":"Spheric Guardian","floor":18,"turns":5},{"damage":22,"enemies":"2 Thieves","floor":19,"turns":5},{"damage":14,"enemies":"Snake Plant","floor":24,"turns":5},{"damage":4,"enemies":"3 Cultists","floor":28,"turns":4}],"seed_played":"-6124830869889709533","potions_obtained":[{"floor":2.0,"key":"SpeedPotion"},{"floor":10.0,"key":"FocusPotion"},{"floor":11.0,"key":"SkillPotion"},{"floor":24,"key":"GamblersBrew"}],"is_trial":false,"path_per_floor":["M","M","?","?","$","R","E","R","T","M","M","$","?","E","R","B",null,"M","M","?","?","$","R","M","R","T","?","M"],"character_chosen":"DEFECT","items_purchased":["Gash","Steam+1","Bag of Preparation"],"campfire_rested":3,"item_purchase_floors":[5,12,22],"current_hp_per_floor":[64,63,63,63,63,63,3,22,22,10,10,10,10,2,21,7,50,38,16,16,16,16,16,2,21,21,4,0],"gold":131,"neow_bonus":"ONE_RARE_RELIC","is_prod":false,"is_daily":false,"chose_seed":false,"campfire_upgraded":2,"win_rate":0,"timestamp":1558308776,"path_taken":["M","M","?","?","$","R","E","R","T","?","?","$","?","E","R","BOSS","M","M","?","?","$","R","M","R","T","?","?"],"build_version":"2019-05-07","purchased_purges":0,"victory":false,"max_hp_per_floor":[64,64,64,64,64,64,64,64,64,64,64,64,64,64,64,64,64,64,64,64,64,64,64,64,64,64,69,69],"card_choices":[{"not_picked":["Stack","Coolheaded"],"picked":"Rebound","floor":1.0},{"not_picked":["Rebound","Lockon"],"picked":"Darkness","floor":2.0},{"not_picked":["Steam","Stack"],"picked":"Conserve Battery","floor":7.0},{"not_picked":["Lockon","Go for the Eyes"],"picked":"Scrape","floor":10.0},{"not_picked":["Sweeping Beam","Rip and Tear"],"picked":"Ball Lightning","floor":11.0},{"not_picked":["Heatsinks","Ball Lightning"],"picked":"Machine Learning","floor":14.0},{"not_picked":["Machine Learning","Seek+1"],"picked":"Echo Form","floor":16},{"not_picked":["Barrage","Streamline"],"picked":"Hologram+1","floor":18},{"not_picked":["Gash","Lockon"],"picked":"Coolheaded+1","floor":19},{"not_picked":["Gash","Heatsinks"],"picked":"BootSequence+1","floor":24}],"player_experience":1552714,"relics_obtained":[{"floor":7.0,"key":"Nunchaku"},{"floor":9.0,"key":"Toxic Egg 2"},{"floor":14.0,"key":"Art of War"},{"floor":26,"key":"Shuriken"}],"event_choices":[{"cards_removed":["Strike_B"],"damage_healed":0.0,"max_hp_gain":0.0,"max_hp_loss":0.0,"gold_gain":0.0,"event_name":"The Cleric","player_choice":"Card Removal","floor":3.0,"gold_loss":75.0,"damage_taken":0.0},{"damage_healed":0.0,"max_hp_gain":0.0,"max_hp_loss":0.0,"gold_gain":0.0,"event_name":"Upgrade Shrine","player_choice":"Upgraded","floor":4.0,"gold_loss":0.0,"damage_taken":0.0,"cards_upgraded":["Zap"]},{"damage_healed":0.0,"max_hp_gain":0.0,"max_hp_loss":0.0,"gold_gain":30.0,"event_name":"Dead Adventurer","player_choice":"Searched \u00273\u0027 times","floor":13.0,"gold_loss":0.0,"damage_taken":0.0,"relics_obtained":["Vajra"]},{"damage_healed":0,"gold_gain":0,"player_choice":"Ignored","damage_taken":0,"max_hp_gain":0,"max_hp_loss":0,"event_name":"Cursed Tome","floor":20,"gold_loss":0},{"damage_healed":0,"gold_gain":0,"player_choice":"Opened","damage_taken":0,"relics_obtained":["Dodecahedron"],"max_hp_gain":0,"max_hp_loss":0,"event_name":"The Mausoleum","floor":21,"gold_loss":0,"cards_obtained":["Writhe"]},{"damage_healed":0,"gold_gain":0,"player_choice":"Shed Blood","damage_taken":22,"max_hp_gain":5,"max_hp_loss":0,"event_name":"Forgotten Altar","floor":27,"gold_loss":0}],"is_beta":true,"boss_relics":[{"not_picked":["Inserter","Coffee Dripper"],"picked":"Nuclear Battery"}],"items_purged_floors":[],"is_endless":false,"potions_floor_spawned":[2,10,11,24],"killed_by":"3 Cultists","ascension_level":20}