{"gold_per_floor":[119,119,294,179,179,179,212,212,212,236,155,168,168,168,168,267,267,249,268,280,19,35,35,61,75,100,100,100,50,50,4,4,101,151,170,189,139,157,171,171,171],"floor_reached":41,"playtime":2557,"items_purged":["Doubt","Strike_G","Defend_G"],"score":509,"play_id":"81cbb4a7-8dba-4b31-8755-39927a4dafbc","local_time":"20190226221519","is_ascension_mode":true,"campfire_choices":[{"data":"Phantasmal Killer","floor":6,"key":"SMITH"},{"data":"Infinite Blades","floor":8,"key":"SMITH"},{"floor":13,"key":"REST"},{"data":"Cloak And Dagger","floor":15,"key":"SMITH"},{"floor":23,"key":"REST"},{"floor":28,"key":"REST"},{"floor":30,"key":"REST"},{"floor":32,"key":"REST"},{"floor":40,"key":"REST"}],"neow_cost":"NONE","seed_source_timestamp":72284629248800,"circlet_count":0,"master_deck":["Defend_G","Defend_G","Defend_G","Defend_G","Strike_G","Strike_G","Survivor+1","Neutralize","Phantasmal Killer+1","Infinite Blades+1","Finisher","All Out Attack","Riddle With Holes","Footwork","Cloak And Dagger+1","Unload","Backflip","Blade Dance+1","Panache","Footwork","Cloak And Dagger","Masterful Stab","Accuracy","Blade Dance","Tools of the Trade","Cloak And Dagger","Skewer+1","Terror","Footwork"],"relics":["Ring of the Snake","Bottled Flame","Kunai","Odd Mushroom","Philosopher\u0027s Stone","FossilizedHelix","Smiling Mask","Lantern","Tiny House"],"potions_floor_usage":[24,24,24,33,36,39,39,41],"damage_taken":[{"damage":0,"enemies":"2 Louse","floor":1,"turns":2},{"damage":27,"enemies":"3 Sentries","floor":7,"turns":10},{"damage":4,"enemies":"The Mushroom Lair","floor":10,"turns":3},{"damage":7,"enemies":"Small Slimes","floor":12,"turns":2},{"damage":45,"enemies":"Hexaghost","floor":16,"turns":12},{"damage":22,"enemies":"2 Thieves","floor":18,"turns":4},{"damage":0,"enemies":"Chosen","floor":19,"turns":3},{"damage":5,"enemies":"3 Cultists","floor":20,"turns":5},{"damage":6,"enemies":"Snake Plant","floor":22,"turns":6},{"damage":15,"enemies":"Book of Stabbing","floor":24,"turns":6},{"damage":22,"enemies":"Centurion and Healer","floor":25,"turns":4},{"damage":21,"enemies":"Collector","floor":33,"turns":8},{"damage":0,"enemies":"3 Darklings","floor":35,"turns":6},{"damage":0,"enemies":"Orb Walker","floor":36,"turns":3},{"damage":37,"enemies":"Writhing Mass","floor":38,"turns":8},{"damage":31,"enemies":"3 Darklings","floor":39,"turns":6},{"damage":25,"enemies":"Jaw Worm Horde","floor":41,"turns":2}],"seed_played":"2535949702775455786","potions_obtained":[{"floor":1,"key":"Poison Potion"},{"floor":10,"key":"EssenceOfSteel"},{"floor":22,"key":"Explosive Potion"},{"floor":25,"key":"Strength Potion"},{"floor":33,"key":"Block Potion"},{"floor":34,"key":"GamblersBrew"},{"floor":35,"key":"GamblersBrew"},{"floor":38,"key":"AttackPotion"},{"floor":39,"key":"EntropicBrew"}],"is_trial":false,"path_per_floor":["M","?","?","$","?","R","E","R","T","?","$","M","R","?","R","B",null,"M","M","M","$","M","R","E","M","T","T","R","$","R","$","R","B",null,"M","M","$","M","M","R","M"],"character_chosen":"THE_SILENT","items_purchased":["Finisher","Footwork","Panache","Footwork","Blade Dance"],"campfire_rested":6,"item_purchase_floors":[4,11,21,21,31],"current_hp_per_floor":[70,63,63,63,63,63,36,36,36,32,32,25,46,46,46,1,53,31,31,26,26,20,41,26,4,4,4,25,25,46,46,67,46,69,69,69,69,32,1,23,0],"gold":171,"neow_bonus":"ONE_RANDOM_RARE_CARD","is_prod":false,"is_daily":false,"chose_seed":false,"campfire_upgraded":3,"win_rate":0,"timestamp":1551237319,"path_taken":["M","?","?","$","?","R","E","R","T","?","$","M","R","?","R","BOSS","M","M","?","$","M","R","E","M","T","?","R","?","R","?","R","BOSS","M","M","$","M","M","R","M"],"build_version":"2019-01-23","purchased_purges":3,"victory":false,"max_hp_per_floor":[70,70,70,70,70,70,70,70,70,70,70,70,70,70,70,70,70,70,70,70,70,70,70,70,70,70,70,70,70,70,70,70,70,75,75,75,75,75,75,75,75],"card_choices":[{"not_picked":["Acrobatics","Catalyst"],"picked":"Infinite Blades","floor":1},{"not_picked":["Distraction","Calculated Gamble"],"picked":"All Out Attack","floor":7},{"not_picked":["Poisoned Stab","Flying Knee"],"picked":"Riddle With Holes","floor":10},{"not_picked":["Prepared","Underhanded Strike"],"picked":"Cloak And Dagger","floor":12},{"not_picked":["Die Die Die","Corpse Explosion"],"picked":"Unload","floor":16},{"not_picked":["Setup+1","Underhanded Strike+1"],"picked":"Backflip","floor":18},{"not_picked":["Flechettes","Backstab"],"picked":"Blade Dance+1","floor":19},{"not_picked":["Flying Knee","All Out Attack","Quick Slash"],"picked":"SKIP","floor":20},{"not_picked":["Die Die Die","Flying Knee"],"picked":"Cloak And Dagger","floor":22},{"not_picked":["Skewer","Eviscerate+1"],"picked":"Masterful Stab","floor":24},{"not_picked":["Cloak And Dagger","Deflect"],"picked":"Accuracy","floor":25},{"not_picked":["Malaise","Doppelganger"],"picked":"Tools of the Trade","floor":33},{"not_picked":["Blade Dance","Bouncing Flask"],"picked":"Cloak And Dagger","floor":34},{"not_picked":["Poisoned Stab+1","Dodge and Roll+1"],"picked":"Skewer+1","floor":35},{"not_picked":["Deflect","Flechettes","Quick Slash"],"picked":"SKIP","floor":36},{"not_picked":["Catalyst","Blur"],"picked":"Terror","floor":38},{"not_picked":["Setup","Flying Knee+1"],"picked":"Footwork","floor":39}],"player_experience":2229369,"relics_obtained":[{"floor":7,"key":"Bottled Flame"},{"floor":9,"key":"Kunai"},{"floor":10,"key":"Odd Mushroom"},{"floor":24,"key":"FossilizedHelix"},{"floor":26,"key":"Smiling Mask"},{"floor":27,"key":"Lantern"}],"event_choices":[{"cards_removed":["Strike_G"],"damage_healed":0,"gold_gain":0,"player_choice":"Card Removal","damage_taken":7,"max_hp_gain":0,"max_hp_loss":0,"event_name":"Golden Wing","floor":2,"gold_loss":0},{"damage_healed":0,"gold_gain":175,"player_choice":"AGREE","damage_taken":0,"max_hp_gain":0,"max_hp_loss":0,"event_name":"Liars Game","floor":3,"gold_loss":0,"cards_obtained":["Doubt"]},{"damage_healed":0,"gold_gain":0,"player_choice":"Ignored","damage_taken":0,"max_hp_gain":0,"max_hp_loss":0,"event_name":"Golden Idol","floor":5,"gold_loss":0},{"damage_healed":0,"gold_gain":0,"player_choice":"Fought Mushrooms","damage_taken":0,"max_hp_gain":0,"max_hp_loss":0,"event_name":"Mushrooms","floor":10,"gold_loss":0},{"cards_removed":["Strike_G"],"damage_healed":0,"gold_gain":0,"player_choice":"Offered Basic","damage_taken":0,"max_hp_gain":0,"max_hp_loss":0,"event_name":"Bonfire Elementals","floor":14,"gold_loss":0}],"is_beta":false,"boss_relics":[{"not_picked":["Fusion Hammer","Empty Cage"],"picked":"Philosopher\u0027s Stone"},{"not_picked":["Runic Pyramid","HoveringKite"],"picked":"Tiny House"}],"items_purged_floors":[4,29,37],"is_endless":false,"potions_floor_spawned":[1,10,22,25,33,35,38,39],"killed_by":"Jaw Worm Horde","ascension_level":5}