{"gold_per_floor":[115,131,146,165,128,128,156,156,226,226,243,270,270,270,270,270],"floor_reached":16,"playtime":614,"items_purged":[],"score":198,"play_id":"d9881769-0dba-4ee7-8488-604400dff0e2","local_time":"20190520210652","is_ascension_mode":true,"campfire_choices":[{"data":"Bash","floor":6,"key":"SMITH"},{"floor":8,"key":"REST"},{"floor":10,"key":"REST"},{"data":"True Grit","floor":13,"key":"SMITH"},{"data":"Reaper","floor":15,"key":"SMITH"}],"neow_cost":"NONE","seed_source_timestamp":375508930141678,"circlet_count":0,"master_deck":["AscendersBane","Strike_R","Strike_R","Strike_R","Strike_R","Strike_R","Defend_R","Defend_R","Defend_R","Defend_R","Bash+1","Feel No Pain","Shrug It Off","True Grit+1","Carnage","Reaper+1","Limit Break"],"relics":["Burning Blood","Charon\u0027s Ashes","Bottled Lightning","Ancient Tea Set","Red Skull"],"potions_floor_usage":[7,7,12,12],"damage_taken":[{"damage":6,"enemies":"Cultist","floor":1,"turns":4},{"damage":6,"enemies":"Jaw Worm","floor":2,"turns":8},{"damage":6,"enemies":"2 Louse","floor":3,"turns":4},{"damage":7,"enemies":"2 Fungi Beasts","floor":4,"turns":6},{"damage":61,"enemies":"Lagavulin","floor":7,"turns":7},{"damage":10,"enemies":"Red Slaver","floor":11,"turns":8},{"damage":14,"enemies":"3 Sentries","floor":12,"turns":5},{"damage":83,"enemies":"Hexaghost","floor":16,"turns":9}],"seed_played":"5194113218927132520","potions_obtained":[{"floor":1,"key":"Ancient Potion"},{"floor":3,"key":"EntropicBrew"}],"is_trial":false,"path_per_floor":["M","M","M","M","$","R","E","R","T","R","M","E","R","?","R","B"],"character_chosen":"IRONCLAD","items_purchased":["Carnage"],"campfire_rested":2,"item_purchase_floors":[5],"current_hp_per_floor":[75,75,75,74,74,74,19,43,43,67,69,73,73,68,68,0],"gold":270,"neow_bonus":"TEN_PERCENT_HP_BONUS","is_prod":false,"is_daily":false,"chose_seed":false,"campfire_upgraded":3,"win_rate":0,"timestamp":1558357612,"path_taken":["M","M","?","M","$","R","E","R","T","R","M","E","R","?","R","BOSS"],"build_version":"2019-01-23","purchased_purges":0,"victory":false,"max_hp_per_floor":[82,82,82,82,82,82,82,82,82,82,82,82,82,82,82,82],"card_choices":[{"not_picked":["Fire Breathing","Cleave"],"picked":"Feel No Pain","floor":1},{"not_picked":["Rupture","Dual Wield"],"picked":"Shrug It Off","floor":2},{"not_picked":["Body Slam","Anger"],"picked":"True Grit","floor":3},{"not_picked":["Feel No Pain","Wild Strike","Rage"],"picked":"SKIP","floor":4},{"not_picked":["Shrug It Off","Power Through"],"picked":"Reaper","floor":7},{"not_picked":["Wild Strike","Rampage","Cleave"],"picked":"SKIP","floor":11},{"not_picked":["Second Wind","Anger"],"picked":"Limit Break","floor":12}],"player_experience":546187,"relics_obtained":[{"floor":7,"key":"Charon\u0027s Ashes"},{"floor":9,"key":"Bottled Lightning"},{"floor":12,"key":"Ancient Tea Set"}],"event_choices":[{"damage_healed":0,"gold_gain":0,"player_choice":"Success","damage_taken":5,"relics_obtained":["Red Skull"],"max_hp_gain":0,"max_hp_loss":0,"event_name":"Scrap Ooze","floor":14,"gold_loss":0}],"is_beta":false,"boss_relics":[],"items_purged_floors":[],"is_endless":false,"potions_floor_spawned":[1,3,4],"killed_by":"Hexaghost","ascension_level":16}