{"gold_per_floor":[114,189,139,154,11,40,40,53,76,59,73,91,91,125,125,221,221,234,38,38,51,1,1,35,35,35,52,122,142,271,297,297,396,396,410,430,529,579,629,629,647,647],"floor_reached":42,"playtime":2914,"items_purged":["Defend_B","Strike_B"],"score":626,"play_id":"44c434cd-f5b1-4696-a820-a07bb5d727d3","local_time":"20190108004249","is_ascension_mode":true,"campfire_choices":[{"floor":7,"key":"RECALL"},{"data":"Zap","floor":13,"key":"SMITH"},{"data":"White Noise","floor":15,"key":"SMITH"},{"data":"Fission","floor":23,"key":"SMITH"},{"floor":25,"key":"REST"},{"data":"Defragment","floor":32,"key":"SMITH"},{"data":"Redo","floor":40,"key":"SMITH"}],"neow_cost":"NONE","seed_source_timestamp":385964478459560,"circlet_count":0,"master_deck":["Strike_B","Strike_B","Defend_B","Defend_B","Defend_B","Zap+1","Dualcast+1","Coolheaded","Glacier+1","White Noise+1","Electrodynamics","Cold Snap","Defragment+1","Melter","Fission+1","Doom and Gloom+1","Loop","Leap+1","Redo+1","Deep Breath","Discovery"],"relics":["Cracked Core","NeowsBlessing","Anchor","Blood Vial","Dodecahedron","Busted Crown","War Paint","SsserpentHead","Symbiotic Virus","Bottled Tornado","Pear","Nuclear Battery","Emotion Chip"],"potions_floor_usage":[10,14,16,16,21,29,31,36,37,41],"damage_taken":[{"damage":0,"enemies":"Small Slimes","floor":1,"turns":1},{"damage":0,"enemies":"Jaw Worm","floor":4,"turns":1},{"damage":0,"enemies":"Lagavulin","floor":6,"turns":1},{"damage":4,"enemies":"Cultist","floor":8,"turns":3},{"damage":6,"enemies":"Exordium Thugs","floor":10,"turns":5},{"damage":2,"enemies":"Red Slaver","floor":11,"turns":3},{"damage":2,"enemies":"Large Slime","floor":12,"turns":4},{"damage":0,"enemies":"3 Sentries","floor":14,"turns":2},{"damage":1,"enemies":"The Guardian","floor":16,"turns":11},{"damage":0,"enemies":"Chosen","floor":18,"turns":3},{"damage":0,"enemies":"3 Byrds","floor":21,"turns":2},{"damage":24,"enemies":"Slavers","floor":24,"turns":4},{"damage":2,"enemies":"Shelled Parasite and Fungi","floor":27,"turns":3},{"damage":2,"enemies":"Centurion and Healer","floor":28,"turns":3},{"damage":0,"enemies":"Snecko","floor":29,"turns":3},{"damage":0,"enemies":"Book of Stabbing","floor":31,"turns":5},{"damage":26,"enemies":"Automaton","floor":33,"turns":9},{"damage":0,"enemies":"3 Darklings","floor":35,"turns":3},{"damage":2,"enemies":"Orb Walker","floor":36,"turns":3},{"damage":0,"enemies":"2 Orb Walkers","floor":37,"turns":3},{"damage":27,"enemies":"Maw","floor":41,"turns":9},{"damage":71,"enemies":"Nemesis","floor":42,"turns":5}],"seed_played":"727994245785760931","potions_obtained":[{"floor":4,"key":"Energy Potion"},{"floor":11,"key":"FocusPotion"},{"floor":12,"key":"Weak Potion"},{"floor":14,"key":"FearPotion"},{"floor":16,"key":"SkillPotion"},{"floor":18,"key":"SteroidPotion"},{"floor":24,"key":"AttackPotion"},{"floor":27,"key":"Regen Potion"},{"floor":28,"key":"Swift Potion"},{"floor":33,"key":"AttackPotion"},{"floor":36,"key":"PowerPotion"},{"floor":37,"key":"Explosive Potion"}],"is_trial":false,"path_per_floor":["M","?","?","M","$","E","R","M","T","M","M","M","R","E","R","B",null,"M","$","?","M","$","R","E","R","T","M","M","M","T","E","R","B",null,"M","M","?","?","?","R","M","E"],"character_chosen":"DEFECT","items_purchased":["Glacier","Loop","War Paint"],"campfire_rested":1,"item_purchase_floors":[5,19,19],"current_hp_per_floor":[75,64,64,64,64,64,64,60,60,56,56,56,56,58,58,59,75,75,75,75,75,75,75,51,73,73,73,73,75,75,85,85,59,85,85,83,85,85,75,75,64,0],"gold":647,"neow_bonus":"THREE_ENEMY_KILL","is_prod":false,"is_daily":false,"chose_seed":false,"campfire_upgraded":5,"win_rate":0,"timestamp":1546926169,"path_taken":["M","?","?","?","$","E","R","M","T","M","?","M","R","E","R","BOSS","M","$","?","M","?","R","E","R","T","M","?","M","?","E","R","BOSS","M","M","?","?","?","R","M","E"],"build_version":"2019-01-03v4","purchased_purges":2,"victory":false,"max_hp_per_floor":[75,75,75,75,75,75,75,75,75,75,75,75,75,75,75,75,75,75,75,75,75,75,75,75,75,75,75,75,75,75,85,85,85,85,85,85,85,85,85,85,85,85],"card_choices":[{"not_picked":["Leap","Steam Power"],"picked":"Loop","floor":1},{"not_picked":["Rebound","Stack"],"picked":"Coolheaded","floor":4},{"not_picked":["Leap","Glacier"],"picked":"White Noise","floor":6},{"not_picked":["Streamline","Go for the Eyes","Recycle"],"picked":"SKIP","floor":8},{"not_picked":["Reinforced Body","Leap"],"picked":"Electrodynamics","floor":10},{"not_picked":["Hologram","Sunder"],"picked":"Cold Snap","floor":11},{"not_picked":["Auto Shields","Fusion"],"picked":"Defragment","floor":12},{"not_picked":["Biased Cognition","Conserve Battery"],"picked":"Melter","floor":14},{"not_picked":["Reboot","Hyperbeam"],"picked":"Fission","floor":16},{"not_picked":[],"picked":"Doom and Gloom+1","floor":18},{"not_picked":["Beam Cell"],"picked":"SKIP","floor":21},{"not_picked":["Gash"],"picked":"SKIP","floor":24},{"not_picked":["Streamline"],"picked":"SKIP","floor":27},{"not_picked":["Cold Snap"],"picked":"SKIP","floor":28},{"not_picked":["Cold Snap"],"picked":"SKIP","floor":28},{"not_picked":[],"picked":"Leap+1","floor":29},{"not_picked":["Ball Lightning"],"picked":"SKIP","floor":31},{"not_picked":["Doom and Gloom"],"picked":"SKIP","floor":35},{"not_picked":["Reinforced Body"],"picked":"SKIP","floor":36},{"not_picked":[],"picked":"Redo","floor":37},{"not_picked":[],"picked":"Deep Breath","floor":39},{"not_picked":[],"picked":"Discovery","floor":39},{"not_picked":["Streamline"],"picked":"SKIP","floor":41}],"player_experience":269537,"relics_obtained":[{"floor":6,"key":"Anchor"},{"floor":9,"key":"Blood Vial"},{"floor":14,"key":"Dodecahedron"},{"floor":24,"key":"Symbiotic Virus"},{"floor":26,"key":"Bottled Tornado"},{"floor":31,"key":"Pear"},{"floor":37,"key":"Emotion Chip"}],"event_choices":[{"damage_healed":0,"gold_gain":75,"player_choice":"Gather Gold","damage_taken":11,"max_hp_gain":0,"max_hp_loss":0,"event_name":"World of Goop","floor":2,"gold_loss":0},{"cards_removed":["Strike_B"],"damage_healed":0,"gold_gain":0,"player_choice":"Card Removal","damage_taken":0,"max_hp_gain":0,"max_hp_loss":0,"event_name":"The Cleric","floor":3,"gold_loss":50},{"damage_healed":0,"gold_gain":0,"player_choice":"Trade","damage_taken":0,"relics_obtained":["SsserpentHead"],"max_hp_gain":0,"max_hp_loss":0,"event_name":"FaceTrader","floor":20,"gold_loss":0},{"damage_healed":0,"gold_gain":0,"player_choice":"Fight","damage_taken":0,"max_hp_gain":0,"max_hp_loss":0,"event_name":"Mysterious Sphere","floor":37,"gold_loss":0},{"cards_removed":["Loop"],"damage_healed":0,"gold_gain":0,"player_choice":"Removed Power","damage_taken":0,"max_hp_gain":0,"max_hp_loss":0,"event_name":"Falling","floor":38,"gold_loss":0},{"damage_healed":0,"gold_gain":0,"player_choice":"Memory 3","damage_taken":10,"max_hp_gain":0,"max_hp_loss":0,"event_name":"SensoryStone","floor":39,"gold_loss":0}],"is_beta":false,"boss_relics":[{"not_picked":["Snecko Eye","Calling Bell"],"picked":"Busted Crown"},{"not_picked":["Runic Pyramid","Fusion Hammer"],"picked":"Nuclear Battery"}],"items_purged_floors":[5,22],"is_endless":false,"potions_floor_spawned":[4,11,12,14,16,18,24,27,28,33,36,37],"killed_by":"Nemesis","ascension_level":3}