{"gold_per_floor":[18,37,51,71,71,71,81,92,117,117,117,129,129,129,129,228,278,294,314,348,273,286,286],"floor_reached":23,"playtime":1185,"items_purged":["Strike_R"],"score":303,"play_id":"501ccd40-9643-4e5c-bec5-63b3b7b12648","local_time":"20180803143014","is_ascension_mode":true,"campfire_choices":[{"data":"Fiend Fire","floor":6,"key":"SMITH"},{"data":"Rampage","floor":11,"key":"SMITH"},{"data":"Shrug It Off","floor":13,"key":"SMITH"},{"data":"Feel No Pain","floor":15,"key":"SMITH"}],"neow_cost":"NO_GOLD","seed_source_timestamp":4121533531686640,"circlet_count":0,"master_deck":["Strike_R","Strike_R+1","Strike_R","Defend_R","Defend_R","Defend_R+1","Defend_R+1","Bash","AscendersBane","Fiend Fire+1","Shrug It Off+1","Feel No Pain+1","Rampage+1","Fiend Fire","Evolve+1","Dual Wield","Wild Strike+1"],"relics":["Burning Blood","War Paint","Tiny House","Red Mask"],"potions_floor_usage":[8,16,16,18,20,20,22,23],"damage_taken":[{"damage":6,"enemies":"Jaw Worm","floor":1,"turns":4},{"damage":5,"enemies":"2 Louse","floor":2,"turns":3},{"damage":7,"enemies":"Small Slimes","floor":3,"turns":4},{"damage":11,"enemies":"Blue Slaver","floor":4,"turns":4},{"damage":7,"enemies":"2 Fungi Beasts","floor":7,"turns":3},{"damage":4,"enemies":"Gremlin Gang","floor":8,"turns":9},{"damage":0,"enemies":"Looter","floor":12,"turns":2},{"damage":34,"enemies":"Hexaghost","floor":16,"turns":7},{"damage":27,"enemies":"2 Thieves","floor":18,"turns":5},{"damage":15,"enemies":"3 Byrds","floor":19,"turns":7},{"damage":35,"floor":20,"turns":8},{"damage":12,"enemies":"Sentry and Sphere","floor":22,"turns":5},{"damage":30,"enemies":"Gremlin Leader","floor":23,"turns":2}],"seed_played":"2316478190830995567","potions_obtained":[{"floor":3,"key":"Ancient Potion"},{"floor":4,"key":"Fire Potion"},{"floor":7,"key":"Ancient Potion"},{"floor":8,"key":"FearPotion"},{"floor":17,"key":"Fruit Juice"},{"floor":18,"key":"SteroidPotion"},{"floor":19,"key":"Swift Potion"},{"floor":20,"key":"SpeedPotion"}],"is_trial":false,"path_per_floor":["M","M","M","M","?","R","M","M","T","?","R","M","R","?","R","B",null,"M","M","?","$","M"],"character_chosen":"IRONCLAD","items_purchased":[],"campfire_rested":0,"item_purchase_floors":[],"current_hp_per_floor":[72,73,72,67,72,72,71,73,73,73,73,79,79,79,79,51,82,66,57,28,28,22,0],"gold":286,"neow_bonus":"THREE_RARE_CARDS","is_prod":false,"is_daily":false,"chose_seed":false,"campfire_upgraded":4,"win_rate":0,"timestamp":1533299414,"path_taken":["M","M","M","M","?","R","M","M","T","?","R","M","R","?","R","BOSS","M","?","?","$","M","E"],"build_version":"2018-08-02","purchased_purges":1,"victory":false,"max_hp_per_floor":[80,80,80,80,85,85,85,85,85,85,85,85,85,85,85,85,90,95,95,95,95,95,95],"card_choices":[{"not_picked":["Limit Break","Double Tap"],"picked":"Fiend Fire","floor":0},{"not_picked":["Headbutt","Searing Blow"],"picked":"Shrug It Off","floor":1},{"not_picked":["Infernal Blade","Rupture","Blood for Blood"],"picked":"SKIP","floor":2},{"not_picked":["Thunderclap","Dual Wield","Blood for Blood"],"picked":"SKIP","floor":3},{"not_picked":["Second Wind","Infernal Blade"],"picked":"Feel No Pain","floor":4},{"not_picked":["Clothesline","Blood for Blood","Second Wind"],"picked":"SKIP","floor":7},{"not_picked":["Warcry","Dark Embrace"],"picked":"Rampage","floor":8},{"not_picked":["Heavy Blade","Warcry","Headbutt"],"picked":"SKIP","floor":12},{"not_picked":["Limit Break","Offering"],"picked":"Fiend Fire","floor":16},{"not_picked":["Cleave+1","Flex"],"picked":"Evolve+1","floor":18},{"not_picked":["Flex+1","Feel No Pain"],"picked":"Dual Wield","floor":19},{"not_picked":["Flex","Infernal Blade+1"],"picked":"Wild Strike+1","floor":22}],"player_experience":438917,"relics_obtained":[{"floor":9,"key":"War Paint"},{"floor":20,"key":"Red Mask"}],"event_choices":[{"event_name":"Big Fish","player_choice":"Donut","floor":5,"damage_taken":0},{"event_name":"Liars Game","player_choice":"disagreed","floor":10,"damage_taken":0},{"event_name":"Purifier","player_choice":"One Purge","floor":14,"damage_taken":0},{"event_name":"Masked Bandits","player_choice":"Fought over 314 gold","floor":20,"damage_taken":0}],"is_beta":false,"boss_relics":[{"not_picked":["Eternal Feather","Orrery"],"picked":"Tiny House"}],"items_purged_floors":[21],"is_endless":false,"potions_floor_spawned":[3,4,7,8,18,19,20],"killed_by":"Gremlin Leader","ascension_level":10}