{"gold_per_floor":[113,113,113,113,113,146,146,71,71,71,86,86,106,106,106,201,201,192,59,77,37,37],"floor_reached":22,"playtime":793,"items_purged":["Strike_B"],"score":349,"play_id":"ef3b5d3e-185c-4892-8079-d20bd15551aa","local_time":"20190430223202","is_ascension_mode":true,"campfire_choices":[{"floor":7,"key":"REST"},{"data":"Machine Learning","floor":10,"key":"SMITH"},{"data":"Darkness","floor":15,"key":"SMITH"}],"neow_cost":"NONE","seed_source_timestamp":1212946774389200,"circlet_count":0,"master_deck":["AscendersBane","Strike_B","Strike_B","Strike_B","Defend_B","Defend_B","Defend_B","Defend_B","Zap","Dualcast","Hologram","Machine Learning+1","Darkness+1","Doom and Gloom","Creative AI","Shame","Decay","Parasite","Coolheaded","Self Repair","Gash","Redo+1","Capacitor"],"relics":["Cracked Core","Thread and Needle","Golden Idol","Darkstone Periapt","Gambling Chip","Calling Bell","Strawberry","Mercury Hourglass","Nunchaku"],"potions_floor_usage":[],"damage_taken":[{"damage":4,"enemies":"Jaw Worm","floor":1,"turns":3},{"damage":44,"enemies":"3 Sentries","floor":6,"turns":10},{"damage":3,"enemies":"Small Slimes","floor":11,"turns":3},{"damage":0,"enemies":"2 Louse","floor":13,"turns":3},{"damage":33,"enemies":"The Guardian","floor":16,"turns":8},{"damage":35,"enemies":"2 Thieves","floor":18,"turns":4},{"damage":37,"enemies":"3 Byrds","floor":20,"turns":4},{"damage":29,"enemies":"3 Cultists","floor":22,"turns":3}],"seed_played":"1067647399810676107","potions_obtained":[{"floor":20,"key":"SteroidPotion"}],"is_trial":false,"path_per_floor":["M","?","?","?","?","E","R","$","T","R","M","?","M","?","R","B",null,"M","$","M","$","M"],"character_chosen":"DEFECT","items_purchased":["Self Repair","Gash","Capacitor"],"campfire_rested":1,"item_purchase_floors":[19,19,21],"current_hp_per_floor":[67,67,67,67,60,16,39,39,39,39,36,1,1,78,78,45,95,60,60,23,23,0],"gold":37,"neow_bonus":"TEN_PERCENT_HP_BONUS","is_prod":false,"is_daily":false,"chose_seed":false,"campfire_upgraded":2,"win_rate":0,"timestamp":1556677922,"path_taken":["M","?","?","?","?","E","R","$","T","R","?","?","M","?","R","BOSS","M","$","M","$","M"],"build_version":"2019-01-23","purchased_purges":1,"victory":false,"max_hp_per_floor":[78,78,78,78,78,78,78,78,78,78,78,78,78,78,78,78,103,103,103,103,103,103],"card_choices":[{"not_picked":["Redo","Rebound"],"picked":"Hologram","floor":1},{"not_picked":["Coolheaded","Sweeping Beam"],"picked":"Machine Learning","floor":6},{"not_picked":["Coolheaded","Undo"],"picked":"Darkness","floor":11},{"not_picked":["Conserve Battery","Lockon"],"picked":"Doom and Gloom","floor":13},{"not_picked":["All For One","Rainbow"],"picked":"Creative AI","floor":16},{"not_picked":["Sweeping Beam","Turbo"],"picked":"Coolheaded","floor":18},{"not_picked":["Stack","Auto Shields"],"picked":"Redo+1","floor":20}],"player_experience":2865072,"relics_obtained":[{"floor":6,"key":"Darkstone Periapt"},{"floor":9,"key":"Gambling Chip"},{"floor":17,"key":"Strawberry"},{"floor":17,"key":"Mercury Hourglass"},{"floor":17,"key":"Nunchaku"}],"event_choices":[{"damage_healed":0,"gold_gain":0,"player_choice":"Box","damage_taken":0,"relics_obtained":["Thread and Needle"],"max_hp_gain":0,"max_hp_loss":0,"event_name":"Big Fish","floor":2,"gold_loss":0,"cards_obtained":["Regret"]},{"damage_healed":0,"gold_gain":0,"player_choice":"Take Wound","damage_taken":0,"relics_obtained":["Golden Idol"],"max_hp_gain":0,"max_hp_loss":0,"event_name":"Golden Idol","floor":3,"gold_loss":0,"cards_obtained":["Injury"]},{"cards_removed":["Regret"],"damage_healed":0,"gold_gain":0,"player_choice":"Forget","damage_taken":0,"max_hp_gain":0,"max_hp_loss":0,"event_name":"Living Wall","floor":4,"gold_loss":0},{"cards_removed":["Injury"],"damage_healed":0,"gold_gain":0,"player_choice":"Card Removal","damage_taken":7,"max_hp_gain":0,"max_hp_loss":0,"event_name":"Golden Wing","floor":5,"gold_loss":0},{"damage_healed":0,"gold_gain":0,"player_choice":"Fled","damage_taken":35,"max_hp_gain":0,"max_hp_loss":0,"event_name":"Scrap Ooze","floor":12,"gold_loss":0},{"damage_healed":77,"gold_gain":0,"player_choice":"Full Heal","damage_taken":0,"max_hp_gain":0,"max_hp_loss":0,"event_name":"Wheel of Change","floor":14,"gold_loss":0}],"is_beta":false,"boss_relics":[{"not_picked":["Orrery","Velvet Choker"],"picked":"Calling Bell"}],"items_purged_floors":[8],"is_endless":false,"potions_floor_spawned":[20],"killed_by":"3 Cultists","ascension_level":16}