{"gold_per_floor":[115,40,40,60,80,105,105,137,137,157,157,57,57,57,57,57],"floor_reached":16,"playtime":638,"items_purged":["Strike_R","Strike_R"],"score":167,"play_id":"15bcbfee-f72b-47b2-b2c9-dd5ece1d646a","local_time":"20190510002706","is_ascension_mode":true,"campfire_choices":[{"data":"Shrug It Off","floor":7,"key":"SMITH"},{"data":"Defend_R","floor":11,"key":"SMITH"},{"floor":13,"key":"REST"},{"data":"Defend_R","floor":15,"key":"SMITH"}],"neow_cost":"TEN_PERCENT_HP_LOSS","seed_source_timestamp":3495363637373258,"circlet_count":0,"master_deck":["AscendersBane","Strike_R","Strike_R+1","Defend_R+1","Defend_R","Defend_R","Defend_R+1","Bash","Juggernaut+1","Shrug It Off+1"],"relics":["Burning Blood","Dead Branch","Shuriken","Sundial"],"potions_floor_usage":[8,10,16],"damage_taken":[{"damage":10,"enemies":"Cultist","floor":1,"turns":5},{"damage":2,"enemies":"2 Louse","floor":4,"turns":3},{"damage":13,"enemies":"Jaw Worm","floor":5,"turns":4},{"damage":32,"enemies":"Gremlin Nob","floor":6,"turns":4},{"damage":9,"enemies":"Lagavulin","floor":8,"turns":6},{"damage":2,"enemies":"2 Fungi Beasts","floor":10,"turns":5},{"damage":42,"enemies":"Slime Boss","floor":16,"turns":8}],"seed_played":"6312006309368739611","potions_obtained":[{"floor":1,"key":"Dexterity Potion"},{"floor":6,"key":"PowerPotion"},{"floor":8,"key":"GamblersBrew"},{"floor":10,"key":"Dexterity Potion"}],"is_trial":false,"path_per_floor":["M","$","?","M","M","E","R","E","T","M","R","$","R","?","R","B"],"character_chosen":"IRONCLAD","items_purchased":[],"campfire_rested":1,"item_purchase_floors":[],"current_hp_per_floor":[68,68,54,58,51,25,25,22,22,26,26,26,47,47,47,5],"gold":57,"neow_bonus":"THREE_RARE_CARDS","is_prod":false,"is_daily":false,"chose_seed":false,"campfire_upgraded":3,"win_rate":0,"timestamp":1557440826,"path_taken":["M","?","?","M","M","E","R","E","T","M","R","?","R","?","R","BOSS"],"build_version":"2019-01-23","purchased_purges":2,"victory":false,"max_hp_per_floor":[72,72,72,72,72,72,72,72,72,72,72,72,72,72,72,72],"card_choices":[{"not_picked":["Offering","Immolate"],"picked":"Juggernaut","floor":0},{"not_picked":["Spot Weakness","Blood for Blood"],"picked":"Shrug It Off","floor":1},{"not_picked":["Headbutt","Burning Pact","Body Slam"],"picked":"SKIP","floor":4},{"not_picked":["Body Slam","Sword Boomerang","Havoc"],"picked":"SKIP","floor":5},{"not_picked":["Twin Strike","Flex","Sword Boomerang"],"picked":"SKIP","floor":6},{"not_picked":["Cleave","Sword Boomerang","Corruption"],"picked":"SKIP","floor":8},{"not_picked":["Uppercut","Hemokinesis","Power Through"],"picked":"SKIP","floor":10}],"player_experience":505440,"relics_obtained":[{"floor":6,"key":"Dead Branch"},{"floor":8,"key":"Shuriken"},{"floor":9,"key":"Sundial"}],"event_choices":[{"damage_healed":0,"gold_gain":0,"player_choice":"Entered Light","damage_taken":14,"max_hp_gain":0,"max_hp_loss":0,"event_name":"Shining Light","floor":3,"gold_loss":0,"cards_upgraded":["Strike_R","Juggernaut"]},{"cards_removed":["Strike_R"],"damage_healed":0,"gold_gain":0,"player_choice":"Forget","damage_taken":0,"max_hp_gain":0,"max_hp_loss":0,"event_name":"Living Wall","floor":14,"gold_loss":0}],"is_beta":false,"boss_relics":[],"items_purged_floors":[2,12],"is_endless":false,"potions_floor_spawned":[1,6,8,10],"killed_by":"Slime Boss","ascension_level":11}