{"path_per_floor":["M","M","$","?","M","E","?","M","T","R","M","M","R","M","R"],"character_chosen":"IRONCLAD","items_purchased":["Thunderclap"],"gold_per_floor":[117,135,8,8,18,46,46,63,63,63,77,97,97,107,107,107],"floor_reached":16,"campfire_rested":0,"playtime":682,"item_purchase_floors":[3],"current_hp_per_floor":[80,74,74,79,79,65,65,67,67,67,70,68,68,61,61,0],"items_purged":["Defend_R"],"gold":107,"score":154,"play_id":"5df97289-6cd4-479e-a8a1-43ee3c4eed9c","local_time":"20180529173112","is_prod":false,"is_daily":false,"chose_seed":false,"is_ascension_mode":false,"campfire_upgraded":3,"win_rate":0,"timestamp":1527607872,"campfire_choices":[{"data":"Thunderclap","floor":10,"key":"SMITH"},{"data":"Double Tap","floor":13,"key":"SMITH"},{"data":"Perfected Strike","floor":15,"key":"SMITH"}],"path_taken":["M","M","$","?","M","E","?","M","T","R","?","M","R","M","R","BOSS"],"build_version":"2018-05-24","seed_source_timestamp":1107460371303104,"purchased_purges":1,"victory":false,"master_deck":["Strike_R","Strike_R","Strike_R","Strike_R","Strike_R","Defend_R","Defend_R","Defend_R","Bash+1","Twin Strike","Iron Wave","Thunderclap","Rupture","Perfected Strike+1","Thunderclap+1","Cleave","Double Tap+1","Perfected Strike+1"],"max_hp_per_floor":[80,80,80,85,85,85,85,85,85,85,85,85,85,85,85,85],"relics":["Burning Blood","Bag of Preparation","Regal Pillow"],"card_choices":[{"not_picked":["Headbutt","Bloodletting"],"picked":"Twin Strike","floor":1},{"not_picked":["Evolve","True Grit"],"picked":"Iron Wave","floor":2},{"not_picked":["Heavy Blade","Wild Strike"],"picked":"Rupture","floor":5},{"not_picked":["Heavy Blade","Anger"],"picked":"Perfected Strike","floor":6},{"not_picked":["Armaments","Pummel"],"picked":"Thunderclap","floor":8},{"not_picked":["Anger","Headbutt"],"picked":"Cleave","floor":11},{"not_picked":["Battle Trance","Wild Strike"],"picked":"Double Tap","floor":12},{"not_picked":["Heavy Blade","Wild Strike"],"picked":"Perfected Strike","floor":14}],"player_experience":32762,"potions_floor_usage":[16,16],"damage_taken":[{"damage":2,"enemies":"2 Louse","floor":1,"turns":3},{"damage":12,"enemies":"Small Slimes","floor":2,"turns":3},{"damage":6,"enemies":"Jaw Worm","floor":5,"turns":2},{"damage":20,"enemies":"Gremlin Nob","floor":6,"turns":4},{"damage":4,"enemies":"Gremlin Gang","floor":8,"turns":4},{"damage":3,"enemies":"3 Louse","floor":11,"turns":2},{"damage":8,"enemies":"Red Slaver","floor":12,"turns":3},{"damage":13,"enemies":"Exordium Thugs","floor":14,"turns":3}],"relics_obtained":[{"floor":6,"key":"Bag of Preparation"},{"floor":9,"key":"Regal Pillow"}],"event_choices":[{"event_name":"Big Fish","player_choice":"Donut","floor":4,"damage_taken":0},{"event_name":"Upgrade Shrine","player_choice":"Upgraded","floor":7,"damage_taken":0}],"boss_relics":[],"items_purged_floors":[3],"potions_floor_spawned":[6,11,12],"seed_played":"5094942021873166434","killed_by":"The Guardian","ascension_level":0,"potions_obtained":[{"floor":6,"key":"Ancient Potion"},{"floor":11,"key":"FearPotion"},{"floor":12,"key":"Swift Potion"}],"is_trial":false}