{"gold_per_floor":[110,35,35,48,64,64,64,64,91,91,116,66,80,107,107,209,209,229,244,244,244,144,144,158,158,212,87,87,107,117,149,149,149],"floor_reached":33,"playtime":1094,"items_purged":["Strike_R","Strike_R","Defend_R"],"score":263,"play_id":"311b934d-f922-4846-9170-9a1ced677241","local_time":"20190521224915","is_ascension_mode":false,"campfire_choices":[{"data":"Bash","floor":6.0,"key":"SMITH"},{"data":"Clash","floor":8.0,"key":"SMITH"},{"floor":10.0,"key":"REST"},{"data":"Defend_R","floor":15.0,"key":"SMITH"},{"floor":23.0,"key":"REST"},{"floor":25,"key":"REST"},{"data":"Defend_R","floor":28,"key":"SMITH"},{"floor":32,"key":"REST"}],"neow_cost":"PERCENT_DAMAGE","seed_source_timestamp":467523824153879,"circlet_count":0,"master_deck":["Strike_R","Strike_R+1","Defend_R+1","Defend_R+1","Defend_R+1","Bash+1","Clash+1"],"special_seed":0,"relics":["Burning Blood","Calipers","Anchor","Blood Vial","Odd Mushroom","Lizard Tail","Potion Belt","Centennial Puzzle"],"potions_floor_usage":[24,31,31,31,33],"damage_taken":[{"damage":6.0,"enemies":"Cultist","floor":1.0,"turns":3.0},{"damage":0.0,"enemies":"Small Slimes","floor":4.0,"turns":2.0},{"damage":0.0,"enemies":"Jaw Worm","floor":5.0,"turns":3.0},{"damage":28.0,"enemies":"Lagavulin","floor":11.0,"turns":6.0},{"damage":0.0,"enemies":"3 Louse","floor":13.0,"turns":3.0},{"damage":8.0,"enemies":"The Mushroom Lair","floor":14.0,"turns":4.0},{"damage":48.0,"enemies":"Hexaghost","floor":16.0,"turns":10.0},{"damage":20.0,"enemies":"Chosen","floor":18.0,"turns":7.0},{"damage":39.0,"enemies":"3 Byrds","floor":19.0,"turns":8.0},{"damage":22,"enemies":"Cultist and Chosen","floor":24,"turns":9},{"damage":0,"enemies":"Centurion and Healer","floor":29,"turns":10},{"damage":4,"enemies":"Snecko","floor":30,"turns":6},{"damage":38,"enemies":"Slavers","floor":31,"turns":7},{"damage":146,"enemies":"Collector","floor":33,"turns":17}],"seed_played":"-3513593515487364737","potions_obtained":[{"floor":4.0,"key":"Swift Potion"},{"floor":11.0,"key":"Swift Potion"},{"floor":14.0,"key":"SkillPotion"},{"floor":19.0,"key":"Poison Potion"},{"floor":21.0,"key":"Fruit Juice"},{"floor":21.0,"key":"Strength Potion"},{"floor":21.0,"key":"Ancient Potion"},{"floor":29,"key":"PowerPotion"},{"floor":30,"key":"EssenceOfSteel"}],"is_trial":false,"path_per_floor":["M","$","?","M","M","R","$","R","T","R","E","?","M","?","R","B",null,"M","M","?","?","$","R","M","R","T","$","R","M","M","E","R","B"],"character_chosen":"IRONCLAD","items_purchased":[],"campfire_rested":4,"item_purchase_floors":[],"current_hp_per_floor":[56,56,40,46,52,52,52,52,52,76,54,54,62,62,62,22,80,66,35,35,40,40,65,51,76,76,76,76,84,85,53,78,0],"gold":149,"neow_bonus":"ONE_RARE_RELIC","is_prod":false,"is_daily":false,"chose_seed":false,"campfire_upgraded":4,"win_rate":0,"timestamp":1558450155,"path_taken":["M","$","?","M","M","R","$","R","T","R","E","?","?","?","R","BOSS","M","M","?","?","$","R","M","R","T","$","R","M","?","E","R","BOSS"],"build_version":"2019-01-23","purchased_purges":3,"victory":false,"max_hp_per_floor":[80,80,80,80,80,80,80,80,80,80,80,80,80,80,80,80,80,80,80,80,85,85,85,85,85,85,85,85,85,85,85,85,85],"card_choices":[{"not_picked":["Cleave","Intimidate"],"picked":"Clash","floor":1.0},{"not_picked":["Infernal Blade","Cleave","Clothesline"],"picked":"SKIP","floor":4.0},{"not_picked":["Flame Barrier","Power Through","Searing Blow"],"picked":"SKIP","floor":5.0},{"not_picked":["Flame Barrier","Power Through","Searing Blow"],"picked":"SKIP","floor":5.0},{"not_picked":["Clash","Headbutt","Flex"],"picked":"SKIP","floor":11.0},{"not_picked":["Sword Boomerang","Anger","Power Through"],"picked":"SKIP","floor":13.0},{"not_picked":["Pommel Strike","Thunderclap+1","Perfected Strike+1"],"picked":"SKIP","floor":18.0},{"not_picked":["Warcry+1","Hemokinesis","Anger"],"picked":"SKIP","floor":19.0},{"not_picked":["Warcry","Armaments","Perfected Strike"],"picked":"SKIP","floor":24},{"not_picked":["Warcry","True Grit","Havoc"],"picked":"SKIP","floor":29},{"not_picked":["Sever Soul+1","Pommel Strike","Berserk"],"picked":"SKIP","floor":30},{"not_picked":["Evolve","Intimidate","Carnage"],"picked":"SKIP","floor":31}],"player_experience":554943,"relics_obtained":[{"floor":9.0,"key":"Anchor"},{"floor":11.0,"key":"Blood Vial"},{"floor":14.0,"key":"Odd Mushroom"},{"floor":26,"key":"Potion Belt"},{"floor":31,"key":"Centennial Puzzle"}],"event_choices":[{"damage_healed":0.0,"max_hp_gain":0.0,"max_hp_loss":0.0,"gold_gain":0.0,"event_name":"Shining Light","player_choice":"Entered Light","floor":3.0,"gold_loss":0.0,"damage_taken":16.0,"cards_upgraded":["Defend_R","Strike_R"]},{"cards_removed":["Strike_R"],"damage_healed":0.0,"max_hp_gain":0.0,"max_hp_loss":0.0,"gold_gain":0.0,"event_name":"The Cleric","player_choice":"Card Removal","floor":12.0,"gold_loss":50.0,"damage_taken":0.0},{"damage_healed":0.0,"max_hp_gain":0.0,"max_hp_loss":0.0,"gold_gain":0.0,"event_name":"Mushrooms","player_choice":"Fought Mushrooms","floor":14.0,"gold_loss":0.0,"damage_taken":0.0},{"damage_healed":0.0,"max_hp_gain":0.0,"max_hp_loss":0.0,"gold_gain":0.0,"event_name":"Cursed Tome","player_choice":"Ignored","floor":20.0,"gold_loss":0.0,"damage_taken":0.0},{"damage_healed":0.0,"max_hp_gain":0.0,"max_hp_loss":0.0,"gold_gain":0.0,"event_name":"Lab","player_choice":"Got Potions","floor":21.0,"gold_loss":0.0,"damage_taken":0.0}],"is_beta":false,"boss_relics":[{"not_picked":["Runic Pyramid","Fusion Hammer"],"picked":"Lizard Tail"}],"items_purged_floors":[2,22,27],"is_endless":false,"potions_floor_spawned":[4,11,14,19,29,30],"killed_by":"Collector","ascension_level":0}