{"gold_per_floor":[112,37,48,48,61,61,91,91,91,118,118,148,168,197,197,268,268,288,301,313,10,10,10,24,24,24,24,51,51,51,64,64,136,136,148,20,33,47,47,47,73,89,160,60,95,95,95,95,95,95],"floor_reached":51,"playtime":3245,"items_purged":["Strike_G","Strike_G","Strike_G"],"score":1425,"play_id":"f88557c8-57e2-4ad4-a06a-032a3dff48bb","local_time":"20190521102843","is_ascension_mode":true,"campfire_choices":[{"data":"Poisoned Stab","floor":6,"key":"SMITH"},{"floor":8,"key":"REST"},{"floor":11,"key":"REST"},{"floor":15,"key":"REST"},{"floor":23,"key":"REST"},{"floor":25,"key":"REST"},{"floor":30,"key":"REST"},{"floor":32,"key":"REST"},{"floor":40,"key":"REST"},{"floor":47,"key":"REST"},{"floor":49,"key":"REST"}],"neow_cost":"NONE","seed_source_timestamp":54816415058206,"circlet_count":0,"master_deck":["AscendersBane","Defend_G","Defend_G","Defend_G","Defend_G","Defend_G","Strike_G","Survivor","Neutralize","Cloak And Dagger","Poisoned Stab+1","Catalyst","Dagger Spray","Poisoned Stab","Burst","Night Terror","Crippling Poison","Backflip","After Image","Decay","PiercingWail","Cloak And Dagger","Backflip","Corpse Explosion","Well Laid Plans+1","Distraction+1","Crippling Poison+1","Well Laid Plans+1"],"relics":["Ring of the Snake","NeowsBlessing","Shuriken","Dead Branch","Boot","The Courier","Fusion Hammer","Kunai","Gremlin Horn","Regal Pillow","Busted Crown","Anchor","Potion Belt","Ninja Scroll","Ancient Tea Set"],"potions_floor_usage":[10,16,39,42,45,45],"damage_taken":[{"damage":0,"enemies":"2 Louse","floor":1,"turns":1},{"damage":0,"enemies":"Cultist","floor":3,"turns":1},{"damage":0,"enemies":"Jaw Worm","floor":5,"turns":1},{"damage":52,"enemies":"3 Sentries","floor":7,"turns":15},{"damage":11,"enemies":"Lagavulin","floor":10,"turns":7},{"damage":0,"enemies":"Blue Slaver","floor":13,"turns":4},{"damage":13,"enemies":"3 Sentries","floor":14,"turns":5},{"damage":21,"enemies":"Slime Boss","floor":16,"turns":12},{"damage":7,"enemies":"Chosen","floor":18,"turns":4},{"damage":24,"enemies":"Spheric Guardian","floor":19,"turns":6},{"damage":11,"enemies":"3 Cultists","floor":20,"turns":4},{"damage":11,"enemies":"Shelled Parasite and Fungi","floor":24,"turns":8},{"damage":22,"enemies":"Book of Stabbing","floor":28,"turns":7},{"damage":18,"enemies":"Centurion and Healer","floor":31,"turns":8},{"damage":48,"enemies":"Champ","floor":33,"turns":18},{"damage":7,"enemies":"3 Shapes","floor":35,"turns":3},{"damage":5,"enemies":"3 Darklings","floor":37,"turns":4},{"damage":16,"enemies":"Sphere and 2 Shapes","floor":38,"turns":10},{"damage":0,"enemies":"Writhing Mass","floor":39,"turns":3},{"damage":7,"enemies":"Nemesis","floor":41,"turns":5},{"damage":0,"enemies":"Transient","floor":42,"turns":6},{"damage":27,"enemies":"Reptomancer","floor":45,"turns":6},{"damage":55,"enemies":"Donu and Deca","floor":50,"turns":5}],"seed_played":"-3318671321004229213","potions_obtained":[{"floor":7,"key":"Ancient Potion"},{"floor":13,"key":"Block Potion"},{"floor":14,"key":"Weak Potion"},{"floor":19,"key":"SteroidPotion"},{"floor":28,"key":"SmokeBomb"},{"floor":33,"key":"Poison Potion"},{"floor":41,"key":"EssenceOfSteel"},{"floor":42,"key":"Block Potion"}],"is_trial":false,"path_per_floor":["M","$","M","?","M","R","E","R","T","E","R","?","M","E","R","B",null,"M","M","M","$","?","R","M","R","T","?","E","?","R","M","R","B",null,"M","$","M","M","M","R","E","M","T","$","E","?","R","?","R","B",null],"character_chosen":"THE_SILENT","items_purchased":["Kunai","Anchor"],"campfire_rested":10,"item_purchase_floors":[21,36],"current_hp_per_floor":[59,59,59,59,59,59,7,26,26,15,34,34,34,21,40,19,54,47,23,12,12,12,31,20,39,39,39,17,17,51,33,66,18,54,47,47,42,26,26,60,53,53,53,53,26,26,60,60,66,11],"gold":95,"neow_bonus":"THREE_ENEMY_KILL","is_prod":false,"is_daily":false,"chose_seed":false,"campfire_upgraded":1,"win_rate":0,"timestamp":1558452523,"path_taken":["M","$","M","?","?","R","E","R","T","E","R","?","M","E","R","BOSS","M","M","M","$","?","R","M","R","T","?","E","?","R","M","R","BOSS","M","$","M","M","M","R","E","M","T","$","E","?","R","?","R","BOSS"],"build_version":"2019-01-23","purchased_purges":3,"victory":true,"max_hp_per_floor":[66,66,66,66,66,66,66,66,66,66,66,66,66,66,66,66,66,66,66,66,66,66,66,66,66,66,66,66,66,66,66,66,66,66,66,66,66,66,66,66,66,66,66,66,66,66,66,66,66,66],"card_choices":[{"not_picked":["Outmaneuver","Acrobatics"],"picked":"Cloak And Dagger","floor":1},{"not_picked":["Outmaneuver","Predator"],"picked":"Poisoned Stab","floor":3},{"not_picked":["Dash","Riddle With Holes"],"picked":"Catalyst","floor":5},{"not_picked":["Calculated Gamble","Well Laid Plans"],"picked":"Dagger Spray","floor":7},{"not_picked":["Underhanded Strike","Sucker Punch","Outmaneuver"],"picked":"SKIP","floor":10},{"not_picked":["Dagger Spray","Acrobatics"],"picked":"Poisoned Stab","floor":13},{"not_picked":["Choke","Die Die Die"],"picked":"Burst","floor":14},{"not_picked":["Doppelganger","Unload"],"picked":"Night Terror","floor":16},{"not_picked":["Acrobatics","Bane"],"picked":"Crippling Poison","floor":18},{"not_picked":["Sucker Punch","Dodge and Roll"],"picked":"Backflip","floor":19},{"not_picked":["Reflex","Bane"],"picked":"After Image","floor":20},{"not_picked":["Endless Agony","Heel Hook+1"],"picked":"PiercingWail","floor":24},{"not_picked":["Acrobatics","Quick Slash+1"],"picked":"Cloak And Dagger","floor":28},{"not_picked":["Bane","All Out Attack"],"picked":"Backflip","floor":31},{"not_picked":["Glass Knife","Wraith Form v2"],"picked":"Corpse Explosion","floor":33},{"not_picked":[],"picked":"Well Laid Plans+1","floor":35},{"not_picked":["Acrobatics"],"picked":"SKIP","floor":37},{"not_picked":[],"picked":"Distraction+1","floor":38},{"not_picked":["Dagger Spray"],"picked":"SKIP","floor":41},{"not_picked":["Sucker Punch"],"picked":"SKIP","floor":42},{"not_picked":[],"picked":"Crippling Poison+1","floor":45}],"player_experience":707739,"relics_obtained":[{"floor":7,"key":"Shuriken"},{"floor":9,"key":"Dead Branch"},{"floor":10,"key":"Boot"},{"floor":14,"key":"The Courier"},{"floor":26,"key":"Gremlin Horn"},{"floor":28,"key":"Regal Pillow"},{"floor":41,"key":"Potion Belt"},{"floor":43,"key":"Ninja Scroll"},{"floor":45,"key":"Ancient Tea Set"}],"event_choices":[{"cards_removed":["Strike_G"],"damage_healed":0,"gold_gain":0,"player_choice":"Purged","damage_taken":0,"max_hp_gain":0,"max_hp_loss":0,"event_name":"Purifier","floor":4,"gold_loss":0},{"damage_healed":0,"gold_gain":30,"player_choice":"Searched \u00271\u0027 times","damage_taken":0,"max_hp_gain":0,"max_hp_loss":0,"event_name":"Dead Adventurer","floor":12,"gold_loss":0},{"damage_healed":0,"gold_gain":0,"player_choice":"Smashed Altar","damage_taken":0,"max_hp_gain":0,"max_hp_loss":0,"event_name":"Forgotten Altar","floor":22,"gold_loss":0,"cards_obtained":["Decay"]},{"damage_healed":0,"gold_gain":0,"player_choice":"Ignored","damage_taken":0,"max_hp_gain":0,"max_hp_loss":0,"event_name":"Beggar","floor":27,"gold_loss":0},{"damage_healed":0,"gold_gain":0,"player_choice":"Ignored","damage_taken":0,"max_hp_gain":0,"max_hp_loss":0,"event_name":"Vampires","floor":29,"gold_loss":0},{"damage_healed":0,"gold_gain":0,"player_choice":"Memory 1","damage_taken":0,"max_hp_gain":0,"max_hp_loss":0,"event_name":"SensoryStone","floor":46,"gold_loss":0},{"damage_healed":0,"gold_gain":0,"player_choice":"Copied","damage_taken":0,"max_hp_gain":0,"max_hp_loss":0,"event_name":"Duplicator","floor":48,"gold_loss":0,"cards_obtained":["Well Laid Plans"]}],"is_beta":false,"boss_relics":[{"not_picked":["Pandora\u0027s Box","Coffee Dripper"],"picked":"Fusion Hammer"},{"not_picked":["HoveringKite","Eternal Feather"],"picked":"Busted Crown"}],"items_purged_floors":[2,21,44],"is_endless":false,"potions_floor_spawned":[7,13,14,19,28,33,38,39,41,42],"ascension_level":19}