{"path_per_floor":["M","$","?","M","M","R","$","R","T","R","E","?","?","M","R","B",null,"M","M","?","?","?","R","$","R","T","$","?","R","M","T","R","B",null,"M","?","$","M","?","E","R","?","T","R","E","M","?","M","R","B"],"character_chosen":"IRONCLAD","items_purchased":["Singing Bowl"],"gold_per_floor":[110,35,35,54,66,66,66,66,66,66,94,94,94,104,104,204,204,216,233,233,233,233,233,133,133,133,8,8,8,22,47,47,149,149,159,159,10,21,71,99,99,399,424,424,454,468,468,486,486,486],"floor_reached":51,"campfire_rested":3,"playtime":2192,"item_purchase_floors":[37],"current_hp_per_floor":[80,80,73,70,75,75,75,75,75,75,65,70,70,76,76,30,71,62,68,68,68,68,68,68,68,68,68,68,68,58,58,85,77,83,71,60,60,64,26,30,30,30,30,71,54,58,58,51,95,70],"items_purged":["Strike_R","Defend_R","Defend_R"],"gold":486,"score":940,"play_id":"f188e207-6c14-47fb-a16c-1962958c5e94","local_time":"20180609120022","is_prod":false,"is_daily":false,"chose_seed":false,"is_ascension_mode":true,"campfire_upgraded":8,"win_rate":0,"timestamp":1528538422,"campfire_choices":[{"data":"Thunderclap","floor":6,"key":"SMITH"},{"data":"Bash","floor":8,"key":"SMITH"},{"data":"Strike_R","floor":10,"key":"SMITH"},{"data":"Defend_R","floor":15,"key":"SMITH"},{"data":"Double Tap","floor":23,"key":"SMITH"},{"data":"Shrug It Off","floor":25,"key":"SMITH"},{"data":"Rampage","floor":29,"key":"SMITH"},{"floor":32,"key":"REST"},{"data":"Offering","floor":41,"key":"SMITH"},{"floor":44,"key":"REST"},{"floor":49,"key":"REST"}],"path_taken":["M","$","?","M","?","R","$","R","T","R","E","?","?","M","R","BOSS","M","M","?","?","?","R","$","R","T","?","?","R","M","?","R","BOSS","M","?","$","M","?","E","R","?","T","R","E","M","?","?","R","BOSS"],"build_version":"2018-06-07v3","seed_source_timestamp":2036524117639725,"purchased_purges":3,"victory":true,"master_deck":["Strike_R+1","Strike_R+1","Strike_R+1","Defend_R+1","Bash+1","Thunderclap+1","Double Tap+1","Shrug It Off+1","Rampage+1","Offering+1","Pommel Strike+1","Madness","Madness","Rage+1","Panache","Flame Barrier+1"],"max_hp_per_floor":[80,80,80,80,80,80,80,80,80,80,80,85,85,85,85,85,85,85,85,85,85,85,85,85,85,85,85,85,85,85,85,85,85,85,85,85,85,87,87,89,89,89,89,89,91,93,93,93,95,95],"relics":["Burning Blood","Regal Pillow","Whetstone","Sozu","Lantern","Ancient Tea Set","Runic Cube","Singing Bowl","Champion Belt","Thread and Needle","Orichalcum","Dream Catcher"],"card_choices":[{"not_picked":["Rupture","Flex"],"picked":"Thunderclap","floor":1},{"not_picked":["Heavy Blade","Burning Pact","Entrench"],"picked":"SKIP","floor":4},{"not_picked":["Havoc","Flex","Body Slam"],"picked":"SKIP","floor":5},{"not_picked":["Spot Weakness","Uppercut","Berserk"],"picked":"SKIP","floor":11},{"not_picked":["Headbutt","Entrench","Hemokinesis"],"picked":"SKIP","floor":14},{"not_picked":["Bludgeon","Barricade"],"picked":"Double Tap","floor":16},{"not_picked":["Carnage+1","Warcry","Armaments+1"],"picked":"SKIP","floor":18},{"not_picked":["Armaments","Burning Pact+1"],"picked":"Shrug It Off","floor":19},{"not_picked":["Power Through","Twin Strike+1","Combust"],"picked":"SKIP","floor":30},{"not_picked":["Bludgeon","Feed"],"picked":"Offering","floor":33},{"not_picked":["Perfected Strike+1","Searing Blow"],"picked":"Pommel Strike+1","floor":35},{"not_picked":["Whirlwind+1","Pummel","Dual Wield"],"picked":"Singing Bowl","floor":38},{"not_picked":["Headbutt","Body Slam+1"],"picked":"Rage+1","floor":39},{"not_picked":["Armaments+1","Body Slam","Combust+1"],"picked":"Singing Bowl","floor":40},{"not_picked":["Sentinel","Thunderclap","Havoc"],"picked":"Singing Bowl","floor":45},{"not_picked":["Carnage+1","Disarm","Anger"],"picked":"Singing Bowl","floor":46},{"not_picked":["Deep Breath","Transmutation"],"picked":"Panache","floor":47},{"not_picked":["Ghostly Armor+1","True Grit+1"],"picked":"Flame Barrier+1","floor":48},{"not_picked":["Body Slam+1","Heavy Blade+1","Combust"],"picked":"Singing Bowl","floor":49}],"player_experience":274047,"potions_floor_usage":[11,16,30],"damage_taken":[{"damage":0,"enemies":"Small Slimes","floor":1,"turns":4},{"damage":9,"enemies":"Jaw Worm","floor":4,"turns":4},{"damage":1,"enemies":"Cultist","floor":5,"turns":3},{"damage":16,"enemies":"3 Sentries","floor":11,"turns":6},{"damage":0,"enemies":"Large Slime","floor":14,"turns":3},{"damage":52,"enemies":"Slime Boss","floor":16,"turns":10},{"damage":15,"enemies":"Shell Parasite","floor":18,"turns":4},{"damage":0,"enemies":"Spheric Guardian","floor":19,"turns":3},{"damage":16,"enemies":"Snake Plant","floor":30,"turns":3},{"damage":14,"enemies":"Collector","floor":33,"turns":5},{"damage":18,"enemies":"3 Darklings","floor":35,"turns":3},{"damage":4,"enemies":"3 Shapes","floor":38,"turns":4},{"damage":44,"floor":39,"turns":4},{"damage":4,"enemies":"Giant Head","floor":40,"turns":6},{"damage":25,"enemies":"Nemesis","floor":45,"turns":5},{"damage":4,"enemies":"Sphere and 2 Shapes","floor":46,"turns":3},{"damage":13,"enemies":"Maw","floor":48,"turns":5},{"damage":31,"enemies":"Donu and Deca","floor":50,"turns":7}],"relics_obtained":[{"floor":9,"key":"Regal Pillow"},{"floor":11,"key":"Whetstone"},{"floor":26,"key":"Lantern"},{"floor":31,"key":"Ancient Tea Set"},{"floor":39,"key":"Champion Belt"},{"floor":40,"key":"Thread and Needle"},{"floor":43,"key":"Orichalcum"},{"floor":45,"key":"Dream Catcher"}],"event_choices":[{"event_name":"Golden Wing","player_choice":"Card Removal","floor":3,"damage_taken":0},{"event_name":"Big Fish","player_choice":"Donut","floor":12,"damage_taken":0},{"event_name":"Living Wall","player_choice":"Forget","floor":13,"damage_taken":0},{"event_name":"The Woman in Blue","player_choice":"Bought 0 Potions","floor":20,"damage_taken":0},{"event_name":"Match and Keep!","player_choice":"0 cards matched","floor":21,"damage_taken":0},{"event_name":"Ghosts","player_choice":"Ignored","floor":22,"damage_taken":0},{"event_name":"The Library","player_choice":"Read","floor":28,"damage_taken":0},{"event_name":"Winding Halls","player_choice":"Embrace Madness","floor":36,"damage_taken":0},{"event_name":"Mysterious Sphere","player_choice":"Fight","floor":39,"damage_taken":0},{"event_name":"Wheel of Change","player_choice":"Gold","floor":42,"damage_taken":0},{"event_name":"SensoryStone","player_choice":"Memory 1","floor":47,"damage_taken":0}],"boss_relics":[{"not_picked":["Pandora\u0027s Box","Tiny House"],"picked":"Sozu"},{"not_picked":["White Beast Statue","Runic Dome"],"picked":"Runic Cube"}],"items_purged_floors":[2,24,27],"potions_floor_spawned":[1,11,16,33,35,46,48],"seed_played":"893426087784766070","ascension_level":5,"potions_obtained":[{"floor":1,"key":"Energy Potion"},{"floor":11,"key":"LiquidBronze"},{"floor":16,"key":"PowerPotion"}],"is_trial":false}