{"gold_per_floor":[13,25,25,25,100,100,120,145,145,145,165,105,105,129,129,248,248,272,371,371,138,154,154,170,170,222,222,236,36,76,95,95,215,215,240,265,145,0,24,38,38],"floor_reached":41,"playtime":3241,"items_purged":["Strike_R","Bash+1","Strike_R","Headbutt"],"score":475,"play_id":"5095be5b-48d5-4d8e-9928-5b9f709d21f1","local_time":"20181210010342","is_ascension_mode":true,"campfire_choices":[{"data":"Bash","floor":6,"key":"SMITH"},{"data":"Feed","floor":13,"key":"SMITH"},{"floor":15,"key":"REST"},{"data":"Juggernaut","floor":23,"key":"SMITH"},{"floor":27,"key":"REST"},{"data":"Body Slam","floor":32,"key":"SMITH"}],"neow_cost":"NO_GOLD","seed_source_timestamp":283744307992602,"circlet_count":0,"master_deck":["Defend_R","Defend_R","Defend_R","Defend_R","Feed+1","Metallicize","Juggernaut+1","Madness","Purity","Armaments+1","Shrug It Off","Combust","Body Slam+1","Juggernaut","Juggernaut","Shrug It Off"],"relics":["Burning Blood","The Courier","Golden Idol","Empty Cage","Nloth\u0027s Gift","Anchor","Pear","Eternal Feather","Red Mask"],"potions_floor_usage":[16,18,35,35,36,41],"damage_taken":[{"damage":4,"enemies":"2 Louse","floor":1,"turns":3},{"damage":0,"enemies":"Small Slimes","floor":2,"turns":3},{"damage":1,"enemies":"Cultist","floor":7,"turns":3},{"damage":9,"enemies":"Blue Slaver","floor":8,"turns":3},{"damage":13,"enemies":"Gremlin Gang","floor":11,"turns":5},{"damage":15,"enemies":"Looter","floor":14,"turns":3},{"damage":23,"enemies":"Slime Boss","floor":16,"turns":7},{"damage":26,"enemies":"Shell Parasite","floor":18,"turns":9},{"damage":28,"enemies":"3 Byrds","floor":22,"turns":6},{"damage":24,"enemies":"Snake Plant","floor":24,"turns":4},{"damage":8,"enemies":"Snecko","floor":28,"turns":7},{"damage":24,"enemies":"Book of Stabbing","floor":30,"turns":6},{"damage":6,"enemies":"Cultist and Chosen","floor":31,"turns":5},{"damage":60,"enemies":"Automaton","floor":33,"turns":10},{"damage":12,"enemies":"3 Shapes","floor":35,"turns":3},{"damage":55,"enemies":"3 Darklings","floor":36,"turns":6},{"damage":38,"enemies":"Transient","floor":39,"turns":5},{"damage":41,"enemies":"Sphere and 2 Shapes","floor":40,"turns":6},{"damage":19,"enemies":"Maw","floor":41,"turns":2}],"seed_played":"-6939991963063371928","potions_obtained":[{"floor":8,"key":"PowerPotion"},{"floor":11,"key":"Strength Potion"},{"floor":14,"key":"EssenceOfSteel"},{"floor":30,"key":"GamblersBrew"},{"floor":33,"key":"Fire Potion"},{"floor":35,"key":"AttackPotion"}],"is_trial":false,"path_per_floor":["M","M","?","?","?","R","M","M","T","?","M","$","R","M","R","B",null,"M","?","?","$","M","R","M","?","T","R","M","$","E","M","R","B",null,"M","M","$","?","M","M","M"],"character_chosen":"IRONCLAD","items_purchased":["Madness","Purity","Shrug It Off","Combust"],"campfire_rested":2,"item_purchase_floors":[21,21,29,29],"current_hp_per_floor":[83,86,79,58,47,47,55,55,55,55,51,51,51,46,75,62,103,87,87,87,87,69,69,55,55,55,89,91,91,83,83,83,29,129,123,74,74,74,42,11,0],"gold":38,"neow_bonus":"THREE_RARE_CARDS","is_prod":false,"is_daily":false,"chose_seed":false,"campfire_upgraded":4,"win_rate":0,"timestamp":1544425422,"path_taken":["M","M","?","?","?","R","M","M","T","?","M","$","R","M","R","BOSS","M","?","?","$","?","R","M","?","T","R","M","$","E","M","R","BOSS","M","?","$","?","M","M","M"],"build_version":"2018-12-06","purchased_purges":4,"victory":false,"max_hp_per_floor":[83,86,86,86,86,86,89,92,92,92,95,95,95,99,99,103,103,107,107,107,107,111,111,115,115,115,115,119,119,129,129,129,129,129,129,129,129,129,129,133,133],"card_choices":[{"not_picked":["Impervious","Brutality"],"picked":"Feed","floor":0},{"not_picked":["Perfected Strike","Clash","Heavy Blade"],"picked":"SKIP","floor":1},{"not_picked":["Hemokinesis","Heavy Blade"],"picked":"Headbutt","floor":2},{"not_picked":["Twin Strike","Pommel Strike","Anger"],"picked":"SKIP","floor":7},{"not_picked":["Armaments","True Grit","Clothesline"],"picked":"SKIP","floor":8},{"not_picked":["Perfected Strike","Heavy Blade","Brutality"],"picked":"SKIP","floor":11},{"not_picked":["Bloodletting","Infernal Blade"],"picked":"Metallicize","floor":14},{"not_picked":["Barricade","Dark Embrace"],"picked":"Juggernaut","floor":16},{"not_picked":["Perfected Strike","Thunderclap","True Grit+1"],"picked":"SKIP","floor":18},{"not_picked":["Perfected Strike","Offering"],"picked":"Armaments+1","floor":22},{"not_picked":["Rupture","Cleave+1","Entrench+1"],"picked":"SKIP","floor":24},{"not_picked":["Anger","Cleave","Burning Pact"],"picked":"SKIP","floor":28},{"not_picked":["Iron Wave","Bludgeon"],"picked":"Body Slam","floor":30},{"not_picked":["Clash","Anger"],"picked":"Juggernaut","floor":31},{"not_picked":["Limit Break","Bludgeon"],"picked":"Juggernaut","floor":33},{"not_picked":["Rage","Intimidate+1","Perfected Strike+1"],"picked":"SKIP","floor":35},{"not_picked":["Clothesline+1","Twin Strike","Thunderclap"],"picked":"SKIP","floor":36},{"not_picked":["Perfected Strike","Thunderclap+1"],"picked":"Shrug It Off","floor":39},{"not_picked":["True Grit","Clothesline+1","Warcry"],"picked":"SKIP","floor":40}],"player_experience":147146,"relics_obtained":[{"floor":9,"key":"Ornamental Fan"},{"floor":26,"key":"Anchor"},{"floor":30,"key":"Pear"}],"event_choices":[{"damage_healed":0,"gold_gain":0,"player_choice":"Success","damage_taken":7,"relics_obtained":["The Courier"],"max_hp_gain":0,"max_hp_loss":0,"event_name":"Scrap Ooze","floor":3,"gold_loss":0},{"damage_healed":0,"gold_gain":0,"player_choice":"Take Damage","damage_taken":21,"relics_obtained":["Golden Idol"],"max_hp_gain":0,"max_hp_loss":0,"event_name":"Golden Idol","floor":4,"gold_loss":0},{"damage_healed":0,"gold_gain":75,"player_choice":"Gather Gold","damage_taken":11,"max_hp_gain":0,"max_hp_loss":0,"event_name":"World of Goop","floor":5,"gold_loss":0},{"cards_removed":["Strike_R"],"damage_healed":0,"gold_gain":0,"player_choice":"Forget","damage_taken":0,"max_hp_gain":0,"max_hp_loss":0,"event_name":"Living Wall","floor":10,"gold_loss":0},{"damage_healed":0,"gold_gain":99,"player_choice":"Stole From Cult","damage_taken":0,"max_hp_gain":0,"max_hp_loss":0,"event_name":"Nest","floor":19,"gold_loss":0},{"damage_healed":0,"gold_gain":0,"player_choice":"Traded Relic","damage_taken":0,"relics_obtained":["Nloth\u0027s Gift"],"max_hp_gain":0,"max_hp_loss":0,"event_name":"N\u0027loth","floor":20,"relics_lost":["Ornamental Fan"],"gold_loss":0},{"damage_healed":0,"gold_gain":0,"player_choice":"Bought 0 Potions","damage_taken":0,"max_hp_gain":0,"max_hp_loss":0,"event_name":"The Woman in Blue","floor":25,"gold_loss":0},{"damage_healed":0,"gold_gain":0,"player_choice":"Paid","damage_taken":0,"relics_obtained":["Red Mask"],"max_hp_gain":0,"max_hp_loss":0,"event_name":"Tomb of Lord Red Mask","floor":38,"gold_loss":145}],"is_beta":false,"boss_relics":[{"not_picked":["Velvet Choker","Astrolabe"],"picked":"Empty Cage"},{"not_picked":["Calling Bell","White Beast Statue"],"picked":"Eternal Feather"}],"items_purged_floors":[12,21,29,37],"is_endless":false,"potions_floor_spawned":[8,11,14,30,33,35],"killed_by":"Maw","ascension_level":1}