{"gold_per_floor":[117,130,305,33,49,49,77,77,104,123,123],"floor_reached":11,"playtime":374,"items_purged":["Doubt"],"score":95,"play_id":"3fc29f9c-c014-4ff4-9c35-a237a9a57992","local_time":"20181027222937","is_ascension_mode":true,"campfire_choices":[{"data":"Magnetism","floor":6,"key":"SMITH"},{"data":"Defragment","floor":8,"key":"SMITH"}],"neow_cost":"NONE","seed_source_timestamp":143204061013693,"circlet_count":0,"master_deck":["Strike_B","Strike_B","Strike_B","Strike_B","Defend_B","Defend_B","Defend_B","Defend_B","Zap","Dualcast","Ball Lightning","Defragment+1","Cold Snap","Magnetism+1","Fusion","Redo","Conserve Battery"],"relics":["Cracked Core","PreservedInsect","Omamori"],"potions_floor_usage":[],"damage_taken":[{"damage":9,"enemies":"Small Slimes","floor":1,"turns":3},{"damage":7,"enemies":"Jaw Worm","floor":2,"turns":2},{"damage":4,"enemies":"2 Louse","floor":5,"turns":2},{"damage":19,"enemies":"Gremlin Nob","floor":7,"turns":4},{"damage":13,"enemies":"2 Fungi Beasts","floor":10,"turns":4},{"damage":17,"enemies":"Blue Slaver","floor":11,"turns":2}],"seed_played":"-8863773580111468890","potions_obtained":[{"floor":1,"key":"SteroidPotion"}],"is_trial":false,"path_per_floor":["M","M","?","$","M","R","E","R","T","M"],"character_chosen":"DEFECT","items_purchased":["Magnetism"],"campfire_rested":0,"item_purchase_floors":[4],"current_hp_per_floor":[59,52,52,52,48,48,29,29,29,16,0],"gold":123,"neow_bonus":"THREE_CARDS","is_prod":false,"is_daily":false,"chose_seed":false,"campfire_upgraded":2,"win_rate":0,"timestamp":1540693777,"path_taken":["M","M","?","$","M","R","E","R","T","M","M"],"build_version":"2018-10-25v2","purchased_purges":1,"victory":false,"max_hp_per_floor":[75,75,75,75,75,75,75,75,75,75,75],"card_choices":[{"not_picked":["Rebound","Barrage"],"picked":"Ball Lightning","floor":0},{"not_picked":["Doom and Gloom","Barrage"],"picked":"Defragment","floor":1},{"not_picked":["Glacier","Stack"],"picked":"Cold Snap","floor":2},{"not_picked":["Coolheaded","Cold Snap"],"picked":"Fusion","floor":5},{"not_picked":["Steam Power","Scrape"],"picked":"Redo","floor":7},{"not_picked":["Ball Lightning","Cold Snap"],"picked":"Conserve Battery","floor":10}],"player_experience":1490291,"relics_obtained":[{"floor":7,"key":"PreservedInsect"},{"floor":9,"key":"Omamori"}],"event_choices":[{"damage_healed":0,"gold_gain":175,"player_choice":"AGREE","damage_taken":0,"max_hp_gain":0,"max_hp_loss":0,"event_name":"Liars Game","floor":3,"gold_loss":0,"cards_obtained":["Doubt"]}],"is_beta":false,"boss_relics":[],"items_purged_floors":[4],"is_endless":false,"potions_floor_spawned":[1],"killed_by":"Blue Slaver","ascension_level":6}