{"gold_per_floor":[118,118,118,130,150,182,182,214,214,233,2,2,21,41,41,143,193,182,182,114,125,138,138,158,174,174,174],"floor_reached":27,"playtime":1930,"items_purged":["Strike_G"],"score":252,"play_id":"0c85e8f8-2737-45c0-89f3-a81e10ce63fa","local_time":"20180721202230","is_ascension_mode":false,"campfire_choices":[{"data":"Bouncing Flask","floor":7,"key":"SMITH"},{"floor":12,"key":"REST"},{"data":"Deflect","floor":15,"key":"SMITH"},{"floor":23,"key":"REST"}],"neow_cost":"NONE","seed_source_timestamp":131711002636717,"circlet_count":0,"master_deck":["Defend_G+1","Defend_G+1","Defend_G+1","Defend_G+1","Defend_G+1","Strike_G+1","Strike_G+1","Strike_G+1","Survivor","Neutralize","Bouncing Flask+1","Well Laid Plans","Poisoned Stab","Prepared+1","Terror","Terror","Deflect+1","Envenom","Outmaneuver","Dagger Throw+1","Noxious Fumes","Deflect","Noxious Fumes","Backflip"],"relics":["Ring of the Snake","Bag of Marbles","Mercury Hourglass","Bottled Tornado","Blood Vial","Tiny House","Pear"],"potions_floor_usage":[8,8,18,18],"damage_taken":[{"damage":0,"enemies":"Jaw Worm","floor":1,"turns":5},{"damage":0,"enemies":"Small Slimes","floor":4,"turns":4},{"damage":1,"enemies":"Cultist","floor":5,"turns":4},{"damage":32,"enemies":"Gremlin Nob","floor":6,"turns":5},{"damage":5,"enemies":"Lagavulin","floor":8,"turns":5},{"damage":6,"enemies":"Blue Slaver","floor":10,"turns":3},{"damage":4,"enemies":"Exordium Thugs","floor":13,"turns":4},{"damage":9,"enemies":"Lots of Slimes","floor":14,"turns":3},{"damage":26,"enemies":"The Guardian","floor":16,"turns":8},{"damage":13,"enemies":"2 Thieves","floor":18,"turns":4},{"damage":28,"enemies":"3 Byrds","floor":21,"turns":5},{"damage":16,"enemies":"3 Cultists","floor":22,"turns":5},{"damage":17,"enemies":"Snake Plant","floor":24,"turns":4},{"damage":10,"enemies":"Cultist and Chosen","floor":25,"turns":5},{"damage":44,"enemies":"Gremlin Leader","floor":27,"turns":3}],"seed_played":"-2632576626852143065","potions_obtained":[{"floor":4,"key":"Poison Potion"},{"floor":6,"key":"EssenceOfSteel"},{"floor":8,"key":"Dexterity Potion"},{"floor":10,"key":"Energy Potion"},{"floor":17,"key":"SneckoOil"},{"floor":21,"key":"Block Potion"},{"floor":22,"key":"SteroidPotion"}],"is_trial":false,"path_per_floor":["M","?","?","M","M","E","R","E","T","M","$","R","M","M","R","B",null,"M","?","$","M","M","R","M","M","T"],"character_chosen":"THE_SILENT","items_purchased":["Blood Vial","Noxious Fumes"],"campfire_rested":2,"item_purchase_floors":[11,20],"current_hp_per_floor":[70,70,75,75,74,42,42,37,37,31,31,53,51,44,44,20,80,67,67,67,41,27,51,36,28,38,0],"gold":174,"neow_bonus":"THREE_CARDS","is_prod":false,"is_daily":false,"chose_seed":false,"campfire_upgraded":2,"win_rate":0,"timestamp":1532218950,"path_taken":["M","?","?","?","M","E","R","E","T","M","$","R","M","M","R","BOSS","M","?","$","?","M","R","M","M","T","E"],"build_version":"2018-07-19v2","purchased_purges":1,"victory":false,"max_hp_per_floor":[70,70,75,75,75,75,75,75,75,75,75,75,75,75,75,75,80,80,80,80,80,80,80,80,80,90,90],"card_choices":[{"not_picked":["Dagger Throw","Quick Slash"],"picked":"Bouncing Flask","floor":0},{"not_picked":["Dagger Throw","Backflip"],"picked":"Well Laid Plans","floor":1},{"not_picked":["Bane","Dodge and Roll"],"picked":"Poisoned Stab","floor":4},{"not_picked":["Sucker Punch","Underhanded Strike"],"picked":"Prepared","floor":5},{"not_picked":["Dagger Spray","Flechettes"],"picked":"Terror","floor":6},{"not_picked":["Eviscerate","Infinite Blades"],"picked":"Terror","floor":8},{"not_picked":["Heel Hook","Sucker Punch","Acrobatics"],"picked":"SKIP","floor":10},{"not_picked":["Sucker Punch","Outmaneuver"],"picked":"Deflect","floor":13},{"not_picked":["Blade Dance","Terror","Reflex"],"picked":"SKIP","floor":14},{"not_picked":["Night Terror","Adrenaline"],"picked":"Envenom","floor":16},{"not_picked":["Dagger Throw","Dodge and Roll"],"picked":"Outmaneuver","floor":17},{"not_picked":["PiercingWail","Well Laid Plans"],"picked":"Dagger Throw+1","floor":18},{"not_picked":["PiercingWail+1","Dagger Throw"],"picked":"Deflect","floor":21},{"not_picked":["Dodge and Roll","Quick Slash","Dash"],"picked":"SKIP","floor":22},{"not_picked":["Dodge and Roll+1","Cloak And Dagger"],"picked":"Noxious Fumes","floor":24},{"not_picked":["Burst","Acrobatics"],"picked":"Backflip","floor":25}],"player_experience":414391,"relics_obtained":[{"floor":6,"key":"Bag of Marbles"},{"floor":8,"key":"Mercury Hourglass"},{"floor":9,"key":"Bottled Tornado"},{"floor":26,"key":"Pear"}],"event_choices":[{"event_name":"Living Wall","player_choice":"Forget","floor":2,"damage_taken":0},{"event_name":"Big Fish","player_choice":"Donut","floor":3,"damage_taken":0},{"event_name":"Back to Basics","player_choice":"Simplicity","floor":19,"damage_taken":0}],"is_beta":false,"boss_relics":[{"not_picked":["White Beast Statue","Velvet Choker"],"picked":"Tiny House"}],"items_purged_floors":[11],"is_endless":false,"potions_floor_spawned":[4,6,8,10,21,22],"killed_by":"Gremlin Leader","ascension_level":0}