{"gold_per_floor":[119,119,269,92,108,108,139,155,155,33,33,48,48,48,48,124,174,190,190,59,39,49,49,49],"floor_reached":24,"playtime":1019,"items_purged":["Doubt","Strike_R","Parasite"],"score":359,"play_id":"ac8e63c7-0b70-4143-b6c8-1c1df6e1a4d0","local_time":"20190410125501","is_ascension_mode":true,"campfire_choices":[{"floor":6,"key":"REST"},{"floor":11,"key":"REST"},{"floor":15,"key":"REST"},{"floor":23,"key":"REST"}],"neow_cost":"TEN_PERCENT_HP_LOSS","seed_source_timestamp":413994076951973,"circlet_count":0,"master_deck":["AscendersBane","Strike_R","Strike_R","Strike_R","Strike_R+1","Defend_R","Defend_R+1","Defend_R","Defend_R","Bash+1","Cleave","Swift Strike","Ghostly Armor","Demon Form","Twin Strike+1","Twin Strike+1","Heavy Blade+1","Reaper+1","Thunderclap+1","Infernal Blade","Reaper+1","Iron Wave+1"],"relics":["Burning Blood","Turnip","Molten Egg 2","The Courier","Tiny House"],"potions_floor_usage":[7,18,22],"damage_taken":[{"damage":12,"enemies":"Jaw Worm","floor":1,"turns":2},{"damage":9,"enemies":"2 Louse","floor":5,"turns":3},{"damage":47,"enemies":"3 Sentries","floor":7,"turns":13},{"damage":7,"enemies":"Cultist","floor":8,"turns":4},{"damage":36,"enemies":"Large Slime","floor":12,"turns":6},{"damage":37,"enemies":"The Guardian","floor":16,"turns":9},{"damage":33,"enemies":"Shell Parasite","floor":18,"turns":5},{"damage":22,"enemies":"2 Thieves","floor":21,"turns":4},{"damage":66,"enemies":"Shelled Parasite and Fungi","floor":22,"turns":5},{"damage":46,"enemies":"Cultist and Chosen","floor":24,"turns":5}],"seed_played":"5863174993732410768","potions_obtained":[{"floor":5,"key":"EssenceOfSteel"},{"floor":16,"key":"PowerPotion"},{"floor":17,"key":"FairyPotion"},{"floor":21,"key":"Strength Potion"}],"is_trial":false,"path_per_floor":["M","?","?","$","M","R","E","M","T","$","R","M","?","$","R","B",null,"M","?","$","M","M","R","M"],"character_chosen":"IRONCLAD","items_purchased":["Swift Strike","Twin Strike+1","Infernal Blade"],"campfire_rested":4,"item_purchase_floors":[4,10,20],"current_hp_per_floor":[62,42,42,42,39,59,18,17,17,17,37,7,24,24,44,13,59,32,73,70,57,13,34,0],"gold":49,"neow_bonus":"ONE_RARE_RELIC","is_prod":false,"is_daily":false,"chose_seed":false,"campfire_upgraded":0,"win_rate":0,"timestamp":1554909901,"path_taken":["M","?","?","$","M","R","E","M","T","$","R","M","?","$","R","BOSS","M","?","$","M","M","R","?"],"build_version":"2019-01-23","purchased_purges":3,"victory":false,"max_hp_per_floor":[68,68,68,68,68,68,68,68,68,68,68,68,68,68,68,68,73,73,73,70,70,70,70,70],"card_choices":[{"not_picked":["Armaments","Headbutt"],"picked":"Cleave","floor":1},{"not_picked":["Pommel Strike","Whirlwind"],"picked":"Ghostly Armor","floor":5},{"not_picked":["Body Slam","Dark Embrace"],"picked":"Demon Form","floor":7},{"not_picked":["Clothesline+1","Body Slam+1"],"picked":"Twin Strike+1","floor":8},{"not_picked":["Headbutt+1","Clothesline+1"],"picked":"Heavy Blade+1","floor":12},{"not_picked":["Bludgeon+1","Double Tap"],"picked":"Reaper+1","floor":16},{"not_picked":["Armaments","Wild Strike+1"],"picked":"Thunderclap+1","floor":17},{"not_picked":["Anger+1","Wild Strike+1"],"picked":"Disarm+1","floor":18},{"not_picked":["Infernal Blade","Inflame"],"picked":"Reaper+1","floor":21},{"not_picked":["Armaments+1","Shrug It Off"],"picked":"Iron Wave+1","floor":22}],"player_experience":1145017,"relics_obtained":[{"floor":7,"key":"Molten Egg 2"},{"floor":9,"key":"The Courier"}],"event_choices":[{"damage_healed":0,"gold_gain":0,"player_choice":"Entered Light","damage_taken":20,"max_hp_gain":0,"max_hp_loss":0,"event_name":"Shining Light","floor":2,"gold_loss":0,"cards_upgraded":["Defend_R","Bash"]},{"damage_healed":0,"gold_gain":150,"player_choice":"AGREE","damage_taken":0,"max_hp_gain":0,"max_hp_loss":0,"event_name":"Liars Game","floor":3,"gold_loss":0,"cards_obtained":["Doubt"]},{"damage_healed":17,"gold_gain":0,"player_choice":"Healed and dodged fight","damage_taken":0,"max_hp_gain":0,"max_hp_loss":0,"event_name":"Mushrooms","floor":13,"gold_loss":0,"cards_obtained":["Parasite"]},{"cards_removed":["Disarm"],"damage_healed":41,"gold_gain":0,"player_choice":"Offered Uncommon","damage_taken":0,"max_hp_gain":0,"max_hp_loss":0,"event_name":"Bonfire Elementals","floor":19,"gold_loss":0}],"is_beta":false,"boss_relics":[{"not_picked":["Velvet Choker","Philosopher\u0027s Stone"],"picked":"Tiny House"}],"items_purged_floors":[4,10,20],"is_endless":false,"potions_floor_spawned":[5,16,21],"killed_by":"Cultist and Chosen","ascension_level":17}