{"path_per_floor":["M","?","$","?","M","E","M","?","T","M"],"character_chosen":"IRONCLAD","items_purchased":[],"gold_per_floor":[110,110,35,35,52,77,88,145,172,187,187],"floor_reached":11,"campfire_rested":0,"playtime":783,"item_purchase_floors":[],"current_hp_per_floor":[44,37,37,37,39,27,33,8,8,14,0],"items_purged":["Defend_R"],"gold":187,"score":73,"play_id":"b2afc6f2-4c24-4073-be91-8c6df66ee028","local_time":"20180530164716","is_prod":false,"is_daily":false,"chose_seed":false,"is_ascension_mode":false,"campfire_upgraded":0,"win_rate":0,"timestamp":1527691636,"campfire_choices":[],"path_taken":["M","?","$","?","M","E","M","?","T","M","E"],"build_version":"2018-05-24","seed_source_timestamp":1191178103727381,"purchased_purges":1,"victory":false,"master_deck":["Strike_R","Strike_R","Defend_R","Defend_R","Bash","Intimidate","Rage","Seeing Red","Iron Wave","Demon Form","Heavy Blade"],"max_hp_per_floor":[80,80,80,80,80,80,80,80,80,80,80],"relics":["Burning Blood","Happy Flower","Bag of Preparation","Lantern"],"card_choices":[{"not_picked":["Anger","Clothesline"],"picked":"Intimidate","floor":1},{"not_picked":["Warcry","Perfected Strike"],"picked":"Rage","floor":5},{"not_picked":["Havoc","Fire Breathing"],"picked":"Seeing Red","floor":6},{"not_picked":["Blood for Blood","Whirlwind"],"picked":"Iron Wave","floor":7},{"not_picked":["Warcry","Anger"],"picked":"Demon Form","floor":8},{"not_picked":["Carnage","Armaments"],"picked":"Heavy Blade","floor":10}],"player_experience":96282,"potions_floor_usage":[6,8],"damage_taken":[{"damage":2,"enemies":"2 Louse","floor":1,"turns":4},{"damage":4,"enemies":"Jaw Worm","floor":5,"turns":5},{"damage":18,"enemies":"Lagavulin","floor":6,"turns":8},{"damage":0,"enemies":"Small Slimes","floor":7,"turns":4},{"damage":39,"enemies":"Gremlin Nob","floor":8,"turns":5},{"damage":0,"enemies":"Looter","floor":10,"turns":4},{"damage":14,"enemies":"3 Sentries","floor":11,"turns":4}],"relics_obtained":[{"floor":6,"key":"Happy Flower"},{"floor":8,"key":"Bag of Preparation"},{"floor":9,"key":"Lantern"}],"event_choices":[{"event_name":"Golden Wing","player_choice":"Card Removal","floor":2,"damage_taken":0},{"event_name":"Living Wall","player_choice":"Forget","floor":4,"damage_taken":0},{"event_name":"Dead Adventurer","player_choice":"Searched \u00272\u0027 times","floor":8,"damage_taken":0}],"boss_relics":[],"items_purged_floors":[3],"potions_floor_spawned":[1,5],"seed_played":"1439421706540050876","killed_by":"3 Sentries","ascension_level":0,"potions_obtained":[{"floor":1,"key":"Energy Potion"},{"floor":5,"key":"BloodPotion"}],"is_trial":false}