{"gold_per_floor":[116,41,53,73,93,125,125,25,25,25,40,40,40,70,70,168,168,187,187,205,219,219],"floor_reached":22,"playtime":1379,"items_purged":["Strike_R","Strike_R"],"score":196,"play_id":"5dc7b6d2-9afc-458c-b227-5df14d11a79b","local_time":"20180706195421","is_ascension_mode":false,"campfire_choices":[{"floor":7,"key":"REST"},{"floor":15,"key":"REST"}],"neow_cost":"NONE","seed_source_timestamp":53163009233245,"circlet_count":0,"master_deck":["Strike_R","Strike_R","Defend_R","Defend_R","Defend_R","Defend_R","Bash+1","Pommel Strike","Combust","Sword Boomerang","Rupture","Armaments+1","Fire Breathing","Double Tap+1","Shockwave+1","Flex+1","Bloodletting+1","Pummel"],"relics":["Burning Blood","Toxic Egg 2","Mercury Hourglass","Gremlin Horn","Potion Belt","Philosopher\u0027s Stone"],"potions_floor_usage":[6,14],"damage_taken":[{"damage":10,"enemies":"Cultist","floor":1,"turns":4},{"damage":11,"enemies":"2 Louse","floor":3,"turns":2},{"damage":8,"enemies":"Jaw Worm","floor":4,"turns":3},{"damage":21,"enemies":"3 Louse","floor":5,"turns":4},{"damage":21,"enemies":"Lagavulin","floor":6,"turns":5},{"damage":9,"enemies":"Large Slime","floor":11,"turns":5},{"damage":13,"enemies":"3 Sentries","floor":14,"turns":4},{"damage":26,"enemies":"Slime Boss","floor":16,"turns":7},{"damage":23,"enemies":"Spheric Guardian","floor":18,"turns":4},{"damage":32,"enemies":"2 Thieves","floor":20,"turns":3},{"damage":24,"enemies":"3 Cultists","floor":21,"turns":4},{"damage":20,"enemies":"Slaver and Parasite","floor":22,"turns":2}],"seed_played":"-877814782409749356","potions_obtained":[{"floor":3,"key":"PowerPotion"},{"floor":5,"key":"AttackPotion"},{"floor":6,"key":"Weak Potion"}],"is_trial":false,"path_per_floor":["M","$","M","M","M","E","R","$","T","$","M","?","?","E","R","B",null,"M","?","M","M"],"character_chosen":"IRONCLAD","items_purchased":[],"campfire_rested":2,"item_purchase_floors":[],"current_hp_per_floor":[76,76,71,69,54,39,63,63,63,63,60,53,46,39,63,43,80,63,63,37,19,0],"gold":219,"neow_bonus":"UPGRADE_CARD","is_prod":false,"is_daily":false,"chose_seed":false,"campfire_upgraded":0,"win_rate":0,"timestamp":1530921261,"path_taken":["M","$","M","?","M","E","R","$","T","?","?","?","?","E","R","BOSS","M","?","M","M","M"],"build_version":"2018-07-05","purchased_purges":2,"victory":false,"max_hp_per_floor":[80,80,80,80,80,80,80,80,80,80,80,80,80,80,80,80,80,80,80,80,80,80],"card_choices":[{"not_picked":["Thunderclap","Infernal Blade"],"picked":"Pommel Strike","floor":1},{"not_picked":["Rupture","Sever Soul"],"picked":"Combust","floor":3},{"not_picked":["Disarm","Twin Strike"],"picked":"Sword Boomerang","floor":4},{"not_picked":["Carnage","Dropkick"],"picked":"Rupture","floor":5},{"not_picked":["Uppercut","Anger","Searing Blow"],"picked":"SKIP","floor":6},{"not_picked":["Whirlwind","Pommel Strike"],"picked":"Armaments+1","floor":11},{"not_picked":["Clash","Flame Barrier+1"],"picked":"Fire Breathing","floor":14},{"not_picked":["Limit Break+1","Bludgeon"],"picked":"Double Tap+1","floor":16},{"not_picked":["Reckless Charge","Power Through+1"],"picked":"Shockwave+1","floor":18},{"not_picked":["Second Wind+1","Heavy Blade+1"],"picked":"Bloodletting+1","floor":20},{"not_picked":["Body Slam","Heavy Blade"],"picked":"Pummel","floor":21}],"player_experience":187625,"relics_obtained":[{"floor":6,"key":"Toxic Egg 2"},{"floor":9,"key":"Mercury Hourglass"},{"floor":14,"key":"Potion Belt"}],"event_choices":[{"event_name":"Scrap Ooze","player_choice":"success","floor":12,"damage_taken":7},{"event_name":"Golden Wing","player_choice":"Card Removal","floor":13,"damage_taken":0},{"event_name":"The Library","player_choice":"Read","floor":19,"damage_taken":0}],"boss_relics":[{"not_picked":["Tiny House","Astrolabe"],"picked":"Philosopher\u0027s Stone"}],"items_purged_floors":[2,8],"is_endless":false,"potions_floor_spawned":[3,5,6],"killed_by":"Slaver and Parasite","ascension_level":0}