{"gold_per_floor":[110,128,31,31,31,45,59,59,59,24,0,0,25,41,41,136,136,153,153,172,38,38,64,64,64,89,117,14,113,113,132,132,237,237,249,349,396,396,415,415,415],"floor_reached":41,"playtime":5058,"items_purged":["Pain","Shame"],"score":471,"play_id":"2cc3adc0-d63d-41af-9950-b324d79748ba","local_time":"20181208172720","is_ascension_mode":true,"campfire_choices":[{"data":"Backflip","floor":8,"key":"SMITH"},{"data":"Neutralize","floor":12,"key":"SMITH"},{"data":"Backflip","floor":15,"key":"SMITH"},{"floor":25,"key":"REST"},{"floor":30,"key":"REST"},{"floor":32,"key":"REST"},{"floor":40,"key":"REST"}],"neow_cost":"CURSE","seed_source_timestamp":168140361668373,"circlet_count":0,"master_deck":["Survivor","Neutralize+1","Backflip+1","Quick Slash","Backflip+1","Prepared","Escape Plan","Distraction","Backflip+1","After Image","Deflect","Blade Dance","Dodge and Roll","Dagger Spray","Calculated Gamble","Poisoned Stab","Deadly Poison","Prepared","Slice","Deadly Poison","Prepared","Deflect","Deflect","Deflect+1","Calculated Gamble+1","Reflex+1","Calculated Gamble+1","Deflect","Deadly Poison+1","Endless Agony","Sucker Punch+1"],"relics":["Ring of the Snake","Incense Burner","Blood Vial","Pear","Pandora\u0027s Box","Bag of Preparation","Centennial Puzzle","Smiling Mask","Bag of Marbles","Astrolabe","Unceasing Top","Gambling Chip"],"potions_floor_usage":[16,16,23,23,37,41,41],"damage_taken":[{"damage":6,"enemies":"Small Slimes","floor":1,"turns":4},{"damage":5,"enemies":"2 Louse","floor":2,"turns":4},{"damage":0,"enemies":"Cultist","floor":6,"turns":3},{"damage":0,"enemies":"2 Fungi Beasts","floor":7,"turns":4},{"damage":0,"enemies":"Looter","floor":11,"turns":5},{"damage":13,"enemies":"3 Sentries","floor":13,"turns":11},{"damage":0,"enemies":"3 Louse","floor":14,"turns":4},{"damage":43,"enemies":"The Guardian","floor":16,"turns":20},{"damage":0,"enemies":"Spheric Guardian","floor":18,"turns":6},{"damage":9,"enemies":"3 Byrds","floor":20,"turns":6},{"damage":47,"enemies":"Gremlin Leader","floor":23,"turns":5},{"damage":27,"enemies":"Slavers","floor":27,"turns":8},{"damage":3,"enemies":"Snake Plant","floor":31,"turns":6},{"damage":50,"enemies":"Automaton","floor":33,"turns":10},{"damage":2,"enemies":"Orb Walker","floor":35,"turns":4},{"damage":0,"enemies":"Mind Bloom Boss Battle","floor":36,"turns":7},{"damage":8,"enemies":"2 Orb Walkers","floor":37,"turns":7},{"damage":40,"enemies":"3 Darklings","floor":39,"turns":6},{"damage":61,"enemies":"Reptomancer","floor":41,"turns":4}],"seed_played":"8083519577342320171","potions_obtained":[{"floor":1,"key":"Regen Potion"},{"floor":6,"key":"Dexterity Potion"},{"floor":7,"key":"SmokeBomb"},{"floor":14,"key":"Fire Potion"},{"floor":18,"key":"GamblersBrew"},{"floor":20,"key":"Swift Potion"},{"floor":31,"key":"Ancient Potion"},{"floor":33,"key":"EssenceOfSteel"},{"floor":39,"key":"FearPotion"}],"is_trial":false,"path_per_floor":["M","M","$","?","?","M","M","R","T","$","M","R","E","M","R","B",null,"M","?","M","$","?","E","?","R","T","E","$","?","R","M","R","B",null,"M","?","?","?","M","R","E"],"character_chosen":"THE_SILENT","items_purchased":["Backflip","Escape Plan","Slice","Deadly Poison","Well Laid Plans","Deflect"],"campfire_rested":4,"item_purchase_floors":[3,10,21,21,21,28],"current_hp_per_floor":[64,59,59,59,59,59,59,59,59,59,61,61,60,62,62,36,80,80,80,71,71,71,26,26,50,50,25,25,25,49,48,72,24,80,78,80,72,72,34,58,0],"gold":415,"neow_bonus":"ONE_RARE_RELIC","is_prod":false,"is_daily":false,"chose_seed":false,"campfire_upgraded":3,"win_rate":0,"timestamp":1544311640,"path_taken":["M","M","$","?","?","?","M","R","T","$","M","R","E","M","R","BOSS","M","?","M","$","?","E","?","R","T","E","$","?","R","M","R","BOSS","M","?","?","?","M","R","E"],"build_version":"2018-12-06","purchased_purges":2,"victory":false,"max_hp_per_floor":[70,70,70,70,70,70,70,70,70,70,70,70,80,80,80,80,80,80,80,80,80,80,80,80,80,80,80,80,80,80,80,80,80,80,80,80,80,80,80,80,80],"card_choices":[{"not_picked":["PiercingWail","Dodge and Roll"],"picked":"Backflip","floor":1},{"not_picked":["Flechettes","Catalyst"],"picked":"Quick Slash","floor":2},{"not_picked":["Underhanded Strike","Skewer","Eviscerate"],"picked":"SKIP","floor":6},{"not_picked":["Underhanded Strike","Blade Dance"],"picked":"Prepared","floor":7},{"not_picked":["Poisoned Stab","Bane"],"picked":"Heel Hook","floor":11},{"not_picked":["Infinite Blades","Reflex"],"picked":"Distraction","floor":13},{"not_picked":["Accuracy","Eviscerate"],"picked":"Backflip","floor":14},{"not_picked":["Grand Finale","Night Terror"],"picked":"After Image","floor":16},{"not_picked":["Infinite Blades","Calculated Gamble","Quick Slash"],"picked":"SKIP","floor":18},{"not_picked":["Dodge and Roll","Finisher"],"picked":"Prepared","floor":20},{"not_picked":["Sucker Punch","Skewer"],"picked":"Prepared","floor":23},{"not_picked":["All Out Attack","Choke"],"picked":"Deflect","floor":27},{"not_picked":["Choke+1","Tactician+1"],"picked":"Deflect+1","floor":31},{"not_picked":["Blur","Flechettes"],"picked":"Deflect","floor":35},{"not_picked":["Dagger Throw+1","Flechettes+1"],"picked":"Deadly Poison+1","floor":36},{"not_picked":["All Out Attack+1","Eviscerate+1"],"picked":"Endless Agony","floor":37},{"not_picked":["Leg Sweep","Backflip+1"],"picked":"Sucker Punch+1","floor":39}],"player_experience":109371,"relics_obtained":[{"floor":9,"key":"Blood Vial"},{"floor":13,"key":"Pear"},{"floor":23,"key":"Centennial Puzzle"},{"floor":26,"key":"Smiling Mask"},{"floor":27,"key":"Bag of Marbles"},{"floor":36,"key":"Unceasing Top"},{"floor":37,"key":"Gambling Chip"}],"event_choices":[{"cards_removed":["Defend_G"],"damage_healed":0,"gold_gain":0,"player_choice":"Forget","damage_taken":0,"max_hp_gain":0,"max_hp_loss":0,"event_name":"Living Wall","floor":4,"gold_loss":0},{"damage_healed":0,"gold_gain":0,"player_choice":"Upgraded","damage_taken":0,"max_hp_gain":0,"max_hp_loss":0,"event_name":"Upgrade Shrine","floor":5,"gold_loss":0,"cards_upgraded":["Backflip"]},{"damage_healed":0,"gold_gain":0,"player_choice":"Ignored","damage_taken":0,"max_hp_gain":0,"max_hp_loss":0,"event_name":"Vampires","floor":19,"gold_loss":0},{"damage_healed":0,"gold_gain":0,"player_choice":"Stole Relic","damage_taken":0,"relics_obtained":["Bag of Preparation"],"max_hp_gain":0,"max_hp_loss":0,"event_name":"Addict","floor":22,"gold_loss":0,"cards_obtained":["Shame"]},{"damage_healed":0,"gold_gain":0,"player_choice":"Ignored","damage_taken":0,"max_hp_gain":0,"max_hp_loss":0,"event_name":"Ghosts","floor":24,"gold_loss":0},{"damage_healed":0,"gold_gain":99,"player_choice":"Stole From Cult","damage_taken":0,"max_hp_gain":0,"max_hp_loss":0,"event_name":"Nest","floor":29,"gold_loss":0},{"damage_healed":0,"gold_gain":0,"player_choice":"Fight","damage_taken":0,"max_hp_gain":0,"max_hp_loss":0,"event_name":"MindBloom","floor":36,"gold_loss":0},{"damage_healed":0,"gold_gain":0,"player_choice":"Fight","damage_taken":0,"max_hp_gain":0,"max_hp_loss":0,"event_name":"Mysterious Sphere","floor":37,"gold_loss":0},{"cards_removed":["Well Laid Plans"],"damage_healed":0,"gold_gain":0,"player_choice":"Removed Power","damage_taken":0,"max_hp_gain":0,"max_hp_loss":0,"event_name":"Falling","floor":38,"gold_loss":0}],"is_beta":false,"boss_relics":[{"not_picked":["Busted Crown","Calling Bell"],"picked":"Pandora\u0027s Box"},{"not_picked":["Empty Cage","HoveringKite"],"picked":"Astrolabe"}],"items_purged_floors":[3,28],"is_endless":false,"potions_floor_spawned":[1,6,7,14,18,20,31,33,39],"killed_by":"Reptomancer","ascension_level":1}