{"gold_per_floor":[218,143,159,59,59,59,59,59,89,89,189,208,240,251,251,251],"floor_reached":16,"playtime":407,"items_purged":["Strike_R","Defend_R"],"score":147,"play_id":"08aa8f4a-f8a1-4647-a19c-3a0e344e0029","local_time":"20180727003927","is_ascension_mode":true,"campfire_choices":[{"data":"Thunderclap","floor":6,"key":"SMITH"},{"data":"Evolve","floor":8,"key":"SMITH"},{"data":"Bash","floor":10,"key":"SMITH"},{"floor":15,"key":"REST"}],"neow_cost":"NONE","seed_source_timestamp":3467672395882422,"circlet_count":0,"master_deck":["Strike_R","Strike_R","Strike_R","Strike_R","Defend_R","Defend_R","Defend_R","Bash+1","AscendersBane","Evolve+1","Thunderclap+1","Carnage","Barricade"],"relics":["Burning Blood","Regal Pillow","Tiny Chest","Gremlin Horn"],"potions_floor_usage":[13],"damage_taken":[{"damage":0,"enemies":"Small Slimes","floor":1,"turns":3},{"damage":9,"enemies":"Jaw Worm","floor":3,"turns":4},{"damage":11,"enemies":"Cultist","floor":12,"turns":4},{"damage":43,"enemies":"Lagavulin","floor":13,"turns":6},{"damage":0,"enemies":"2 Fungi Beasts","floor":14,"turns":2},{"damage":76,"enemies":"Hexaghost","floor":16,"turns":9}],"seed_played":"-6338581645190536293","potions_obtained":[{"floor":1,"key":"Block Potion"}],"is_trial":false,"path_per_floor":["M","$","M","$","?","R","$","R","T","R","?","M","E","M","R"],"character_chosen":"IRONCLAD","items_purchased":[],"campfire_rested":1,"item_purchase_floors":[],"current_hp_per_floor":[78,78,75,75,72,72,72,72,72,72,72,67,30,36,75,0],"gold":251,"neow_bonus":"HUNDRED_GOLD","is_prod":false,"is_daily":false,"chose_seed":false,"campfire_upgraded":3,"win_rate":0,"timestamp":1532644767,"path_taken":["M","$","M","$","?","R","?","R","T","R","?","M","E","M","R","BOSS"],"build_version":"2018-07-19v2","purchased_purges":2,"victory":false,"max_hp_per_floor":[80,80,80,80,80,80,80,80,80,80,80,80,80,80,80,80],"card_choices":[{"not_picked":["Sword Boomerang","Havoc"],"picked":"Evolve","floor":1},{"not_picked":["Sentinel","Dual Wield"],"picked":"Thunderclap","floor":3},{"not_picked":["Ghostly Armor","Twin Strike"],"picked":"Carnage","floor":12},{"not_picked":["Disarm","Thunderclap"],"picked":"Barricade","floor":13},{"not_picked":["Bloodletting","Perfected Strike","Thunderclap"],"picked":"SKIP","floor":14}],"player_experience":385187,"relics_obtained":[{"floor":9,"key":"Tiny Chest"},{"floor":13,"key":"Gremlin Horn"}],"event_choices":[{"event_name":"Scrap Ooze","player_choice":"success","floor":5,"damage_taken":3},{"event_name":"Golden Shrine","player_choice":"Pray","floor":11,"damage_taken":0}],"is_beta":false,"boss_relics":[],"items_purged_floors":[2,4],"is_endless":false,"potions_floor_spawned":[1],"killed_by":"Hexaghost","ascension_level":10}