{"gold_per_floor":[18,18,32,45,45,45,45,45,45,79,79,95,107,121,121,195,245,261,72,82,82],"floor_reached":21,"playtime":1382,"items_purged":["Defend_G"],"score":317,"play_id":"e10760ff-d852-419b-9bc1-b737ebff5d4b","local_time":"20190510110425","is_ascension_mode":true,"campfire_choices":[{"data":"Doppelganger","floor":6,"key":"SMITH"},{"data":"Trip","floor":8,"key":"SMITH"},{"data":"Neutralize","floor":15,"key":"SMITH"}],"neow_cost":"NO_GOLD","seed_source_timestamp":3532857153816923,"circlet_count":0,"master_deck":["AscendersBane","Defend_G","Defend_G","Defend_G","Strike_G","Strike_G","Strike_G","Strike_G","Survivor","Neutralize+1","Trip+1","Purity","Flying Knee","Flying Knee+1","Doppelganger+1","Dash","Envenom","Crippling Poison","Noxious Fumes","Dash","Caltrops","Bane"],"relics":["Ring of the Snake","Pantograph","Bag of Marbles","Tiny House"],"potions_floor_usage":[10,20,20,21],"damage_taken":[{"damage":3,"enemies":"Jaw Worm","floor":1,"turns":3},{"damage":0,"enemies":"Cultist","floor":3,"turns":4},{"damage":1,"enemies":"2 Louse","floor":4,"turns":3},{"damage":14,"enemies":"3 Sentries","floor":10,"turns":8},{"damage":0,"enemies":"Large Slime","floor":12,"turns":5},{"damage":0,"enemies":"2 Fungi Beasts","floor":13,"turns":2},{"damage":10,"enemies":"Lots of Slimes","floor":14,"turns":4},{"damage":28,"enemies":"The Guardian","floor":16,"turns":11},{"damage":34,"enemies":"Shell Parasite","floor":18,"turns":7},{"damage":8,"enemies":"3 Byrds","floor":20,"turns":3},{"damage":32,"enemies":"Snake Plant","floor":21,"turns":3}],"seed_played":"-5147085913645577466","potions_obtained":[{"floor":1,"key":"Energy Potion"},{"floor":4,"key":"AttackPotion"},{"floor":16,"key":"LiquidBronze"},{"floor":20,"key":"SkillPotion"}],"is_trial":false,"path_per_floor":["M","?","M","M","?","R","?","R","T","E","?","M","M","M","R","B",null,"M","$","M","M"],"character_chosen":"THE_SILENT","items_purchased":["Dash","Caltrops"],"campfire_rested":0,"item_purchase_floors":[19,19],"current_hp_per_floor":[56,56,56,55,60,60,60,60,60,46,46,46,46,36,36,33,67,33,33,25,0],"gold":82,"neow_bonus":"RANDOM_COLORLESS_2","is_prod":false,"is_daily":false,"chose_seed":false,"campfire_upgraded":3,"win_rate":0,"timestamp":1557479065,"path_taken":["M","?","?","M","?","R","?","R","T","E","?","M","?","M","R","BOSS","M","$","M","M"],"build_version":"2019-01-23","purchased_purges":1,"victory":false,"max_hp_per_floor":[66,66,66,66,71,71,71,71,71,71,71,71,71,71,71,71,76,76,76,76,76],"card_choices":[{"not_picked":["Dagger Throw","Outmaneuver"],"picked":"Flying Knee","floor":1},{"not_picked":["Footwork","PiercingWail"],"picked":"Flying Knee","floor":3},{"not_picked":["Bane","Eviscerate"],"picked":"Doppelganger","floor":4},{"not_picked":["Cloak And Dagger","PiercingWail"],"picked":"Dash","floor":10},{"not_picked":["Bane","Choke","Prepared"],"picked":"SKIP","floor":12},{"not_picked":["Setup","A Thousand Cuts","Slice"],"picked":"SKIP","floor":13},{"not_picked":["Endless Agony","PiercingWail","Underhanded Strike"],"picked":"SKIP","floor":14},{"not_picked":["Malaise","Glass Knife"],"picked":"Envenom","floor":16},{"not_picked":["Choke","Masterful Stab"],"picked":"Crippling Poison","floor":17},{"not_picked":["Sucker Punch","Poisoned Stab"],"picked":"Noxious Fumes","floor":18},{"not_picked":["Endless Agony","Blade Dance"],"picked":"Bane","floor":20}],"player_experience":508361,"relics_obtained":[{"floor":9,"key":"Pantograph"},{"floor":10,"key":"Bag of Marbles"}],"event_choices":[{"cards_removed":["Strike_G"],"damage_healed":0,"gold_gain":0,"player_choice":"Purged","damage_taken":0,"max_hp_gain":0,"max_hp_loss":0,"event_name":"Purifier","floor":2,"gold_loss":0},{"damage_healed":0,"gold_gain":0,"player_choice":"Donut","damage_taken":0,"max_hp_gain":5,"max_hp_loss":0,"event_name":"Big Fish","floor":5,"gold_loss":0},{"damage_healed":0,"gold_gain":0,"player_choice":"Ignored","damage_taken":0,"max_hp_gain":0,"max_hp_loss":0,"event_name":"Liars Game","floor":7,"gold_loss":0},{"cards_removed":["Defend_G"],"damage_healed":0,"gold_gain":0,"player_choice":"Offered Basic","damage_taken":0,"max_hp_gain":0,"max_hp_loss":0,"event_name":"Bonfire Elementals","floor":11,"gold_loss":0}],"is_beta":false,"boss_relics":[{"not_picked":["Snecko Eye","White Beast Statue"],"picked":"Tiny House"}],"items_purged_floors":[19],"is_endless":false,"potions_floor_spawned":[1,4,16,20],"killed_by":"Snake Plant","ascension_level":15}