{"gold_per_floor":[112,131,131,143,159,159,159,84,138,138,38,26,38,65,65,170,170,170,45,45,45,45,45,45,45,45,45,45,45,45,45,45,45,45,45,45,45,45,45,45,45,45,45,45],"floor_reached":44,"playtime":2141,"items_purged":["Defend_R","Defend_R","Defend_R"],"score":722,"play_id":"152ca69f-d60b-40ae-a097-fbd583221067","local_time":"20180728195503","is_ascension_mode":true,"campfire_choices":[{"data":"Flame Barrier","floor":6,"key":"SMITH"},{"data":"Flame Barrier","floor":10,"key":"SMITH"},{"data":"Rampage","floor":15,"key":"SMITH"},{"data":"Barricade","floor":23,"key":"SMITH"},{"data":"Shrug It Off","floor":25,"key":"SMITH"},{"data":"Bash","floor":27,"key":"SMITH"},{"floor":32,"key":"REST"},{"data":"Strike_R","floor":40,"key":"SMITH"}],"neow_cost":"TEN_PERCENT_HP_LOSS","seed_source_timestamp":3621674770721957,"circlet_count":0,"master_deck":["Strike_R","Strike_R+1","Bash+1","AscendersBane","Flame Barrier+1","Flame Barrier+1","Rampage+1","Shrug It Off+1","Barricade+1","Metallicize+1","Ghostly Armor+1","Seeing Red+1","Necronomicurse","Warcry+1","Double Tap+1","Warcry+1"],"relics":["Burning Blood","GremlinMask","Tiny Chest","Bronze Scales","Ectoplasm","Centennial Puzzle","Toxic Egg 2","Necronomicon","Empty Cage","Gremlin Horn","Mummified Hand","StoneCalendar","Art of War"],"potions_floor_usage":[14,33,35,44,44],"damage_taken":[{"damage":1,"enemies":"Cultist","floor":1,"turns":4},{"damage":2,"enemies":"Jaw Worm","floor":2,"turns":3},{"damage":4,"enemies":"Small Slimes","floor":4,"turns":5},{"damage":8,"enemies":"Gremlin Gang","floor":5,"turns":5},{"damage":7,"enemies":"Exordium Thugs","floor":12,"turns":4},{"damage":12,"enemies":"Exordium Wildlife","floor":13,"turns":5},{"damage":13,"enemies":"Lagavulin","floor":14,"turns":7},{"damage":7,"enemies":"The Guardian","floor":16,"turns":9},{"damage":0,"enemies":"Spheric Guardian","floor":18,"turns":6},{"damage":2,"enemies":"Shell Parasite","floor":21,"turns":4},{"damage":7,"enemies":"Centurion and Healer","floor":22,"turns":10},{"damage":22,"enemies":"Slaver and Parasite","floor":24,"turns":6},{"damage":14,"enemies":"Gremlin Leader","floor":28,"turns":8},{"damage":0,"enemies":"Snecko","floor":30,"turns":6},{"damage":7,"enemies":"Automaton","floor":33,"turns":14},{"damage":2,"enemies":"3 Darklings","floor":35,"turns":8},{"damage":0,"enemies":"Giant Head","floor":41,"turns":7},{"damage":27,"enemies":"Flame Bruiser 1 Orb","floor":42,"turns":5},{"damage":63,"enemies":"2 Orb Walkers","floor":44,"turns":5}],"seed_played":"-3642768685074307624","potions_obtained":[{"floor":1,"key":"GamblersBrew"},{"floor":12,"key":"Poison Potion"},{"floor":13,"key":"FairyPotion"},{"floor":16,"key":"Ancient Potion"},{"floor":22,"key":"Dexterity Potion"},{"floor":39,"key":"SkillPotion"},{"floor":39,"key":"Dexterity Potion"},{"floor":39,"key":"PowerPotion"}],"is_trial":false,"path_per_floor":["M","M","?","M","M","R","?","$","T","R","$","M","M","E","R","B",null,"M","$","?","M","M","R","M","R","T","R","E","?","M","?","R","B",null,"M","?","?","T","?","R","E","M","T"],"character_chosen":"IRONCLAD","items_purchased":[],"campfire_rested":1,"item_purchase_floors":[],"current_hp_per_floor":[72,72,77,77,75,75,75,75,75,75,75,74,68,61,61,60,73,77,77,77,77,76,76,60,60,60,60,52,36,42,42,65,64,74,77,77,77,77,77,77,77,56,56,0],"gold":45,"neow_bonus":"REMOVE_TWO","is_prod":false,"is_daily":false,"chose_seed":false,"campfire_upgraded":7,"win_rate":0,"timestamp":1532800503,"path_taken":["M","M","?","?","M","R","?","?","T","R","$","M","M","E","R","BOSS","M","$","?","?","M","R","M","R","T","R","E","?","M","?","R","BOSS","M","?","?","?","?","R","E","M","T","E"],"build_version":"2018-07-26","purchased_purges":3,"victory":false,"max_hp_per_floor":[72,72,77,77,77,77,77,77,77,77,77,77,77,77,77,77,77,77,77,77,77,77,77,77,77,77,77,77,77,77,77,77,77,77,77,77,77,77,77,77,77,77,77,77],"card_choices":[{"not_picked":["Pummel","Sword Boomerang"],"picked":"Flame Barrier","floor":1},{"not_picked":["Sword Boomerang","Reckless Charge"],"picked":"Flame Barrier","floor":2},{"not_picked":["Reckless Charge","Warcry"],"picked":"Rampage","floor":4},{"not_picked":["Wild Strike","Sword Boomerang","Dropkick"],"picked":"SKIP","floor":5},{"not_picked":["Sword Boomerang","Brutality"],"picked":"Shrug It Off","floor":12},{"not_picked":["Clothesline","True Grit","Shrug It Off"],"picked":"SKIP","floor":13},{"not_picked":["Clothesline","Heavy Blade","Uppercut"],"picked":"SKIP","floor":14},{"not_picked":["Demon Form","Double Tap"],"picked":"Barricade","floor":16},{"not_picked":["Iron Wave","Warcry"],"picked":"Metallicize+1","floor":18},{"not_picked":["Anger","Body Slam","Iron Wave"],"picked":"SKIP","floor":21},{"not_picked":["Thunderclap","Carnage+1"],"picked":"Ghostly Armor+1","floor":22},{"not_picked":["Warcry","Pummel"],"picked":"Seeing Red+1","floor":24},{"not_picked":["Wild Strike","Flex","Shrug It Off"],"picked":"SKIP","floor":28},{"not_picked":["Body Slam","True Grit+1"],"picked":"Warcry+1","floor":30},{"not_picked":["Immolate","Dark Embrace"],"picked":"Double Tap+1","floor":33},{"not_picked":["Sword Boomerang","Rupture+1"],"picked":"Warcry+1","floor":35},{"not_picked":["Seeing Red+1","True Grit+1","Reckless Charge"],"picked":"SKIP","floor":41},{"not_picked":["Battle Trance+1","Body Slam","Corruption"],"picked":"SKIP","floor":42}],"player_experience":400216,"relics_obtained":[{"floor":9,"key":"Tiny Chest"},{"floor":14,"key":"Bronze Scales"},{"floor":26,"key":"Centennial Puzzle"},{"floor":28,"key":"Toxic Egg 2"},{"floor":29,"key":"Necronomicon"},{"floor":38,"key":"Mummified Hand"},{"floor":41,"key":"StoneCalendar"},{"floor":43,"key":"Art of War"}],"event_choices":[{"event_name":"Big Fish","player_choice":"Donut","floor":3,"damage_taken":0},{"event_name":"FaceTrader","player_choice":"Trade","floor":7,"damage_taken":0},{"event_name":"Vampires","player_choice":"Ignored","floor":20,"damage_taken":0},{"event_name":"Cursed Tome","player_choice":"Obtained Book","floor":29,"damage_taken":0},{"event_name":"Nest","player_choice":"Stole From Cult","floor":31,"damage_taken":0},{"event_name":"SecretPortal","player_choice":"Rejected Portal.","floor":36,"damage_taken":0},{"event_name":"Wheel of Change","player_choice":"Relic","floor":37,"damage_taken":0},{"event_name":"The Lab","player_choice":"Got Potions","floor":39,"damage_taken":0}],"is_beta":false,"boss_relics":[{"not_picked":["Orrery","Runic Cube"],"picked":"Ectoplasm"},{"not_picked":["Runic Pyramid","Astrolabe"],"picked":"Empty Cage"}],"items_purged_floors":[8,11,19],"is_endless":false,"potions_floor_spawned":[1,12,13,16,22,28,30],"killed_by":"2 Orb Walkers","ascension_level":10}