{"gold_per_floor":[130,162,191,222,253,265,294,306,318,330,342,370,382,406,418,535,597,629,654,158,176,196,196,196,196,196,196,212,230,230,241,241,241],"floor_reached":33,"playtime":1552,"items_purged":["Strike_R"],"score":344,"play_id":"8ecda38a-8845-4ce7-a111-3107ad4c5956","local_time":"20181007171946","is_ascension_mode":true,"campfire_choices":[{"data":"Cleave","floor":6,"key":"SMITH"},{"data":"Anger","floor":8,"key":"SMITH"},{"data":"Rage","floor":11,"key":"SMITH"},{"data":"Armaments","floor":13,"key":"SMITH"},{"floor":15,"key":"REST"},{"floor":23,"key":"REST"},{"floor":30,"key":"REST"},{"floor":32,"key":"REST"}],"neow_cost":"NONE","seed_source_timestamp":8130089863721,"circlet_count":0,"master_deck":["Defend_R","Defend_R","Defend_R","Defend_R+1","Bash+1","Cleave+1","Shrug It Off","Burning Pact","Rage+1","Anger+1","Armaments+1","Ghostly Armor","Dark Embrace","Flame Barrier","Spot Weakness","Heavy Blade","Evolve","Immolate","Wild Strike","Bite","Bite","Bite","Bite","Bite","Wild Strike+1"],"relics":["Burning Blood","MawBank","Bronze Scales","Tiny House","Dead Branch","Shuriken"],"potions_floor_usage":[5,16,19,21,33,33],"damage_taken":[{"damage":4,"enemies":"2 Louse","floor":1,"turns":3},{"damage":1,"enemies":"Cultist","floor":2,"turns":3},{"damage":8,"enemies":"Small Slimes","floor":3,"turns":3},{"damage":13,"enemies":"Looter","floor":4,"turns":4},{"damage":30,"enemies":"Exordium Wildlife","floor":5,"turns":7},{"damage":8,"enemies":"Red Slaver","floor":7,"turns":5},{"damage":18,"enemies":"Large Slime","floor":12,"turns":4},{"damage":7,"enemies":"3 Louse","floor":14,"turns":2},{"damage":41,"enemies":"The Guardian","floor":16,"turns":10},{"damage":7,"enemies":"Shell Parasite","floor":18,"turns":7},{"damage":36,"enemies":"Spheric Guardian","floor":19,"turns":8},{"damage":30,"enemies":"Centurion and Healer","floor":21,"turns":10},{"damage":21,"enemies":"Shelled Parasite and Fungi","floor":22,"turns":6},{"damage":24,"enemies":"Colosseum Slavers","floor":27,"turns":5},{"damage":17,"enemies":"Chosen and Byrds","floor":28,"turns":5},{"damage":30,"enemies":"Snake Plant","floor":29,"turns":4},{"damage":33,"enemies":"Centurion and Healer","floor":31,"turns":6},{"damage":69,"enemies":"Champ","floor":33,"turns":6}],"seed_played":"-2754029651631053486","potions_obtained":[{"floor":3,"key":"LiquidBronze"},{"floor":5,"key":"Fruit Juice"},{"floor":12,"key":"Fire Potion"},{"floor":14,"key":"EssenceOfSteel"},{"floor":16,"key":"Regen Potion"},{"floor":19,"key":"Ancient Potion"},{"floor":22,"key":"Poison Potion"},{"floor":29,"key":"Regen Potion"}],"is_trial":false,"path_per_floor":["M","M","M","M","M","R","M","R","T","?","R","M","R","M","R","B",null,"M","M","$","M","M","R","?","?","T","?","M","M","R","M","R"],"character_chosen":"IRONCLAD","items_purchased":["Evolve","Immolate","Dead Branch"],"campfire_rested":4,"item_purchase_floors":[20,20,20],"current_hp_per_floor":[74,79,77,70,51,51,49,49,49,49,49,37,37,36,61,26,75,74,44,44,35,20,47,77,63,63,51,44,26,44,22,40,0],"gold":241,"neow_bonus":"RANDOM_COMMON_RELIC","is_prod":false,"is_daily":false,"chose_seed":false,"campfire_upgraded":4,"win_rate":0,"timestamp":1538947186,"path_taken":["M","M","M","M","M","R","M","R","T","?","R","M","R","M","R","BOSS","M","M","$","M","M","R","?","?","T","?","M","?","R","M","R","BOSS"],"build_version":"2018-10-04v2","purchased_purges":1,"victory":false,"max_hp_per_floor":[80,80,80,80,85,85,85,85,85,85,85,85,85,85,85,85,90,90,90,90,90,90,90,90,63,63,63,63,63,63,63,63,63],"card_choices":[{"not_picked":["Power Through","Shrug It Off"],"picked":"Cleave","floor":1},{"not_picked":["Perfected Strike","Warcry","Havoc"],"picked":"SKIP","floor":2},{"not_picked":["Pummel","Heavy Blade"],"picked":"Shrug It Off","floor":3},{"not_picked":["Clash","Sever Soul"],"picked":"Burning Pact","floor":4},{"not_picked":["Heavy Blade","Thunderclap"],"picked":"Rage","floor":5},{"not_picked":["Warcry","Headbutt"],"picked":"Anger","floor":7},{"not_picked":["Reckless Charge","Anger"],"picked":"Armaments","floor":12},{"not_picked":["Cleave","Heavy Blade"],"picked":"Ghostly Armor","floor":14},{"not_picked":["Bludgeon","Feed"],"picked":"Dark Embrace","floor":16},{"not_picked":["Anger","Twin Strike"],"picked":"Flame Barrier","floor":17},{"not_picked":["Dropkick","Havoc"],"picked":"Spot Weakness","floor":18},{"not_picked":["Thunderclap","Havoc"],"picked":"Heavy Blade","floor":19},{"not_picked":["Clash","Pommel Strike+1"],"picked":"Wild Strike","floor":21},{"not_picked":["Warcry","Twin Strike","Sever Soul"],"picked":"SKIP","floor":22},{"not_picked":["Bludgeon","Clash+1"],"picked":"Wild Strike+1","floor":28},{"not_picked":["Perfected Strike","Cleave","Wild Strike"],"picked":"SKIP","floor":29},{"not_picked":["Fire Breathing","Uppercut","Anger"],"picked":"SKIP","floor":31}],"player_experience":1213691,"relics_obtained":[{"floor":9,"key":"Bronze Scales"},{"floor":26,"key":"Shuriken"}],"event_choices":[{"event_name":"Upgrade Shrine","player_choice":"Upgraded","floor":10,"damage_taken":0},{"event_name":"The Library","player_choice":"Heal","floor":24,"damage_taken":0},{"event_name":"Vampires","player_choice":"Became a vampire","floor":25,"damage_taken":0},{"event_name":"Colosseum","player_choice":"Fight","floor":27,"damage_taken":0},{"event_name":"Colosseum","player_choice":"Fled From Nobs","floor":27,"damage_taken":0}],"is_beta":false,"boss_relics":[{"not_picked":["Ectoplasm","Velvet Choker"],"picked":"Tiny House"}],"items_purged_floors":[20],"is_endless":false,"potions_floor_spawned":[3,5,12,14,16,19,22,29],"killed_by":"Champ","ascension_level":6}