{"gold_per_floor":[110,0,0,18,31,31,56,56,83,83,97,107,7,21,21,116,116,132,152,162,162,37,37,37],"floor_reached":24,"playtime":2585,"items_purged":["Strike_B","Strike_B","Decay"],"score":277,"play_id":"4720d8ab-7749-499a-8179-9cff82b3632e","local_time":"20190131144930","is_ascension_mode":true,"campfire_choices":[{"data":"Zap","floor":6.0,"key":"SMITH"},{"data":"Redo","floor":8.0,"key":"SMITH"},{"data":"Dualcast","floor":10.0,"key":"SMITH"},{"floor":15.0,"key":"REST"},{"floor":23,"key":"REST"}],"neow_cost":"TEN_PERCENT_HP_LOSS","seed_source_timestamp":0,"circlet_count":0,"master_deck":["Strike_B","Defend_B","Defend_B","Zap+1","Dualcast+1","Cold Snap","Genetic Algorithm","Echo Form","Redo+1","Beam Cell","Gash","Buffer","Shame","Force Field","Coolheaded","Melter"],"special_seed":0,"relics":["Cracked Core","Pen Nib","DataDisk","Calling Bell","PreservedInsect","Mummified Hand","Bird Faced Urn"],"potions_floor_usage":[],"damage_taken":[{"damage":6.0,"enemies":"2 Louse","floor":1.0,"turns":2.0},{"damage":4.0,"enemies":"Cultist","floor":4.0,"turns":3.0},{"damage":4.0,"enemies":"Small Slimes","floor":5.0,"turns":4.0},{"damage":16.0,"enemies":"Lagavulin","floor":7.0,"turns":5.0},{"damage":0.0,"enemies":"Exordium Wildlife","floor":11.0,"turns":4.0},{"damage":21.0,"enemies":"Exordium Thugs","floor":12.0,"turns":4.0},{"damage":0.0,"enemies":"3 Louse","floor":14.0,"turns":3.0},{"damage":10.0,"enemies":"Slime Boss","floor":16.0,"turns":10.0},{"damage":2,"enemies":"Spheric Guardian","floor":18,"turns":4},{"damage":25,"enemies":"Chosen","floor":19,"turns":7},{"damage":39,"enemies":"Centurion and Healer","floor":20,"turns":9},{"damage":31,"enemies":"Gremlin Leader","floor":24,"turns":7}],"seed_played":"-5920053325867540309","potions_obtained":[{"floor":5.0,"key":"FocusPotion"},{"floor":7.0,"key":"AttackPotion"},{"floor":18,"key":"Ancient Potion"},{"floor":19,"key":"SteroidPotion"}],"is_trial":false,"path_per_floor":["M","$","?","M","M","R","E","R","T","R","M","M","$","M","R","B",null,"M","M","M","?","$","R","E"],"character_chosen":"DEFECT","items_purchased":["Genetic Algorithm"],"campfire_rested":2,"item_purchase_floors":[2],"current_hp_per_floor":[62,62,62,58,54,54,38,38,38,38,38,17,17,17,37,27,58,60,41,6,6,6,26,0],"gold":37,"neow_bonus":"REMOVE_TWO","is_prod":false,"is_daily":false,"chose_seed":false,"campfire_upgraded":3,"win_rate":0,"timestamp":1548964170,"path_taken":["M","$","?","M","?","R","E","R","T","R","?","M","$","M","R","BOSS","M","M","M","?","$","R","E"],"build_version":"2019-01-23","purchased_purges":3,"victory":false,"max_hp_per_floor":[68,68,68,68,68,68,68,68,68,68,68,68,68,68,68,68,68,68,68,68,68,68,68,68],"card_choices":[{"not_picked":["Conserve Battery","Tempest"],"picked":"Cold Snap","floor":1.0},{"not_picked":["Barrage","Leap"],"picked":"Echo Form","floor":4.0},{"not_picked":["Conserve Battery","Skim"],"picked":"Redo","floor":5.0},{"not_picked":["Lockon","Aggregate","BootSequence"],"picked":"SKIP","floor":7.0},{"not_picked":["Rebound","Barrage","Stack"],"picked":"SKIP","floor":11.0},{"not_picked":["Rebound","Barrage"],"picked":"Beam Cell","floor":12.0},{"not_picked":["Streamline","Hello World"],"picked":"Gash","floor":14.0},{"not_picked":["Hyperbeam","Multi-Cast"],"picked":"Buffer","floor":16.0},{"not_picked":["Rebound","Ball Lightning"],"picked":"Force Field","floor":18},{"not_picked":["Ball Lightning","Steam"],"picked":"Coolheaded","floor":19},{"not_picked":["Hologram","Beam Cell"],"picked":"Melter","floor":20}],"player_experience":544317,"relics_obtained":[{"floor":7.0,"key":"Pen Nib"},{"floor":9.0,"key":"DataDisk"},{"floor":17,"key":"PreservedInsect"},{"floor":17,"key":"Mummified Hand"},{"floor":17,"key":"Bird Faced Urn"}],"event_choices":[{"cards_removed":["Defend_B"],"damage_healed":0.0,"max_hp_gain":0.0,"max_hp_loss":0.0,"gold_gain":0.0,"event_name":"Purifier","player_choice":"Purged","floor":3.0,"gold_loss":0.0,"damage_taken":0.0},{"cards_removed":["Regret"],"damage_healed":0,"gold_gain":0,"player_choice":"Elegance","damage_taken":0,"max_hp_gain":0,"max_hp_loss":0,"event_name":"Back to Basics","floor":21,"gold_loss":0}],"is_beta":false,"boss_relics":[{"not_picked":["Runic Pyramid","Coffee Dripper"],"picked":"Calling Bell"}],"items_purged_floors":[2,13,22],"is_endless":false,"potions_floor_spawned":[5,7,18,19],"killed_by":"Gremlin Leader","ascension_level":8}