{"gold_per_floor":[117,137,137,149,169,169,200,200,226,243,269,33,33,52,52,150,150,168,187,42,57,77,106,106,120,120,151,165,176,176,176,176,279,279,296,71,91,104,122,122,138,138,138,163,163,163,176,191,191,191],"floor_reached":51,"playtime":2980,"items_purged":["Strike_G","Strike_G","Decay"],"score":1186,"play_id":"f3acc1fe-2ae7-4267-b0f6-4b34b4871b2f","local_time":"20190515025850","is_ascension_mode":true,"campfire_choices":[{"data":"Footwork","floor":6,"key":"SMITH"},{"floor":8,"key":"REST"},{"data":"Apotheosis","floor":15,"key":"SMITH"},{"floor":24,"key":"REST"},{"floor":30,"key":"REST"},{"floor":32,"key":"REST"},{"floor":40,"key":"REST"},{"data":"After Image","floor":42,"key":"SMITH"},{"floor":49,"key":"REST"}],"neow_cost":"NONE","seed_source_timestamp":0,"circlet_count":0,"master_deck":["AscendersBane","Defend_G","Defend_G","Defend_G","Defend_G","Defend_G","Strike_G","Strike_G","Survivor","Neutralize","Quick Slash","Footwork+1","Terror","Crippling Poison","Catalyst","Poisoned Stab","Apotheosis+1","Backflip","Adrenaline","Cloak And Dagger","Deadly Poison+1","Noxious Fumes","Cloak And Dagger","Dodge and Roll","Blur","Dash","Deadly Poison","Bouncing Flask","Noxious Fumes","After Image+1","Deadly Poison+1","PiercingWail","Backstab+1","Footwork","Burst","Shame","Backflip","Writhe","Leg Sweep"],"special_seed":0,"relics":["Ring of the Serpent","NeowsBlessing","Regal Pillow","Smiling Mask","Happy Flower","Pear","Cursed Key","Boot","Bottled Flame","Mercury Hourglass","Oddly Smooth Stone","Singing Bowl","Snake Skull","CultistMask"],"potions_floor_usage":[7,10,14,16,23,23,27,33,33,50],"damage_taken":[{"damage":0,"enemies":"Cultist","floor":1,"turns":1},{"damage":0,"enemies":"Small Slimes","floor":2,"turns":1},{"damage":0,"enemies":"2 Louse","floor":4,"turns":1},{"damage":3,"enemies":"Large Slime","floor":5,"turns":6},{"damage":27,"enemies":"Gremlin Nob","floor":7,"turns":4},{"damage":4,"enemies":"Looter","floor":10,"turns":3},{"damage":26,"enemies":"Lagavulin","floor":11,"turns":7},{"damage":1,"enemies":"Lots of Slimes","floor":14,"turns":5},{"damage":23,"enemies":"The Guardian","floor":16,"turns":8},{"damage":0,"enemies":"Spheric Guardian","floor":18,"turns":4},{"damage":7,"enemies":"3 Byrds","floor":19,"turns":4},{"damage":12,"enemies":"Centurion and Healer","floor":21,"turns":5},{"damage":0,"enemies":"Chosen and Byrds","floor":22,"turns":4},{"damage":24,"enemies":"Slavers","floor":23,"turns":4},{"damage":12,"enemies":"Snake Plant","floor":25,"turns":4},{"damage":24,"enemies":"Gremlin Leader","floor":27,"turns":8},{"damage":2,"enemies":"3 Cultists","floor":28,"turns":5},{"damage":16,"enemies":"Snecko","floor":29,"turns":4},{"damage":25,"enemies":"Automaton","floor":33,"turns":9},{"damage":26,"enemies":"3 Darklings","floor":35,"turns":6},{"damage":3,"enemies":"Orb Walker","floor":37,"turns":5},{"damage":13,"enemies":"3 Darklings","floor":38,"turns":5},{"damage":12,"enemies":"4 Shapes","floor":39,"turns":4},{"damage":6,"enemies":"Maw","floor":41,"turns":5},{"damage":38,"enemies":"Reptomancer","floor":44,"turns":7},{"damage":11,"enemies":"Spire Growth","floor":47,"turns":5},{"damage":2,"enemies":"3 Darklings","floor":48,"turns":5},{"damage":20,"enemies":"Awakened One","floor":50,"turns":17}],"seed_played":"-2200817692837504949","potions_obtained":[{"floor":1,"key":"Energy Potion"},{"floor":5,"key":"AttackPotion"},{"floor":11,"key":"Dexterity Potion"},{"floor":14,"key":"LiquidBronze"},{"floor":16,"key":"SpeedPotion"},{"floor":21,"key":"LiquidBronze"},{"floor":23,"key":"LiquidBronze"},{"floor":27,"key":"SpeedPotion"},{"floor":28,"key":"Fire Potion"},{"floor":37,"key":"FairyPotion"},{"floor":39,"key":"Strength Potion"}],"is_trial":false,"path_per_floor":["M","M","?","M","M","R","E","R","T","M","E","$","?","M","R","B",null,"M","M","$","M","M","E","R","M","T","E","M","M","R","?","R","B",null,"M","$","M","M","M","R","M","R","T","E","?","?","M","M","R","B",null],"character_chosen":"THE_SILENT","items_purchased":["Apotheosis","Noxious Fumes","Cloak And Dagger","Oddly Smooth Stone","PiercingWail"],"campfire_rested":6,"item_purchase_floors":[12,20,20,36,36],"current_hp_per_floor":[63,63,63,63,60,60,33,69,69,65,49,49,49,48,48,25,66,66,59,59,47,47,23,62,50,50,26,24,8,47,47,80,55,74,48,48,45,32,20,59,53,53,53,15,35,35,26,24,63,43],"gold":191,"neow_bonus":"THREE_ENEMY_KILL","is_prod":false,"is_daily":false,"chose_seed":false,"campfire_upgraded":3,"win_rate":0,"timestamp":1557907130,"path_taken":["M","?","?","?","M","R","E","R","T","M","E","$","?","M","R","BOSS","M","M","$","M","M","E","R","M","T","E","M","?","R","?","R","BOSS","M","$","M","M","M","R","M","R","T","E","?","?","?","M","R","BOSS"],"build_version":"2019-01-23","purchased_purges":3,"victory":true,"max_hp_per_floor":[70,70,70,70,70,70,70,70,70,70,80,80,80,80,80,80,80,80,80,80,80,80,80,80,80,80,80,80,80,80,80,80,80,80,80,80,80,80,80,80,80,80,80,80,80,80,82,82,82,82],"card_choices":[{"not_picked":["Eviscerate","Deadly Poison"],"picked":"Quick Slash","floor":1},{"not_picked":["Deflect","Underhanded Strike"],"picked":"Doppelganger","floor":2},{"not_picked":["Slice","Well Laid Plans"],"picked":"Footwork","floor":4},{"not_picked":["Dagger Throw","Poisoned Stab"],"picked":"Terror","floor":5},{"not_picked":["Underhanded Strike","Accuracy"],"picked":"Crippling Poison","floor":7},{"not_picked":["Outmaneuver","Choke"],"picked":"Catalyst","floor":10},{"not_picked":["Dodge and Roll","Deflect"],"picked":"Poisoned Stab","floor":11},{"not_picked":["Slice","Glass Knife"],"picked":"Backflip","floor":14},{"not_picked":["Night Terror","Unload"],"picked":"Adrenaline","floor":16},{"not_picked":["Flechettes","Dagger Throw"],"picked":"Cloak And Dagger","floor":18},{"not_picked":["All Out Attack+1","Eviscerate"],"picked":"Deadly Poison+1","floor":19},{"not_picked":["Dagger Throw","Dash"],"picked":"Dodge and Roll","floor":21},{"not_picked":["Slice+1","Sucker Punch"],"picked":"Blur","floor":22},{"not_picked":["Acrobatics","Riddle With Holes"],"picked":"Dash","floor":23},{"not_picked":["Eviscerate","Flying Knee"],"picked":"Deadly Poison","floor":25},{"not_picked":["Outmaneuver","Storm of Steel"],"picked":"Bouncing Flask","floor":27},{"not_picked":["Underhanded Strike","Finisher","Blade Dance"],"picked":"SKIP","floor":28},{"not_picked":["Underhanded Strike","Quick Slash"],"picked":"Noxious Fumes","floor":29},{"not_picked":["Corpse Explosion","Glass Knife"],"picked":"After Image","floor":33},{"not_picked":["Deflect","Terror"],"picked":"Deadly Poison+1","floor":35},{"not_picked":["Outmaneuver","Blade Dance"],"picked":"Backstab+1","floor":37},{"not_picked":["Sucker Punch+1","Quick Slash","Calculated Gamble+1"],"picked":"SKIP","floor":38},{"not_picked":["Sucker Punch","Flying Knee+1"],"picked":"Footwork","floor":39},{"not_picked":["Underhanded Strike","Leg Sweep"],"picked":"Burst","floor":41},{"not_picked":["Noxious Fumes","Outmaneuver"],"picked":"Backflip","floor":44},{"not_picked":["Poisoned Stab","PiercingWail","Flechettes+1"],"picked":"Singing Bowl","floor":47},{"not_picked":["Deflect","Finisher"],"picked":"Leg Sweep","floor":48}],"player_experience":666998,"relics_obtained":[{"floor":7,"key":"Smiling Mask"},{"floor":9,"key":"Happy Flower"},{"floor":11,"key":"Pear"},{"floor":23,"key":"Boot"},{"floor":26,"key":"Bottled Flame"},{"floor":27,"key":"Mercury Hourglass"},{"floor":43,"key":"Singing Bowl"},{"floor":44,"key":"Snake Skull"}],"event_choices":[{"cards_removed":["Doppelganger"],"damage_healed":0,"gold_gain":0,"player_choice":"Gave Card","damage_taken":0,"relics_obtained":["Regal Pillow"],"max_hp_gain":0,"max_hp_loss":0,"event_name":"WeMeetAgain","floor":3,"gold_loss":0},{"cards_removed":["Strike_G"],"damage_healed":0,"gold_gain":0,"player_choice":"Purged","damage_taken":0,"max_hp_gain":0,"max_hp_loss":0,"event_name":"Purifier","floor":13,"gold_loss":0},{"damage_healed":0,"gold_gain":0,"player_choice":"Ignored","damage_taken":0,"max_hp_gain":0,"max_hp_loss":0,"event_name":"Vampires","floor":31,"gold_loss":0},{"damage_healed":20,"gold_gain":0,"player_choice":"Writhe","damage_taken":0,"max_hp_gain":0,"max_hp_loss":0,"event_name":"Winding Halls","floor":45,"gold_loss":0,"cards_obtained":["Writhe"]},{"damage_healed":0,"gold_gain":0,"player_choice":"Trade","damage_taken":0,"relics_obtained":["CultistMask"],"max_hp_gain":0,"max_hp_loss":0,"event_name":"FaceTrader","floor":46,"gold_loss":0}],"is_beta":false,"boss_relics":[{"not_picked":["Velvet Choker","Eternal Feather"],"picked":"Cursed Key"},{"not_picked":["White Beast Statue","HoveringKite"],"picked":"Ring of the Serpent"}],"items_purged_floors":[12,20,36],"is_endless":false,"potions_floor_spawned":[1,5,11,14,16,21,23,27,28,37,39,41,44,48],"ascension_level":12}