{"gold_per_floor":[110,110,110,110,131,131,151,151,151,175,76,95,128,147,147,147],"floor_reached":16,"playtime":685,"items_purged":["Strike_R"],"score":179,"play_id":"87f8740c-aa1d-4f45-b28b-78b6e35a2871","local_time":"20190520083520","is_ascension_mode":true,"campfire_choices":[{"data":"Entrench","floor":6,"key":"SMITH"},{"data":"Iron Wave","floor":8,"key":"SMITH"},{"data":"Body Slam","floor":15,"key":"SMITH"}],"neow_cost":"PERCENT_DAMAGE","seed_source_timestamp":4388624054351294,"circlet_count":0,"master_deck":["AscendersBane","Strike_R","Strike_R","Defend_R","Defend_R","Bash","Iron Wave+1","Entrench+1","Metallicize","Iron Wave","Body Slam+1"],"relics":["Burning Blood","Golden Idol","Ginger","Self Forming Clay"],"potions_floor_usage":[10,13,16],"damage_taken":[{"damage":5,"enemies":"Small Slimes","floor":1,"turns":4},{"damage":24,"enemies":"Jaw Worm","floor":5,"turns":4},{"damage":1,"enemies":"2 Louse","floor":7,"turns":4},{"damage":5,"enemies":"Gremlin Gang","floor":10,"turns":5},{"damage":3,"enemies":"Looter","floor":12,"turns":4},{"damage":20,"enemies":"Lagavulin","floor":13,"turns":9},{"damage":1,"enemies":"Exordium Wildlife","floor":14,"turns":6},{"damage":35,"enemies":"Slime Boss","floor":16,"turns":3}],"seed_played":"-338276808887917801","potions_obtained":[{"floor":5,"key":"AttackPotion"},{"floor":12,"key":"Swift Potion"},{"floor":14,"key":"Explosive Potion"}],"is_trial":false,"path_per_floor":["M","?","?","?","M","R","M","R","T","M","$","M","E","M","R","B"],"character_chosen":"IRONCLAD","items_purchased":["Iron Wave"],"campfire_rested":0,"item_purchase_floors":[11],"current_hp_per_floor":[51,51,44,44,26,26,31,31,31,32,32,35,21,26,26,0],"gold":147,"neow_bonus":"REMOVE_TWO","is_prod":false,"is_daily":false,"chose_seed":false,"campfire_upgraded":3,"win_rate":0,"timestamp":1558334120,"path_taken":["M","?","?","?","M","R","M","R","T","M","$","?","E","M","R","BOSS"],"build_version":"2019-01-23","purchased_purges":1,"victory":false,"max_hp_per_floor":[75,68,68,68,68,68,68,68,68,68,68,68,68,68,68,68],"card_choices":[{"not_picked":["Havoc","Twin Strike"],"picked":"Iron Wave","floor":1},{"not_picked":["Perfected Strike","Warcry","Havoc"],"picked":"SKIP","floor":5},{"not_picked":["Whirlwind","Battle Trance"],"picked":"Metallicize","floor":7},{"not_picked":["Cleave","Havoc","Warcry"],"picked":"SKIP","floor":10},{"not_picked":["Uppercut","True Grit","Intimidate"],"picked":"SKIP","floor":12},{"not_picked":["Dropkick","Infernal Blade","Dark Embrace"],"picked":"SKIP","floor":13},{"not_picked":["Burning Pact","Cleave"],"picked":"Body Slam","floor":14}],"player_experience":565235,"relics_obtained":[{"floor":9,"key":"Ginger"},{"floor":13,"key":"Self Forming Clay"}],"event_choices":[{"damage_healed":0,"gold_gain":0,"player_choice":"Lose Max HP","damage_taken":0,"relics_obtained":["Golden Idol"],"max_hp_gain":0,"max_hp_loss":7,"event_name":"Golden Idol","floor":2,"gold_loss":0},{"cards_removed":["Defend_R"],"damage_healed":0,"gold_gain":0,"player_choice":"Card Removal","damage_taken":7,"max_hp_gain":0,"max_hp_loss":0,"event_name":"Golden Wing","floor":3,"gold_loss":0},{"damage_healed":0,"gold_gain":0,"cards_transformed":["Strike_R"],"player_choice":"Transformed","damage_taken":0,"max_hp_gain":0,"max_hp_loss":0,"event_name":"Transmorgrifier","floor":4,"gold_loss":0,"cards_obtained":["Entrench"]}],"is_beta":false,"boss_relics":[],"items_purged_floors":[11],"is_endless":false,"potions_floor_spawned":[5,12,14],"killed_by":"Slime Boss","ascension_level":15}