{"gold_per_floor":[112,262,276,289,308,340,340,340,340,340,356,371,80,80,80,156,156,167,92,108,19,36,36,49,49,75,75,75,90,90,90,90,90],"floor_reached":33,"playtime":4642,"items_purged":[],"score":494,"play_id":"b9bdaedc-6f5a-4152-8971-0636efb90afb","local_time":"20181231154433","daily_mods":["Draft"],"is_ascension_mode":true,"campfire_choices":[{"data":"White Noise","floor":7.0,"key":"SMITH"},{"data":"Genetic Algorithm","floor":10.0,"key":"SMITH"},{"data":"Fusion","floor":15.0,"key":"SMITH"},{"data":"Recycle","floor":23.0,"key":"SMITH"},{"data":"Capacitor","floor":25.0,"key":"SMITH"},{"data":"Blizzard","floor":28.0,"key":"SMITH"},{"floor":32,"key":"REST"}],"neow_cost":"","seed_source_timestamp":0,"circlet_count":0,"master_deck":["AscendersBane","Conserve Battery","Go for the Eyes","Capacitor+1","Cold Snap","Lockon","Go for the Eyes","Gash","Steam","Beam Cell","Cold Snap","Genetic Algorithm+1","Conserve Battery","Leap","Sweeping Beam","Tempest","Static Discharge","Recycle+1","Gash","White Noise+1","Conserve Battery","Static Discharge","Fusion+1","Magnetism","Self Repair","Echo Form","Steam Power+1","Redo+1","Self Repair","Seek+1","Blizzard+1","Turbo+1"],"special_seed":0,"relics":["FrozenCore","Incense Burner","Meat on the Bone","Toxic Egg 2","Omamori"],"potions_floor_usage":[],"damage_taken":[{"damage":0.0,"enemies":"Small Slimes","floor":1.0,"turns":3.0},{"damage":1.0,"enemies":"Jaw Worm","floor":3.0,"turns":3.0},{"damage":0.0,"enemies":"Cultist","floor":4.0,"turns":4.0},{"damage":5.0,"enemies":"Red Slaver","floor":5.0,"turns":3.0},{"damage":10.0,"enemies":"3 Sentries","floor":6.0,"turns":3.0},{"damage":3.0,"enemies":"Large Slime","floor":11.0,"turns":5.0},{"damage":0.0,"enemies":"2 Fungi Beasts","floor":12.0,"turns":3.0},{"damage":14.0,"enemies":"The Guardian","floor":16.0,"turns":9.0},{"damage":10.0,"enemies":"Shell Parasite","floor":18.0,"turns":7.0},{"damage":19.0,"enemies":"Chosen","floor":20.0,"turns":5.0},{"damage":4.0,"enemies":"Snecko","floor":22.0,"turns":8.0},{"damage":0.0,"enemies":"3 Cultists","floor":24.0,"turns":6.0},{"damage":31.0,"enemies":"Snake Plant","floor":29.0,"turns":5.0},{"damage":56,"enemies":"Collector","floor":33,"turns":7}],"seed_played":"2697905385714102682","potions_obtained":[{"floor":3.0,"key":"EntropicBrew"},{"floor":6.0,"key":"Dexterity Potion"},{"floor":16.0,"key":"PowerPotion"},{"floor":18.0,"key":"Weak Potion"},{"floor":22.0,"key":"Block Potion"},{"floor":29.0,"key":"SteroidPotion"}],"is_trial":true,"path_per_floor":["M","?","M","M","M","E","R","?","T","R","M","M","$","?","R","B",null,"M","?","M","$","M","R","M","R","T","?","R","M","?","?","R","B"],"character_chosen":"DEFECT","items_purchased":["Magnetism","Self Repair","Self Repair"],"campfire_rested":1,"item_purchase_floors":[13,13,21],"current_hp_per_floor":[64,64,63,63,58,48,48,48,48,48,45,45,45,45,45,50,66,63,63,44,44,54,54,71,71,71,51,51,46,46,25,47,0],"gold":90,"neow_bonus":"","is_prod":false,"is_daily":false,"chose_seed":false,"campfire_upgraded":6,"win_rate":0,"timestamp":1546289073,"path_taken":["M","?","M","M","M","E","R","?","T","R","?","M","$","?","R","BOSS","M","?","M","$","M","R","M","R","T","?","R","M","?","?","R","BOSS"],"build_version":"2018-12-20","purchased_purges":0,"victory":false,"max_hp_per_floor":[71,71,71,71,71,71,71,71,71,71,71,71,71,71,71,71,71,71,71,71,71,71,71,71,71,71,76,76,76,76,76,76,76],"card_choices":[{"not_picked":["Streamline","Rebound"],"picked":"Conserve Battery","floor":0.0},{"not_picked":["Steam","Sweeping Beam"],"picked":"Go for the Eyes","floor":0.0},{"not_picked":["Ball Lightning","Go for the Eyes"],"picked":"Capacitor","floor":0.0},{"not_picked":["Beam Cell","Redo"],"picked":"Cold Snap","floor":0.0},{"not_picked":["Reprogram","Conserve Battery"],"picked":"Lockon","floor":0.0},{"not_picked":["Recycle","Barrage"],"picked":"Go for the Eyes","floor":0.0},{"not_picked":["Stack","Go for the Eyes"],"picked":"Gash","floor":0.0},{"not_picked":["Hello World","Sweeping Beam"],"picked":"Steam","floor":0.0},{"not_picked":["Consume","Sweeping Beam"],"picked":"Beam Cell","floor":0.0},{"not_picked":["Beam Cell","Sweeping Beam"],"picked":"Cold Snap","floor":0.0},{"not_picked":["Redo","Steam"],"picked":"Genetic Algorithm","floor":0.0},{"not_picked":["Redo","Aggregate"],"picked":"Conserve Battery","floor":0.0},{"not_picked":["Go for the Eyes","Streamline"],"picked":"Leap","floor":0.0},{"not_picked":["Beam Cell","Compile Driver"],"picked":"Sweeping Beam","floor":0.0},{"not_picked":["Turbo","Beam Cell"],"picked":"Tempest","floor":0.0},{"not_picked":["Genetic Algorithm","Compile Driver"],"picked":"Static Discharge","floor":1.0},{"not_picked":["Leap","Turbo"],"picked":"Recycle","floor":3.0},{"not_picked":["Cold Snap","Aggregate"],"picked":"Gash","floor":4.0},{"not_picked":["Reprogram","Compile Driver"],"picked":"White Noise","floor":5.0},{"not_picked":["Barrage","Recycle"],"picked":"Conserve Battery","floor":6.0},{"not_picked":["Fusion","Cold Snap"],"picked":"Static Discharge","floor":11.0},{"not_picked":["Double Energy","Cold Snap"],"picked":"Fusion","floor":12.0},{"not_picked":["Amplify+1","Biased Cognition"],"picked":"Echo Form","floor":16.0},{"not_picked":["Steam+1","Go for the Eyes"],"picked":"Steam Power+1","floor":18.0},{"not_picked":["Rebound","Loop"],"picked":"Redo+1","floor":20.0},{"not_picked":["Stack+1","Conserve Battery+1"],"picked":"Seek+1","floor":22.0},{"not_picked":["Ball Lightning","Leap+1"],"picked":"Blizzard","floor":24.0},{"not_picked":["Scrape","FTL"],"picked":"Turbo+1","floor":29.0}],"player_experience":195264,"relics_obtained":[{"floor":6.0,"key":"Incense Burner"},{"floor":9.0,"key":"Meat on the Bone"},{"floor":26.0,"key":"Omamori"}],"event_choices":[{"damage_healed":0.0,"max_hp_gain":0.0,"max_hp_loss":0.0,"gold_gain":150.0,"event_name":"Liars Game","player_choice":"AGREE","floor":2.0,"gold_loss":0.0,"damage_taken":0.0,"cards_obtained":["Doubt"]},{"cards_removed":["Doubt"],"damage_healed":0.0,"max_hp_gain":0.0,"max_hp_loss":0.0,"gold_gain":0.0,"event_name":"Purifier","player_choice":"Purged","floor":8.0,"gold_loss":0.0,"damage_taken":0.0},{"damage_healed":0.0,"max_hp_gain":0.0,"max_hp_loss":0.0,"gold_gain":0.0,"event_name":"Big Fish","player_choice":"Box","floor":14.0,"gold_loss":0.0,"damage_taken":0.0,"relics_obtained":["Toxic Egg 2"],"cards_obtained":["Regret"]},{"cards_removed":["Regret"],"damage_healed":0.0,"max_hp_gain":0.0,"max_hp_loss":0.0,"gold_gain":0.0,"event_name":"Beggar","player_choice":"Gave Gold","floor":19.0,"gold_loss":75.0,"damage_taken":0.0},{"damage_healed":0.0,"max_hp_gain":5.0,"max_hp_loss":0.0,"gold_gain":0.0,"event_name":"Forgotten Altar","player_choice":"Shed Blood","floor":27.0,"gold_loss":0.0,"damage_taken":25.0},{"damage_healed":0.0,"max_hp_gain":0.0,"max_hp_loss":0.0,"gold_gain":0.0,"event_name":"Ghosts","player_choice":"Ignored","floor":30.0,"gold_loss":0.0,"damage_taken":0.0},{"damage_healed":0.0,"max_hp_gain":0.0,"max_hp_loss":0.0,"gold_gain":0.0,"event_name":"Cursed Tome","player_choice":"Obtained Book","floor":31.0,"gold_loss":0.0,"damage_taken":21.0}],"is_beta":false,"boss_relics":[{"not_picked":["Fusion Hammer","Calling Bell"],"picked":"FrozenCore"}],"items_purged_floors":[],"is_endless":false,"potions_floor_spawned":[3,6,11,16,18,22,29],"killed_by":"Collector","ascension_level":20}