{"gold_per_floor":[109,128,53,73,148,178,178,209,234,184,218,218,218,233,233,334,334,347,55,55,75,75,108,108,135,161,180,180],"floor_reached":28,"playtime":2411,"items_purged":["Strike_G","Strike_G"],"score":356,"play_id":"512cba07-8a83-461a-8571-ad3e3c0d92e6","local_time":"20181228111312","is_ascension_mode":true,"campfire_choices":[{"floor":7,"key":"REST"},{"floor":13,"key":"REST"},{"floor":15,"key":"REST"},{"floor":24,"key":"REST"}],"neow_cost":"NONE","seed_source_timestamp":177079751603175,"circlet_count":0,"master_deck":["Defend_G","Defend_G","Defend_G","Defend_G","Defend_G","Strike_G","Survivor+1","Neutralize","Noxious Fumes","Bane","Well Laid Plans","Bouncing Flask+1","Footwork","Dagger Spray","Backstab","PiercingWail","Adrenaline","Dash","Dodge and Roll","Well Laid Plans","Venomology","Backstab+1","Slice","Dagger Spray","Bane"],"relics":["Orrery","Dream Catcher","Happy Flower","War Paint","Pear","Orichalcum","White Beast Statue","ClockworkSouvenir","MutagenicStrength","Ginger","Bottled Tornado","Lantern"],"potions_floor_usage":[6,8,11,18,18,18,23,23,23,25,28,28,28],"damage_taken":[{"damage":4,"enemies":"2 Louse","floor":1,"turns":3},{"damage":2,"enemies":"Small Slimes","floor":2,"turns":3},{"damage":4,"enemies":"Jaw Worm","floor":4,"turns":2},{"damage":11,"enemies":"3 Sentries","floor":6,"turns":6},{"damage":22,"enemies":"Gremlin Nob","floor":8,"turns":4},{"damage":10,"enemies":"3 Sentries","floor":11,"turns":7},{"damage":3,"enemies":"Large Slime","floor":14,"turns":5},{"damage":5,"enemies":"The Guardian","floor":16,"turns":9},{"damage":9,"enemies":"2 Thieves","floor":18,"turns":5},{"damage":15,"enemies":"3 Byrds","floor":21,"turns":6},{"damage":22,"enemies":"Gremlin Leader","floor":23,"turns":5},{"damage":42,"enemies":"Book of Stabbing","floor":25,"turns":5},{"damage":18,"enemies":"Snake Plant","floor":27,"turns":3},{"damage":8,"enemies":"Slavers","floor":28,"turns":1}],"seed_played":"7477781508833224214","potions_obtained":[{"floor":2,"key":"SteroidPotion"},{"floor":6,"key":"FearPotion"},{"floor":8,"key":"SkillPotion"},{"floor":11,"key":"Regen Potion"},{"floor":16,"key":"Weak Potion"},{"floor":18,"key":"Strength Potion"},{"floor":21,"key":"Block Potion"},{"floor":23,"key":"AttackPotion"},{"floor":25,"key":"Strength Potion"},{"floor":27,"key":"Swift Potion"}],"is_trial":false,"path_per_floor":["M","M","$","M","?","E","R","E","T","?","E","?","R","M","R","B",null,"M","$","?","M","?","E","R","E","T","M","E"],"character_chosen":"THE_SILENT","items_purchased":["ClockworkSouvenir"],"campfire_rested":4,"item_purchase_floors":[19],"current_hp_per_floor":[59,57,57,53,42,31,52,30,30,30,30,12,36,33,57,52,73,78,78,78,63,63,41,65,23,23,5,0],"gold":180,"neow_bonus":"BOSS_RELIC","is_prod":false,"is_daily":false,"chose_seed":false,"campfire_upgraded":0,"win_rate":0,"timestamp":1546017192,"path_taken":["M","M","$","M","?","E","R","E","T","?","E","?","R","M","R","BOSS","M","$","?","M","?","E","R","E","T","?","E"],"build_version":"2018-12-20","purchased_purges":2,"victory":false,"max_hp_per_floor":[70,70,70,70,70,70,70,70,70,70,80,80,80,80,80,80,80,80,80,80,80,80,80,80,80,80,80,80],"card_choices":[{"not_picked":["Predator","Poisoned Stab"],"picked":"Noxious Fumes","floor":0},{"not_picked":["Masterful Stab","Cloak And Dagger"],"picked":"Bane","floor":0},{"not_picked":["Setup","Dagger Spray"],"picked":"Well Laid Plans","floor":0},{"not_picked":["Deflect","Backflip"],"picked":"Bouncing Flask","floor":1},{"not_picked":["Acrobatics","Infinite Blades"],"picked":"Footwork","floor":2},{"not_picked":["Bane","Outmaneuver"],"picked":"Dagger Spray","floor":4},{"not_picked":["Acrobatics","Reflex"],"picked":"Backstab","floor":6},{"not_picked":["Sucker Punch","Dagger Throw"],"picked":"PiercingWail","floor":7},{"not_picked":["Caltrops","Deadly Poison"],"picked":"Adrenaline","floor":8},{"not_picked":["Concentrate","PiercingWail"],"picked":"Dash","floor":11},{"not_picked":["Deadly Poison","Masterful Stab"],"picked":"Dodge and Roll","floor":14},{"not_picked":["All Out Attack","Quick Slash"],"picked":"Well Laid Plans","floor":15},{"not_picked":["Night Terror","Glass Knife"],"picked":"Venomology","floor":16},{"not_picked":["Deflect","Blur"],"picked":"Backstab+1","floor":18},{"not_picked":["Dagger Throw","Setup","Well Laid Plans"],"picked":"SKIP","floor":21},{"not_picked":["Crippling Poison","Dagger Throw"],"picked":"Slice","floor":23},{"not_picked":["Wraith Form v2","Dodge and Roll+1"],"picked":"Dagger Spray","floor":24},{"not_picked":["Blur","Outmaneuver+1"],"picked":"Bane","floor":25},{"not_picked":["Bane+1","Sucker Punch+1","Quick Slash"],"picked":"SKIP","floor":27}],"player_experience":362231,"relics_obtained":[{"floor":6,"key":"Dream Catcher"},{"floor":8,"key":"Happy Flower"},{"floor":9,"key":"War Paint"},{"floor":11,"key":"Pear"},{"floor":23,"key":"Ginger"},{"floor":25,"key":"Bottled Tornado"},{"floor":26,"key":"Lantern"}],"event_choices":[{"damage_healed":0,"gold_gain":75,"player_choice":"Gather Gold","damage_taken":11,"max_hp_gain":0,"max_hp_loss":0,"event_name":"World of Goop","floor":5,"gold_loss":0},{"cards_removed":["Strike_G"],"damage_healed":0,"gold_gain":0,"player_choice":"Card Removal","damage_taken":0,"max_hp_gain":0,"max_hp_loss":0,"event_name":"The Cleric","floor":10,"gold_loss":50},{"damage_healed":0,"gold_gain":0,"player_choice":"Success","damage_taken":18,"relics_obtained":["Orichalcum"],"max_hp_gain":0,"max_hp_loss":0,"event_name":"Scrap Ooze","floor":12,"gold_loss":0},{"cards_removed":["Strike_G"],"damage_healed":0,"gold_gain":0,"player_choice":"Elegance","damage_taken":0,"max_hp_gain":0,"max_hp_loss":0,"event_name":"Back to Basics","floor":20,"gold_loss":0},{"damage_healed":0,"gold_gain":0,"player_choice":"Inject Mutagens","damage_taken":0,"relics_obtained":["MutagenicStrength"],"max_hp_gain":0,"max_hp_loss":0,"event_name":"Drug Dealer","floor":22,"gold_loss":0}],"is_beta":false,"boss_relics":[{"not_picked":["Runic Dome","HoveringKite"],"picked":"White Beast Statue"}],"items_purged_floors":[3,19],"is_endless":false,"potions_floor_spawned":[2,6,8,11,16,18,21,23,25,27],"killed_by":"Slavers","ascension_level":6}