{"path_per_floor":["M","?","M","?","T","R","E","R","T","$","M","?","M","E","R","B",null,"M","$","?","M","?","E","R","E","T","R","M","M","?","M","R"],"character_chosen":"IRONCLAD","items_purchased":["Inflame","Shrug It Off"],"gold_per_floor":[118,118,129,129,129,129,161,161,161,7,23,23,41,66,66,168,168,186,60,60,78,1,26,26,58,139,139,149,167,92,106,106,106],"floor_reached":33,"campfire_rested":0,"playtime":2192,"item_purchase_floors":[10,19],"current_hp_per_floor":[80,80,80,73,73,73,66,66,66,66,72,72,76,65,65,34,80,79,79,79,80,80,65,65,39,39,39,34,40,40,46,46,0],"items_purged":["Strike_R","Defend_R"],"gold":106,"score":293,"play_id":"de153394-cc79-425c-90b9-ef1695661328","local_time":"20180531174944","is_prod":false,"is_daily":false,"chose_seed":false,"is_ascension_mode":false,"campfire_upgraded":6,"win_rate":0,"timestamp":1527781784,"campfire_choices":[{"data":"Twin Strike","floor":6,"key":"SMITH"},{"data":"Shrug It Off","floor":8,"key":"SMITH"},{"data":"Inflame","floor":15,"key":"SMITH"},{"data":"J.A.X.","floor":24,"key":"SMITH"},{"data":"Flame Barrier","floor":27,"key":"SMITH"},{"data":"Shrug It Off","floor":32,"key":"SMITH"}],"path_taken":["M","?","M","?","?","R","E","R","T","$","M","?","M","E","R","BOSS","M","$","?","M","?","E","R","E","T","R","M","?","?","M","R","BOSS"],"build_version":"2018-05-24","seed_source_timestamp":1279911189596397,"purchased_purges":2,"victory":false,"master_deck":["Strike_R","Strike_R+1","Strike_R+1","Strike_R","Defend_R","Defend_R","Bash","Shrug It Off+1","Twin Strike+1","True Grit","Inflame+1","True Grit","Inflame+1","Shrug It Off+1","Feel No Pain","J.A.X.+1","Thunderclap","Flame Barrier+1","Seeing Red+1"],"max_hp_per_floor":[80,80,80,80,80,80,80,80,80,80,80,80,80,80,80,80,80,80,80,80,80,80,80,80,80,80,80,80,80,80,80,80,80],"relics":["Burning Blood","Thread and Needle","Whetstone","Pen Nib","Gremlin Horn","Darkstone Periapt","Runic Dome","Bronze Scales","Bag of Preparation","Mummified Hand"],"card_choices":[{"not_picked":["Carnage","Dual Wield"],"picked":"Shrug It Off","floor":1},{"not_picked":["Power Through","Sentinel"],"picked":"True Grit","floor":3},{"not_picked":["Disarm","Burning Pact","Anger"],"picked":"SKIP","floor":7},{"not_picked":["Twin Strike","Armaments"],"picked":"True Grit","floor":11},{"not_picked":["Twin Strike","Iron Wave"],"picked":"Inflame","floor":13},{"not_picked":["Warcry","Seeing Red","Dark Embrace"],"picked":"SKIP","floor":14},{"not_picked":["Warcry","Anger","Wild Strike"],"picked":"SKIP","floor":18},{"not_picked":["Power Through+1","Spot Weakness"],"picked":"Feel No Pain","floor":21},{"not_picked":["Searing Blow","Bludgeon"],"picked":"Thunderclap","floor":23},{"not_picked":["Clothesline","Body Slam"],"picked":"Flame Barrier","floor":25},{"not_picked":["Iron Wave","Clothesline+1"],"picked":"Seeing Red+1","floor":28},{"not_picked":["Anger","Evolve","Havoc"],"picked":"SKIP","floor":29},{"not_picked":["Rupture","Clash","Perfected Strike+1"],"picked":"SKIP","floor":31}],"player_experience":132669,"potions_floor_usage":[16,25,25,33,33,33],"damage_taken":[{"damage":0,"enemies":"Jaw Worm","floor":1,"turns":5},{"damage":0,"enemies":"Cultist","floor":3,"turns":3},{"damage":13,"enemies":"Gremlin Nob","floor":7,"turns":4},{"damage":0,"enemies":"Small Slimes","floor":11,"turns":2},{"damage":2,"enemies":"2 Fungi Beasts","floor":13,"turns":3},{"damage":17,"enemies":"Lagavulin","floor":14,"turns":6},{"damage":37,"enemies":"The Guardian","floor":16,"turns":7},{"damage":7,"enemies":"3 Byrds","floor":18,"turns":5},{"damage":5,"enemies":"Chosen","floor":21,"turns":4},{"damage":21,"enemies":"Book of Stabbing","floor":23,"turns":5},{"damage":32,"enemies":"Slavers","floor":25,"turns":6},{"damage":11,"enemies":"Slaver and Parasite","floor":28,"turns":5},{"damage":0,"enemies":"Chosen and Byrds","floor":29,"turns":5},{"damage":0,"enemies":"3 Cultists","floor":31,"turns":3},{"damage":60,"enemies":"Champ","floor":33,"turns":11}],"relics_obtained":[{"floor":5,"key":"Whetstone"},{"floor":7,"key":"Pen Nib"},{"floor":9,"key":"Gremlin Horn"},{"floor":14,"key":"Darkstone Periapt"},{"floor":23,"key":"Bronze Scales"},{"floor":25,"key":"Bag of Preparation"},{"floor":26,"key":"Mummified Hand"}],"event_choices":[{"event_name":"Match and Keep!","player_choice":"1 cards matched","floor":2,"damage_taken":0},{"event_name":"Golden Wing","player_choice":"Card Removal","floor":4,"damage_taken":0},{"event_name":"Upgrade Shrine","player_choice":"Upgraded","floor":12,"damage_taken":0},{"event_name":"Ghosts","player_choice":"Ignored","floor":20,"damage_taken":0},{"event_name":"Drug Dealer","player_choice":"Got JAXXED","floor":22,"damage_taken":0},{"event_name":"Beggar","player_choice":"Gave Gold","floor":30,"damage_taken":0}],"boss_relics":[{"not_picked":["Tiny House","Ectoplasm"],"picked":"Runic Dome"}],"items_purged_floors":[10,19],"potions_floor_spawned":[1,3,13,18,25,31],"seed_played":"-1808188128328339407","killed_by":"Champ","ascension_level":0,"potions_obtained":[{"floor":1,"key":"LiquidBronze"},{"floor":3,"key":"Strength Potion"},{"floor":13,"key":"Fire Potion"},{"floor":18,"key":"SneckoOil"},{"floor":25,"key":"SpeedPotion"},{"floor":31,"key":"Poison Potion"}],"is_trial":false}