{"gold_per_floor":[110,129,25,44,64,89,89,120,189,189,189,203,203,173,173,173],"floor_reached":16,"playtime":547,"items_purged":[],"score":154,"play_id":"aae5308e-f415-4417-bd0e-769d431fb07d","local_time":"20190202171803","is_ascension_mode":true,"campfire_choices":[{"data":"Chaos","floor":7.0,"key":"SMITH"},{"floor":10.0,"key":"REST"},{"floor":13.0,"key":"REST"},{"data":"Zap","floor":15.0,"key":"SMITH"}],"neow_cost":"NONE","seed_source_timestamp":100697254111347,"circlet_count":0,"master_deck":["Strike_B","Strike_B+1","Strike_B","Strike_B","Defend_B","Defend_B","Defend_B","Defend_B","Zap+1","Dualcast","Sunder","Chaos+1","Self Repair","Redo","Defragment+1","Defragment","Creative AI","Double Energy+1","White Noise+1"],"special_seed":0,"relics":["Cracked Core","NeowsBlessing","Omamori","Ginger","Toxic Egg 2"],"potions_floor_usage":[],"damage_taken":[{"damage":0.0,"enemies":"Cultist","floor":1.0,"turns":1.0},{"damage":0.0,"enemies":"2 Louse","floor":2.0,"turns":1.0},{"damage":0.0,"enemies":"Jaw Worm","floor":4.0,"turns":1.0},{"damage":0.0,"enemies":"Large Slime","floor":5.0,"turns":4.0},{"damage":36.0,"enemies":"3 Sentries","floor":6.0,"turns":8.0},{"damage":28.0,"enemies":"Gremlin Nob","floor":8.0,"turns":4.0},{"damage":14.0,"enemies":"3 Louse","floor":12.0,"turns":2.0},{"damage":5.0,"enemies":"Looter","floor":14.0,"turns":4.0},{"damage":41,"enemies":"The Guardian","floor":16,"turns":4}],"seed_played":"6990276794885175792","potions_obtained":[{"floor":4.0,"key":"Weak Potion"},{"floor":8.0,"key":"LiquidBronze"}],"is_trial":false,"path_per_floor":["M","M","$","M","M","E","R","E","T","R","?","M","R","M","R","B"],"character_chosen":"DEFECT","items_purchased":["Self Repair","Redo"],"campfire_rested":2,"item_purchase_floors":[3,3],"current_hp_per_floor":[68,68,68,68,68,39,39,11,11,33,18,11,33,35,35,0],"gold":173,"neow_bonus":"THREE_ENEMY_KILL","is_prod":false,"is_daily":false,"chose_seed":false,"campfire_upgraded":2,"win_rate":0,"timestamp":1549145883,"path_taken":["M","?","$","M","M","E","R","E","T","R","?","M","R","M","R","BOSS"],"build_version":"2019-01-23","purchased_purges":0,"victory":false,"max_hp_per_floor":[75,75,75,75,75,75,75,75,75,75,75,75,75,75,75,75],"card_choices":[{"not_picked":["Beam Cell","Go for the Eyes"],"picked":"Sunder","floor":1.0},{"not_picked":["Stack","Hologram"],"picked":"Chaos","floor":2.0},{"not_picked":["Recycle","Hologram","Streamline"],"picked":"SKIP","floor":4.0},{"not_picked":["Doom and Gloom","Hello World"],"picked":"Defragment","floor":5.0},{"not_picked":["Sweeping Beam","Steam Power"],"picked":"Defragment","floor":6.0},{"not_picked":["Steam","Leap"],"picked":"Creative AI","floor":8.0},{"not_picked":["Rip and Tear","Gash"],"picked":"Double Energy+1","floor":12.0},{"not_picked":["Reprogram+1","Gash"],"picked":"White Noise+1","floor":14.0}],"player_experience":557523,"relics_obtained":[{"floor":6.0,"key":"Omamori"},{"floor":8.0,"key":"Ginger"},{"floor":9.0,"key":"Toxic Egg 2"}],"event_choices":[{"damage_healed":0.0,"max_hp_gain":0.0,"max_hp_loss":0.0,"gold_gain":0.0,"event_name":"Shining Light","player_choice":"Entered Light","floor":11.0,"gold_loss":0.0,"damage_taken":15.0,"cards_upgraded":["Defragment","Strike_B"]}],"is_beta":false,"boss_relics":[],"items_purged_floors":[],"is_endless":false,"potions_floor_spawned":[4,8],"killed_by":"The Guardian","ascension_level":8}