{"gold_per_floor":[12,30,41,41,41,41,76,88,168,168],"floor_reached":10,"playtime":346,"items_purged":[],"score":122,"play_id":"842833f7-3d74-4d7c-8687-fb4d25e14110","local_time":"20190503223942","is_ascension_mode":true,"campfire_choices":[{"data":"Sweeping Beam","floor":6,"key":"SMITH"}],"neow_cost":"NO_GOLD","seed_source_timestamp":1473076131265800,"circlet_count":0,"master_deck":["AscendersBane","Strike_B","Strike_B","Defend_B","Defend_B","Defend_B","Defend_B","Zap","Dualcast","Lockon","Turbo","Hologram","Coolheaded","Sweeping Beam+1","Coolheaded","Sunder"],"relics":["Cracked Core","Ice Cream","Kunai"],"potions_floor_usage":[8,10],"damage_taken":[{"damage":0,"enemies":"Small Slimes","floor":1,"turns":2},{"damage":9,"enemies":"Jaw Worm","floor":2,"turns":4},{"damage":6,"enemies":"2 Louse","floor":3,"turns":2},{"damage":35,"enemies":"Gremlin Nob","floor":7,"turns":4},{"damage":13,"enemies":"Exordium Wildlife","floor":8,"turns":2},{"damage":4,"enemies":"Large Slime","floor":10,"turns":3}],"seed_played":"-6233716566742052677","potions_obtained":[{"floor":2,"key":"LiquidBronze"},{"floor":7,"key":"AttackPotion"}],"is_trial":false,"path_per_floor":["M","M","M","?","$","R","E","M","T","M"],"character_chosen":"DEFECT","items_purchased":[],"campfire_rested":0,"item_purchase_floors":[],"current_hp_per_floor":[64,55,49,49,49,49,14,1,1,0],"gold":168,"neow_bonus":"TRANSFORM_TWO_CARDS","is_prod":false,"is_daily":false,"chose_seed":false,"campfire_upgraded":1,"win_rate":0,"timestamp":1556937582,"path_taken":["M","M","M","?","?","R","E","?","T","M"],"build_version":"2019-01-23","purchased_purges":0,"victory":false,"max_hp_per_floor":[71,71,71,71,71,71,71,71,71,71],"card_choices":[{"not_picked":["Cold Snap","Go for the Eyes"],"picked":"Hologram","floor":1},{"not_picked":["Go for the Eyes","Cold Snap"],"picked":"Coolheaded","floor":2},{"not_picked":["Turbo","Hologram"],"picked":"Sweeping Beam","floor":3},{"not_picked":["Turbo","Auto Shields"],"picked":"Coolheaded","floor":7},{"not_picked":["Conserve Battery","Scrape"],"picked":"Sunder","floor":8}],"player_experience":2884724,"relics_obtained":[{"floor":7,"key":"Ice Cream"},{"floor":9,"key":"Kunai"}],"event_choices":[{"damage_healed":0,"gold_gain":0,"player_choice":"Ignored","damage_taken":0,"max_hp_gain":0,"max_hp_loss":0,"event_name":"Shining Light","floor":4,"gold_loss":0}],"is_beta":false,"boss_relics":[],"items_purged_floors":[],"is_endless":false,"potions_floor_spawned":[2,7],"killed_by":"Large Slime","ascension_level":16}