{"gold_per_floor":[118,6,181,181,195,223,223,240,240,254,282,89,54,88,88,162,162,176,176,194,109,127,127,156,156,156,181,192,168,168,183,183,183],"floor_reached":33,"playtime":2048,"items_purged":["Decay"],"score":558,"play_id":"619fc3f5-7a4d-4cea-9d65-a027d6d08ffd","local_time":"20190414113622","is_ascension_mode":true,"campfire_choices":[{"data":"Dualcast","floor":7,"key":"SMITH"},{"data":"Fusion","floor":15,"key":"SMITH"},{"floor":23,"key":"REST"},{"floor":25,"key":"REST"},{"floor":32,"key":"REST"}],"neow_cost":"CURSE","seed_source_timestamp":125503389768900,"circlet_count":0,"master_deck":["AscendersBane","Strike_B","Strike_B","Defend_B","Defend_B","Defend_B","Defend_B","Zap","Dualcast+1","Ball Lightning","Self Repair","Reinforced Body","Heatsinks","Chill","Leap","Fusion+1","Biased Cognition","Capacitor","Electrodynamics","Static Discharge","Sweeping Beam","Echo Form","Storm","Tempest+1","Coolheaded","Steam"],"relics":["Cracked Core","Sundial","Bottled Lightning","Art of War","Happy Flower","Empty Cage","FossilizedHelix","PreservedInsect","Lantern","Oddly Smooth Stone","MutagenicStrength"],"potions_floor_usage":[6,6,10,11,19,20,24,31,31],"damage_taken":[{"damage":9,"enemies":"Small Slimes","floor":1,"turns":3},{"damage":2,"enemies":"Jaw Worm","floor":5,"turns":3},{"damage":25,"enemies":"3 Sentries","floor":6,"turns":6},{"damage":14,"enemies":"2 Louse","floor":8,"turns":2},{"damage":1,"enemies":"Looter","floor":10,"turns":3},{"damage":0,"enemies":"Lagavulin","floor":11,"turns":9},{"damage":36,"enemies":"3 Sentries","floor":14,"turns":21},{"damage":44,"enemies":"Hexaghost","floor":16,"turns":12},{"damage":27,"enemies":"3 Byrds","floor":18,"turns":4},{"damage":18,"enemies":"Colosseum Slavers","floor":19,"turns":2},{"damage":3,"enemies":"Chosen","floor":20,"turns":6},{"damage":22,"enemies":"Shelled Parasite and Fungi","floor":22,"turns":9},{"damage":15,"enemies":"Slavers","floor":24,"turns":4},{"damage":26,"enemies":"Book of Stabbing","floor":27,"turns":6},{"damage":0,"enemies":"Centurion and Healer","floor":28,"turns":3},{"damage":0,"enemies":"Snake Plant","floor":31,"turns":5},{"damage":74,"enemies":"Collector","floor":33,"turns":9}],"seed_played":"-7042966050127879537","potions_obtained":[{"floor":1,"key":"EntropicBrew"},{"floor":8,"key":"Block Potion"},{"floor":14,"key":"Energy Potion"},{"floor":18,"key":"EntropicBrew"},{"floor":28,"key":"Dexterity Potion"}],"is_trial":false,"path_per_floor":["M","$","?","?","M","E","R","M","T","M","E","$","?","E","R","B",null,"M","?","M","?","M","R","E","R","T","E","M","$","?","M","R","B"],"character_chosen":"DEFECT","items_purchased":["Self Repair","Fusion","Biased Cognition","Coolheaded"],"campfire_rested":3,"item_purchase_floors":[2,12,12,29],"current_hp_per_floor":[69,69,69,62,67,49,49,42,42,48,55,55,76,47,47,10,66,39,21,25,25,10,35,20,45,45,26,33,33,33,33,58,0],"gold":183,"neow_bonus":"TWENTY_PERCENT_HP_BONUS","is_prod":false,"is_daily":false,"chose_seed":false,"campfire_upgraded":2,"win_rate":0,"timestamp":1555256182,"path_taken":["M","$","?","?","M","E","R","M","T","M","E","$","?","E","R","BOSS","M","?","M","?","M","R","E","R","T","E","M","$","?","M","R","BOSS"],"build_version":"2019-01-23","purchased_purges":1,"victory":false,"max_hp_per_floor":[85,85,85,85,85,85,85,85,85,85,85,85,85,85,85,85,85,85,85,85,85,85,85,85,85,85,85,85,85,85,85,85,85],"card_choices":[{"not_picked":["Beam Cell","Stack"],"picked":"Ball Lightning","floor":1},{"not_picked":["Consume","Tempest"],"picked":"Reinforced Body","floor":5},{"not_picked":["Hologram","Beam Cell"],"picked":"Heatsinks","floor":6},{"not_picked":["Stack","Skim","Rebound"],"picked":"SKIP","floor":8},{"not_picked":["Streamline","Leap"],"picked":"Chill","floor":10},{"not_picked":["Redo","Rebound"],"picked":"Leap","floor":11},{"not_picked":["Ball Lightning","Reinforced Body"],"picked":"Capacitor","floor":14},{"not_picked":["Core Surge","Hyperbeam"],"picked":"Electrodynamics","floor":16},{"not_picked":["Sweeping Beam","Double Energy"],"picked":"Static Discharge","floor":18},{"not_picked":["Recycle","Genetic Algorithm+1","Rebound"],"picked":"SKIP","floor":20},{"not_picked":["Beam Cell","Stack"],"picked":"Sweeping Beam","floor":22},{"not_picked":["Double Energy","Gash"],"picked":"Echo Form","floor":24},{"not_picked":["Double Energy","Sunder"],"picked":"Storm","floor":27},{"not_picked":["Barrage+1","Sweeping Beam"],"picked":"Tempest+1","floor":28},{"not_picked":["Streamline","Beam Cell"],"picked":"Steam","floor":31}],"player_experience":2753022,"relics_obtained":[{"floor":6,"key":"Sundial"},{"floor":9,"key":"Bottled Lightning"},{"floor":11,"key":"Art of War"},{"floor":14,"key":"Happy Flower"},{"floor":24,"key":"PreservedInsect"},{"floor":26,"key":"Lantern"},{"floor":27,"key":"Oddly Smooth Stone"}],"event_choices":[{"damage_healed":0,"gold_gain":175,"player_choice":"AGREE","damage_taken":0,"max_hp_gain":0,"max_hp_loss":0,"event_name":"Liars Game","floor":3,"gold_loss":0,"cards_obtained":["Doubt"]},{"cards_removed":["Doubt"],"damage_healed":0,"gold_gain":0,"player_choice":"Card Removal","damage_taken":7,"max_hp_gain":0,"max_hp_loss":0,"event_name":"Golden Wing","floor":4,"gold_loss":0},{"damage_healed":21,"gold_gain":0,"player_choice":"Healed","damage_taken":0,"max_hp_gain":0,"max_hp_loss":0,"event_name":"The Cleric","floor":13,"gold_loss":35},{"damage_healed":0,"gold_gain":0,"player_choice":"Fight","damage_taken":0,"max_hp_gain":0,"max_hp_loss":0,"event_name":"Colosseum","floor":19,"gold_loss":0},{"damage_healed":0,"gold_gain":0,"player_choice":"Fled From Nobs","damage_taken":0,"max_hp_gain":0,"max_hp_loss":0,"event_name":"Colosseum","floor":19,"gold_loss":0},{"damage_healed":0,"gold_gain":0,"player_choice":"Obtained Relic","damage_taken":0,"relics_obtained":["FossilizedHelix"],"max_hp_gain":0,"max_hp_loss":0,"event_name":"Addict","floor":21,"gold_loss":85},{"damage_healed":0,"gold_gain":0,"player_choice":"Inject Mutagens","damage_taken":0,"relics_obtained":["MutagenicStrength"],"max_hp_gain":0,"max_hp_loss":0,"event_name":"Drug Dealer","floor":30,"gold_loss":0}],"is_beta":false,"boss_relics":[{"not_picked":["Calling Bell","Ectoplasm"],"picked":"Empty Cage"}],"items_purged_floors":[2],"is_endless":false,"potions_floor_spawned":[1,8,14,18,28],"killed_by":"Collector","ascension_level":14}