{"path_per_floor":["M","?","?","$","M","E","R","M","T","M","R","M","?","M","R","B",null,"M","?","?","M","$","R","M"],"character_chosen":"THE_SILENT","items_purchased":["Blood Vial","Tough Bandages"],"gold_per_floor":[16,191,266,43,56,83,83,98,122,140,140,160,160,173,173,278,278,296,296,296,314,60,60,72,72],"floor_reached":25,"campfire_rested":2,"playtime":1661,"item_purchase_floors":[4,22],"current_hp_per_floor":[70,70,59,59,61,25,25,26,26,27,48,47,33,35,56,57,67,54,54,54,52,52,52,43,0],"items_purged":["Doubt"],"gold":72,"score":254,"play_id":"77c5f31c-d404-47c5-90e7-aba743bc32ce","local_time":"20180608192233","is_prod":false,"is_daily":false,"chose_seed":false,"is_ascension_mode":true,"campfire_upgraded":2,"win_rate":0,"timestamp":1528478553,"campfire_choices":[{"data":"Noxious Fumes","floor":7,"key":"SMITH"},{"floor":11,"key":"REST"},{"floor":15,"key":"REST"},{"data":"Calculated Gamble","floor":23,"key":"SMITH"}],"path_taken":["M","?","?","$","M","E","R","?","T","M","R","M","?","M","R","BOSS","M","?","?","M","?","R","M","E"],"build_version":"2018-06-07","seed_source_timestamp":1977199370110595,"purchased_purges":1,"victory":false,"master_deck":["Defend_G+1","Defend_G","Defend_G","Defend_G","Strike_G","Strike_G","Strike_G","Survivor+1","Neutralize+1","All Out Attack","Noxious Fumes+1","Calculated Gamble+1","Prepared","Caltrops+1","Blur","Burst","Blur"],"max_hp_per_floor":[70,70,70,70,70,70,70,70,70,70,70,70,70,70,70,70,70,70,70,70,70,70,70,70,70],"relics":["Ring of the Snake","Blood Vial","Boot","War Paint","Sozu","Tough Bandages"],"card_choices":[{"not_picked":["Cloak And Dagger","Outmaneuver"],"picked":"All Out Attack","floor":1},{"not_picked":["Cloak And Dagger","Dagger Spray"],"picked":"Noxious Fumes","floor":5},{"not_picked":["Acrobatics","Cloak And Dagger"],"picked":"Calculated Gamble","floor":6},{"not_picked":["Slice","Blade Dance","Cloak And Dagger"],"picked":"SKIP","floor":8},{"not_picked":["Quick Slash","Sucker Punch"],"picked":"Prepared","floor":10},{"not_picked":["Flying Knee","Well Laid Plans"],"picked":"Caltrops","floor":12},{"not_picked":["Distraction","Flying Knee"],"picked":"Blur","floor":14},{"not_picked":["Bullet Time","Storm of Steel"],"picked":"Burst","floor":16},{"not_picked":["Heel Hook","Sucker Punch+1","Prepared"],"picked":"SKIP","floor":18},{"not_picked":["Dodge and Roll","Leg Sweep"],"picked":"Blur","floor":21},{"not_picked":["Dash","Cloak And Dagger+1","Endless Agony"],"picked":"SKIP","floor":24}],"player_experience":262905,"potions_floor_usage":[6,14,16],"damage_taken":[{"damage":0,"enemies":"Jaw Worm","floor":1,"turns":8},{"damage":0,"enemies":"2 Louse","floor":5,"turns":3},{"damage":38,"enemies":"Gremlin Nob","floor":6,"turns":5},{"damage":1,"enemies":"Small Slimes","floor":8,"turns":3},{"damage":1,"enemies":"Blue Slaver","floor":10,"turns":4},{"damage":3,"enemies":"Looter","floor":12,"turns":4},{"damage":0,"enemies":"Exordium Thugs","floor":14,"turns":4},{"damage":1,"enemies":"The Guardian","floor":16,"turns":10},{"damage":15,"enemies":"Chosen","floor":18,"turns":6},{"damage":4,"enemies":"2 Thieves","floor":21,"turns":5},{"damage":11,"enemies":"Snecko","floor":24,"turns":7},{"damage":45,"enemies":"Slavers","floor":25,"turns":5}],"relics_obtained":[{"floor":6,"key":"Boot"},{"floor":9,"key":"War Paint"}],"event_choices":[{"event_name":"Liars Game","player_choice":"agreed","floor":2,"damage_taken":0},{"event_name":"World of Goop","player_choice":"Gather Gold","floor":3,"damage_taken":0},{"event_name":"Shining Light","player_choice":"Entered Light","floor":13,"damage_taken":0},{"event_name":"Bonfire Elementals","player_choice":"BASIC","floor":19,"damage_taken":0},{"event_name":"Ghosts","player_choice":"Ignored","floor":20,"damage_taken":0}],"boss_relics":[{"not_picked":["Astrolabe","Black Star"],"picked":"Sozu"}],"items_purged_floors":[4],"potions_floor_spawned":[5,10,12,21,24],"seed_played":"-3049833013631828510","killed_by":"Slavers","ascension_level":5,"potions_obtained":[{"floor":5,"key":"SkillPotion"},{"floor":10,"key":"GamblersBrew"},{"floor":12,"key":"SpeedPotion"}],"is_trial":false}