{"gold_per_floor":[118,129,106,181,181,181,211,221,267,282,282,282,297,330,330,431,431,431,356,289,289,289,289,289,289,289,289,214,214,214,214,214,214],"floor_reached":33,"playtime":1494,"items_purged":[],"score":421,"play_id":"c9890542-8dbe-4f58-82c5-f78843d86969","local_time":"20190521150627","is_ascension_mode":true,"campfire_choices":[{"data":"Dagger Spray","floor":6,"key":"SMITH"},{"floor":12,"key":"REST"},{"floor":15,"key":"REST"},{"floor":23,"key":"REST"},{"floor":27,"key":"REST"},{"floor":32,"key":"REST"}],"neow_cost":"NONE","seed_source_timestamp":4952593325514,"circlet_count":0,"master_deck":["AscendersBane","Defend_G","Defend_G","Defend_G","Defend_G","Strike_G","Strike_G","Strike_G","Strike_G","Strike_G","Survivor","Neutralize","Backflip","Sucker Punch","Dagger Spray+1","Quick Slash","Deadly Poison","Dash","Dodge and Roll","Bullet Time","Backflip","Leg Sweep","Terror","Cloak And Dagger","Prepared","Well Laid Plans","Heel Hook+1","Escape Plan+1","Bouncing Flask"],"relics":["Ring of the Snake","Art of War","Blood Vial","Bronze Scales","Centennial Puzzle","Ectoplasm","Gremlin Horn"],"potions_floor_usage":[18,31,33,33],"damage_taken":[{"damage":2,"enemies":"Cultist","floor":1,"turns":4},{"damage":0,"enemies":"2 Louse","floor":2,"turns":4},{"damage":38,"enemies":"Gremlin Nob","floor":7,"turns":5},{"damage":0,"enemies":"Small Slimes","floor":8,"turns":2},{"damage":4,"enemies":"Blue Slaver","floor":10,"turns":4},{"damage":9,"enemies":"3 Louse","floor":13,"turns":2},{"damage":22,"enemies":"3 Sentries","floor":14,"turns":7},{"damage":27,"enemies":"Hexaghost","floor":16,"turns":11},{"damage":1,"enemies":"Spheric Guardian","floor":18,"turns":5},{"damage":11,"enemies":"2 Thieves","floor":19,"turns":4},{"damage":17,"enemies":"Snake Plant","floor":21,"turns":4},{"damage":15,"enemies":"Centurion and Healer","floor":22,"turns":9},{"damage":9,"enemies":"Shelled Parasite and Fungi","floor":24,"turns":6},{"damage":20,"enemies":"Chosen and Byrds","floor":25,"turns":6},{"damage":3,"enemies":"3 Cultists","floor":29,"turns":6},{"damage":0,"enemies":"Centurion and Healer","floor":30,"turns":8},{"damage":9,"enemies":"Snecko","floor":31,"turns":5},{"damage":54,"enemies":"Champ","floor":33,"turns":10}],"seed_played":"-3350004989609083943","potions_obtained":[{"floor":2,"key":"FearPotion"},{"floor":7,"key":"GhostInAJar"},{"floor":16,"key":"Ancient Potion"},{"floor":19,"key":"GhostInAJar"},{"floor":31,"key":"AttackPotion"}],"is_trial":false,"path_per_floor":["M","M","$","?","?","R","E","M","T","M","?","R","M","E","R","B",null,"M","M","$","M","M","R","M","M","T","R","?","M","M","M","R","B"],"character_chosen":"THE_SILENT","items_purchased":["Dagger Spray","Terror"],"campfire_rested":5,"item_purchase_floors":[3,20],"current_hp_per_floor":[61,61,61,50,50,50,12,14,14,12,12,33,26,6,27,2,53,54,45,45,30,17,38,31,13,13,34,34,33,35,28,49,0],"gold":214,"neow_bonus":"RANDOM_COMMON_RELIC","is_prod":false,"is_daily":false,"chose_seed":false,"campfire_upgraded":1,"win_rate":0,"timestamp":1558422387,"path_taken":["M","M","$","?","?","R","E","M","T","M","?","R","M","E","R","BOSS","M","M","$","M","M","R","M","M","T","R","?","M","M","M","R","BOSS"],"build_version":"2019-01-23","purchased_purges":0,"victory":false,"max_hp_per_floor":[70,70,70,70,70,70,70,70,70,70,70,70,70,70,70,70,70,70,70,70,70,70,70,70,70,70,70,70,70,70,70,70,70],"card_choices":[{"not_picked":["Dagger Throw","Dodge and Roll"],"picked":"Backflip","floor":1},{"not_picked":["Infinite Blades","Backflip"],"picked":"Sucker Punch","floor":2},{"not_picked":["Masterful Stab","Predator","Tactician"],"picked":"SKIP","floor":7},{"not_picked":["PiercingWail","Outmaneuver"],"picked":"Quick Slash","floor":8},{"not_picked":["Dagger Throw","Sucker Punch"],"picked":"Deadly Poison","floor":10},{"not_picked":["Acrobatics","Quick Slash"],"picked":"Dash","floor":13},{"not_picked":["Accuracy","Concentrate"],"picked":"Dodge and Roll","floor":14},{"not_picked":["Doppelganger","After Image"],"picked":"Bullet Time","floor":16},{"not_picked":["Catalyst","Flying Knee"],"picked":"Backflip","floor":18},{"not_picked":["Dagger Throw","Cloak And Dagger"],"picked":"Leg Sweep","floor":19},{"not_picked":["Blade Dance+1","Prepared"],"picked":"Cloak And Dagger","floor":21},{"not_picked":["Acrobatics","Poisoned Stab"],"picked":"Prepared","floor":22},{"not_picked":["Cloak And Dagger","Wraith Form v2","Dagger Spray"],"picked":"SKIP","floor":24},{"not_picked":["Dash","PiercingWail"],"picked":"Well Laid Plans","floor":25},{"not_picked":["Acrobatics","Underhanded Strike"],"picked":"Heel Hook+1","floor":29},{"not_picked":["Outmaneuver+1","Acrobatics+1"],"picked":"Escape Plan+1","floor":30},{"not_picked":["Prepared","A Thousand Cuts"],"picked":"Bouncing Flask","floor":31}],"player_experience":765137,"relics_obtained":[{"floor":7,"key":"Blood Vial"},{"floor":9,"key":"Bronze Scales"},{"floor":14,"key":"Centennial Puzzle"},{"floor":26,"key":"Gremlin Horn"}],"event_choices":[{"damage_healed":0,"gold_gain":75,"player_choice":"Gather Gold","damage_taken":11,"max_hp_gain":0,"max_hp_loss":0,"event_name":"World of Goop","floor":4,"gold_loss":0},{"damage_healed":0,"gold_gain":0,"player_choice":"Ignored","damage_taken":0,"max_hp_gain":0,"max_hp_loss":0,"event_name":"Liars Game","floor":5,"gold_loss":0},{"damage_healed":0,"gold_gain":0,"player_choice":"Searched \u00270\u0027 times","damage_taken":0,"max_hp_gain":0,"max_hp_loss":0,"event_name":"Dead Adventurer","floor":11,"gold_loss":0},{"cards_removed":["Defend_G"],"damage_healed":0,"gold_gain":0,"player_choice":"Gave Gold","damage_taken":0,"max_hp_gain":0,"max_hp_loss":0,"event_name":"Beggar","floor":28,"gold_loss":75}],"is_beta":false,"boss_relics":[{"not_picked":["Pandora\u0027s Box","Lizard Tail"],"picked":"Ectoplasm"}],"items_purged_floors":[],"is_endless":false,"potions_floor_spawned":[2,7,13,16,19,21,30,31],"killed_by":"Champ","ascension_level":12}