{"gold_per_floor":[113,78,28,28,41,41,59,59,131,149,167,179,213,14,14,110,110,127,147,147,147,161,161,161],"floor_reached":24,"playtime":1451,"items_purged":[],"score":282,"play_id":"d9fb68e4-7275-4e95-9d6a-9413ff0de157","local_time":"20190121155513","is_ascension_mode":true,"campfire_choices":[{"data":"Zap","floor":6,"key":"SMITH"},{"data":"Dualcast","floor":8,"key":"SMITH"},{"floor":15,"key":"REST"},{"data":"Ghostly","floor":23,"key":"SMITH"}],"neow_cost":"NONE","seed_source_timestamp":341946286701309,"circlet_count":0,"master_deck":["Strike_B","Strike_B","Strike_B","Defend_B","Defend_B","Defend_B","Defend_B","Zap+1","Dualcast+1","Doom and Gloom","Sunder","Sweeping Beam+1","Go for the Eyes+1","Capacitor","Machine Learning","Loop","Glacier","Melter+1","Creative AI","Defragment","Turbo+1","Hologram+1","Gash+1","Ghostly+1","Ghostly","Ghostly","Ghostly","Ghostly","Conserve Battery","Stack+1"],"relics":["Cracked Core","Blood Vial","Molten Egg 2","Prayer Wheel","Inserter","Unceasing Top"],"potions_floor_usage":[11,18,22],"damage_taken":[{"damage":5,"enemies":"Small Slimes","floor":1,"turns":3},{"damage":1,"enemies":"Cultist","floor":5,"turns":3},{"damage":7,"enemies":"Jaw Worm","floor":7,"turns":3},{"damage":7,"enemies":"Exordium Thugs","floor":10,"turns":3},{"damage":19,"enemies":"Exordium Wildlife","floor":11,"turns":3},{"damage":1,"enemies":"2 Fungi Beasts","floor":12,"turns":3},{"damage":15,"enemies":"3 Sentries","floor":13,"turns":3},{"damage":30,"enemies":"Hexaghost","floor":16,"turns":7},{"damage":17,"enemies":"Shell Parasite","floor":18,"turns":5},{"damage":16,"enemies":"Chosen","floor":19,"turns":5},{"damage":11,"enemies":"Snecko","floor":22,"turns":6},{"damage":47,"enemies":"Gremlin Leader","floor":24,"turns":10}],"seed_played":"5278754134592401365","potions_obtained":[{"floor":7,"key":"PowerPotion"},{"floor":13,"key":"Poison Potion"},{"floor":19,"key":"GamblersBrew"}],"is_trial":false,"path_per_floor":["M","$","?","?","M","R","M","R","T","M","M","M","E","$","R","B",null,"M","M","?","T","M","R","E"],"character_chosen":"DEFECT","items_purchased":["Chill","Loop","Glacier","Melter+1"],"campfire_rested":1,"item_purchase_floors":[2,14,14,14],"current_hp_per_floor":[65,65,65,75,74,74,68,68,68,63,46,47,34,34,56,28,63,48,34,34,34,25,25,0],"gold":161,"neow_bonus":"RANDOM_COMMON_RELIC","is_prod":false,"is_daily":false,"chose_seed":false,"campfire_upgraded":3,"win_rate":0,"timestamp":1548104113,"path_taken":["M","$","?","?","M","R","M","R","T","?","M","M","E","?","R","BOSS","M","M","?","?","M","R","E"],"build_version":"2019-01-17v2","purchased_purges":0,"victory":false,"max_hp_per_floor":[75,75,75,75,75,75,75,75,75,75,75,75,75,75,75,75,75,75,75,37,37,37,37,37],"card_choices":[{"not_picked":["Hologram","Leap"],"picked":"Doom and Gloom","floor":1},{"not_picked":["Barrage","Lockon"],"picked":"Sunder","floor":5},{"not_picked":["Compile Driver","Rebound","Scrape"],"picked":"SKIP","floor":7},{"not_picked":["Fusion","Coolheaded"],"picked":"Sweeping Beam+1","floor":10},{"not_picked":["Turbo","Rebound+1"],"picked":"Go for the Eyes+1","floor":11},{"not_picked":["BootSequence","Doom and Gloom+1"],"picked":"Capacitor","floor":12},{"not_picked":["Steam","Conserve Battery"],"picked":"Machine Learning","floor":13},{"not_picked":["Thunder Strike+1","Hyperbeam+1"],"picked":"Creative AI","floor":16},{"not_picked":["Rip and Tear+1","Heatsinks"],"picked":"Defragment","floor":18},{"not_picked":["Conserve Battery","Cold Snap+1"],"picked":"Turbo+1","floor":18},{"not_picked":["Aggregate","Rebound+1"],"picked":"Hologram+1","floor":19},{"not_picked":["Chill","Streamline+1"],"picked":"Gash+1","floor":19},{"not_picked":["Melter+1","Hologram"],"picked":"Conserve Battery","floor":22},{"not_picked":["Heatsinks+1","Streamline+1"],"picked":"Stack+1","floor":22}],"player_experience":414798,"relics_obtained":[{"floor":9,"key":"Molten Egg 2"},{"floor":13,"key":"Prayer Wheel"},{"floor":21,"key":"Unceasing Top"}],"event_choices":[{"cards_removed":["Strike_B"],"damage_healed":0,"gold_gain":0,"player_choice":"Card Removal","damage_taken":0,"max_hp_gain":0,"max_hp_loss":0,"event_name":"The Cleric","floor":3,"gold_loss":50},{"cards_removed":["Chill"],"damage_healed":10,"gold_gain":0,"player_choice":"Offered Uncommon","damage_taken":0,"max_hp_gain":0,"max_hp_loss":0,"event_name":"Bonfire Elementals","floor":4,"gold_loss":0},{"damage_healed":0,"gold_gain":0,"player_choice":"Became a Ghost","damage_taken":0,"max_hp_gain":0,"max_hp_loss":38,"event_name":"Ghosts","floor":20,"gold_loss":0,"cards_obtained":["Ghostly","Ghostly","Ghostly","Ghostly","Ghostly"]}],"is_beta":false,"boss_relics":[{"not_picked":["Runic Dome","Black Star"],"picked":"Inserter"}],"items_purged_floors":[],"is_endless":false,"potions_floor_spawned":[7,13,19],"killed_by":"Gremlin Leader","ascension_level":6}