{"gold_per_floor":[113,129,92,17,17,17,17,17,17,17,48,48,81,98,98,98],"floor_reached":16,"playtime":689,"items_purged":[],"score":212,"play_id":"826c9ccd-51f6-4299-b00b-547068aa2fed","local_time":"20190517181724","is_ascension_mode":true,"campfire_choices":[{"data":"Wraith Form v2","floor":6.0,"key":"SMITH"},{"data":"Poisoned Stab","floor":8.0,"key":"SMITH"},{"floor":12.0,"key":"REST"},{"floor":15,"key":"REST"}],"neow_cost":"TEN_PERCENT_HP_LOSS","seed_source_timestamp":261082772174042,"circlet_count":0,"master_deck":["AscendersBane","Defend_G+1","Defend_G","Defend_G","Defend_G","Defend_G","Strike_G","Strike_G","Strike_G","Strike_G","Survivor","Neutralize","Wraith Form v2+1","Poisoned Stab+1","Well Laid Plans","Crippling Poison+1","PiercingWail","PiercingWail"],"special_seed":0,"relics":["Ring of the Snake","Shuriken","Mummified Hand","FaceOfCleric","Bird Faced Urn","War Paint"],"potions_floor_usage":[],"damage_taken":[{"damage":10.0,"enemies":"Jaw Worm","floor":1.0,"turns":8.0},{"damage":1.0,"enemies":"2 Louse","floor":2.0,"turns":4.0},{"damage":8.0,"enemies":"Gremlin Nob","floor":11.0,"turns":5.0},{"damage":32,"enemies":"3 Sentries","floor":13,"turns":14},{"damage":0,"enemies":"Cultist","floor":14,"turns":3},{"damage":47,"enemies":"Slime Boss","floor":16,"turns":7}],"seed_played":"2759465515578992695","potions_obtained":[{"floor":1.0,"key":"GamblersBrew"}],"is_trial":false,"path_per_floor":["M","M","$","?","?","R","$","R","T","?","E","R","E","M","R","B"],"character_chosen":"THE_SILENT","items_purchased":["Well Laid Plans"],"campfire_rested":2,"item_purchase_floors":[3],"current_hp_per_floor":[49,48,48,48,30,30,30,30,30,30,23,41,14,17,35,0],"gold":98,"neow_bonus":"THREE_RARE_CARDS","is_prod":false,"is_daily":false,"chose_seed":false,"campfire_upgraded":2,"win_rate":0,"timestamp":1558142244,"path_taken":["M","M","$","?","?","R","?","R","T","?","E","R","E","M","R","BOSS"],"build_version":"2019-05-07","purchased_purges":0,"victory":false,"max_hp_per_floor":[60,60,60,60,60,60,60,60,60,60,61,61,62,63,63,63],"card_choices":[{"not_picked":["Burst","Tools of the Trade"],"picked":"Wraith Form v2","floor":0.0},{"not_picked":["Heel Hook","Blade Dance","Distraction"],"picked":"SKIP","floor":1.0},{"not_picked":["Riddle With Holes","Acrobatics"],"picked":"Poisoned Stab","floor":2.0},{"not_picked":["Prepared","Bane"],"picked":"Crippling Poison","floor":11.0},{"not_picked":["Backflip","Slice"],"picked":"PiercingWail","floor":13},{"not_picked":["Accuracy","Unload"],"picked":"PiercingWail","floor":14}],"player_experience":1543400,"relics_obtained":[{"floor":9.0,"key":"Mummified Hand"},{"floor":11.0,"key":"Bird Faced Urn"},{"floor":13,"key":"War Paint"}],"event_choices":[{"cards_removed":["Strike_G"],"damage_healed":0.0,"max_hp_gain":0.0,"max_hp_loss":0.0,"gold_gain":0.0,"event_name":"The Cleric","player_choice":"Card Removal","floor":4.0,"gold_loss":75.0,"damage_taken":0.0},{"damage_healed":0.0,"max_hp_gain":0.0,"max_hp_loss":0.0,"gold_gain":0.0,"event_name":"Scrap Ooze","player_choice":"Success","floor":5.0,"gold_loss":0.0,"damage_taken":18.0,"relics_obtained":["Shuriken"]},{"damage_healed":0.0,"max_hp_gain":0.0,"max_hp_loss":0.0,"gold_gain":0.0,"event_name":"FaceTrader","player_choice":"Trade","floor":10.0,"gold_loss":0.0,"damage_taken":0.0,"relics_obtained":["FaceOfCleric"]}],"is_beta":true,"boss_relics":[],"items_purged_floors":[],"is_endless":false,"potions_floor_spawned":[1],"killed_by":"Slime Boss","ascension_level":20}