{"gold_per_floor":[119,119,131,56,73,73,101,101,153,165,65,82,105,119,119,119],"floor_reached":16,"playtime":762,"items_purged":["Regret","Strike_G"],"score":117,"play_id":"bba607fd-f847-42c8-b744-d4c4252fc5c2","local_time":"20180918215824","is_ascension_mode":true,"campfire_choices":[{"data":"Bullet Time","floor":6,"key":"SMITH"},{"data":"Crippling Poison","floor":8,"key":"SMITH"},{"floor":15,"key":"REST"}],"neow_cost":"NONE","seed_source_timestamp":82720664044441,"circlet_count":0,"master_deck":["Defend_G","Defend_G","Defend_G","Defend_G","Defend_G","Strike_G","Strike_G","Strike_G","Survivor","Neutralize","Bullet Time+1","Dodge and Roll","Blur","Flechettes","Crippling Poison+1","Glass Knife","Dodge and Roll","Terror"],"relics":["Ring of the Snake","Boot","Juzu Bracelet","Ancient Tea Set","Odd Mushroom"],"potions_floor_usage":[7,16],"damage_taken":[{"damage":0,"enemies":"Small Slimes","floor":1,"turns":6},{"damage":0,"enemies":"Jaw Worm","floor":3,"turns":4},{"damage":0,"enemies":"2 Louse","floor":5,"turns":3},{"damage":21,"enemies":"Gremlin Nob","floor":7,"turns":5},{"damage":0,"enemies":"Gremlin Gang","floor":10,"turns":3},{"damage":0,"enemies":"Exordium Wildlife","floor":12,"turns":1},{"damage":5,"enemies":"The Mushroom Lair","floor":13,"turns":4},{"damage":0,"enemies":"2 Fungi Beasts","floor":14,"turns":3},{"damage":73,"enemies":"Slime Boss","floor":16,"turns":11}],"seed_played":"8012194063068728508","potions_obtained":[{"floor":3,"key":"Swift Potion"},{"floor":13,"key":"GhostInAJar"},{"floor":14,"key":"PowerPotion"}],"is_trial":false,"path_per_floor":["M","?","M","$","M","R","E","R","T","M","$","M","?","M","R"],"character_chosen":"THE_SILENT","items_purchased":[],"campfire_rested":1,"item_purchase_floors":[],"current_hp_per_floor":[70,70,70,70,70,70,49,49,49,49,49,49,44,44,65,0],"gold":119,"neow_bonus":"TRANSFORM_CARD","is_prod":false,"is_daily":false,"chose_seed":false,"campfire_upgraded":2,"win_rate":0,"timestamp":1537322304,"path_taken":["M","?","M","$","M","R","E","R","T","M","$","M","?","M","R","BOSS"],"build_version":"2018-09-06","purchased_purges":2,"victory":false,"max_hp_per_floor":[70,70,70,70,70,70,70,70,70,70,70,70,70,70,70,70],"card_choices":[{"not_picked":["Sucker Punch","Concentrate"],"picked":"Dodge and Roll","floor":1},{"not_picked":["Dagger Throw","Flechettes"],"picked":"Blur","floor":3},{"not_picked":["Quick Slash","Deflect"],"picked":"Flechettes","floor":5},{"not_picked":["Dagger Spray","PiercingWail"],"picked":"Crippling Poison","floor":7},{"not_picked":["Concentrate","Finisher"],"picked":"Glass Knife","floor":10},{"not_picked":["Escape Plan","Sucker Punch"],"picked":"Dodge and Roll","floor":12},{"not_picked":["Sucker Punch","Underhanded Strike"],"picked":"Terror","floor":13},{"not_picked":["Cloak And Dagger","Flying Knee","Grand Finale"],"picked":"SKIP","floor":14}],"player_experience":866239,"relics_obtained":[{"floor":7,"key":"Juzu Bracelet"},{"floor":9,"key":"Ancient Tea Set"},{"floor":13,"key":"Odd Mushroom"}],"event_choices":[{"event_name":"Big Fish","player_choice":"Box","floor":2,"damage_taken":0},{"event_name":"Mushrooms","player_choice":"Fought Mushrooms","floor":13,"damage_taken":0}],"is_beta":false,"boss_relics":[],"items_purged_floors":[4,11],"is_endless":false,"potions_floor_spawned":[3,13,14],"killed_by":"Slime Boss","ascension_level":3}