{"gold_per_floor":[218,393,393,411,19,62,75,75,75,96,27,27,27,27,27,148,148,161,161,186,86,109,109,109,109,136,51,51,74,74,93,93,214,214,230,24,24,357,372,372,72,72,95,114,114,114,114,114,114,114],"floor_reached":51,"playtime":1459,"items_purged":["Doubt","Strike_R","Strike_R","Strike_R"],"score":691,"play_id":"8979f1ab-3227-46d7-b8e9-0e5bac2ba014","local_time":"20190520071131","is_ascension_mode":false,"campfire_choices":[{"data":"Battle Trance","floor":8.0,"key":"SMITH"},{"data":"Metallicize","floor":12.0,"key":"SMITH"},{"data":"Bash","floor":15.0,"key":"SMITH"},{"data":"Juggernaut","floor":23.0,"key":"SMITH"},{"data":"Disarm","floor":25.0,"key":"SMITH"},{"data":"Spot Weakness","floor":28.0,"key":"SMITH"},{"data":"Disarm","floor":32.0,"key":"SMITH"},{"data":"Demon Form","floor":40,"key":"SMITH"},{"floor":47,"key":"REST"},{"floor":49,"key":"REST"}],"neow_cost":"NONE","seed_source_timestamp":51014775765725,"circlet_count":0,"master_deck":["Strike_R","Defend_R","Defend_R","Defend_R","Defend_R","Bash+1","Iron Wave","Metallicize+1","Battle Trance+1","Disarm+1","Disarm+1","Spot Weakness+1","Juggernaut+1","Twin Strike","Immolate","Shrug It Off+1","Demon Form+1","Panacea","Armaments+1","Shame","Doubt","True Grit+1"],"special_seed":0,"relics":["Burning Blood","Tiny Chest","ClockworkSouvenir","Bottled Lightning","Red Skull","Potion Belt","Mark of Pain","Mummified Hand","Bronze Scales","Ancient Tea Set","Cursed Key","Happy Flower","Blood Vial","Anchor"],"potions_floor_usage":[48,50,50,50,50],"damage_taken":[{"damage":5.0,"enemies":"Jaw Worm","floor":1.0,"turns":6.0},{"damage":0.0,"enemies":"Small Slimes","floor":4.0,"turns":3.0},{"damage":22.0,"enemies":"Gremlin Nob","floor":6.0,"turns":4.0},{"damage":2.0,"enemies":"2 Louse","floor":7.0,"turns":3.0},{"damage":0.0,"enemies":"Large Slime","floor":10.0,"turns":7.0},{"damage":20.0,"enemies":"The Guardian","floor":16.0,"turns":12.0},{"damage":24.0,"enemies":"Spheric Guardian","floor":18.0,"turns":6.0},{"damage":4.0,"enemies":"Shell Parasite","floor":20.0,"turns":5.0},{"damage":0.0,"enemies":"Centurion and Healer","floor":22.0,"turns":10.0},{"damage":0.0,"enemies":"Shelled Parasite and Fungi","floor":29.0,"turns":3.0},{"damage":7.0,"enemies":"Sentry and Sphere","floor":31.0,"turns":4.0},{"damage":45.0,"enemies":"Collector","floor":33.0,"turns":8.0},{"damage":12.0,"enemies":"Orb Walker","floor":35.0,"turns":3.0},{"damage":13,"enemies":"3 Darklings","floor":39,"turns":4},{"damage":32,"enemies":"4 Shapes","floor":44,"turns":4},{"damage":0,"enemies":"Writhing Mass","floor":48,"turns":1},{"damage":16,"enemies":"Time Eater","floor":50,"turns":9}],"seed_played":"8450147315396411477","potions_obtained":[{"floor":4.0,"key":"FearPotion"},{"floor":7.0,"key":"FearPotion"},{"floor":16.0,"key":"BloodPotion"},{"floor":20.0,"key":"SteroidPotion"},{"floor":31.0,"key":"Poison Potion"},{"floor":44,"key":"Swift Potion"},{"floor":46,"key":"SkillPotion"},{"floor":46,"key":"SmokeBomb"},{"floor":46,"key":"Block Potion"}],"is_trial":false,"path_per_floor":["M","?","?","M","$","E","M","R","T","M","$","R","?","T","R","B",null,"M","?","M","$","M","R","T","R","T","?","R","M","$","M","R","B",null,"M","$","?","?","M","R","$","T","T","M","?","?","R","M","R","B",null],"character_chosen":"IRONCLAD","items_purchased":["Tiny Chest","ClockworkSouvenir","Spot Weakness","Demon Form","Happy Flower"],"campfire_rested":2,"item_purchase_floors":[5,5,11,36,41],"current_hp_per_floor":[80,80,60,66,66,50,54,54,54,60,60,60,65,65,65,51,85,75,75,77,77,83,83,83,83,83,83,83,85,85,84,84,45,85,79,79,69,69,62,62,62,62,62,38,38,38,63,71,85,75],"gold":114,"neow_bonus":"HUNDRED_GOLD","is_prod":false,"is_daily":false,"chose_seed":false,"campfire_upgraded":8,"win_rate":0,"timestamp":1558357891,"path_taken":["M","?","?","M","$","E","M","R","T","M","?","R","?","?","R","BOSS","M","?","?","?","M","R","?","R","T","?","R","M","$","M","R","BOSS","M","$","?","?","M","R","?","?","T","?","?","?","R","M","R","BOSS"],"build_version":"2019-01-23","purchased_purges":4,"victory":true,"max_hp_per_floor":[80,80,80,80,80,80,80,80,80,80,80,80,85,85,85,85,85,85,85,85,85,85,85,85,85,85,85,85,85,85,85,85,85,85,85,85,85,85,85,85,85,85,85,85,85,85,85,85,85,85],"card_choices":[{"not_picked":["Rage","Seeing Red"],"picked":"Iron Wave","floor":1.0},{"not_picked":["Heavy Blade","Clothesline"],"picked":"Metallicize","floor":4.0},{"not_picked":["Iron Wave","Havoc"],"picked":"Battle Trance","floor":6.0},{"not_picked":["Warcry","Anger"],"picked":"Disarm","floor":7.0},{"not_picked":["Armaments","Iron Wave"],"picked":"Disarm","floor":10.0},{"not_picked":["Fiend Fire","Impervious"],"picked":"Juggernaut","floor":16.0},{"not_picked":["Warcry","Rupture","Clash+1"],"picked":"SKIP","floor":18.0},{"not_picked":["Cleave","Pommel Strike","Burning Pact"],"picked":"SKIP","floor":20.0},{"not_picked":["Armaments","Cleave","Havoc"],"picked":"SKIP","floor":22.0},{"not_picked":["Shrug It Off","Clash"],"picked":"Twin Strike","floor":29.0},{"not_picked":["Body Slam","Anger+1","Rampage"],"picked":"SKIP","floor":31.0},{"not_picked":["Dark Embrace","Exhume"],"picked":"Immolate","floor":33.0},{"not_picked":["Iron Wave","Pommel Strike+1"],"picked":"Shrug It Off+1","floor":35.0},{"not_picked":["Impatience","Forethought"],"picked":"Panacea","floor":37.0},{"not_picked":["Shrug It Off","Burning Pact+1"],"picked":"Armaments+1","floor":39},{"not_picked":["Headbutt","Body Slam"],"picked":"True Grit+1","floor":44}],"player_experience":1454765,"relics_obtained":[{"floor":6.0,"key":"Bottled Lightning"},{"floor":9.0,"key":"Red Skull"},{"floor":14.0,"key":"Potion Belt"},{"floor":24.0,"key":"Mummified Hand"},{"floor":26.0,"key":"Bronze Scales"},{"floor":42,"key":"Blood Vial"},{"floor":43,"key":"Anchor"}],"event_choices":[{"damage_healed":0.0,"max_hp_gain":0.0,"max_hp_loss":0.0,"gold_gain":175.0,"event_name":"Liars Game","player_choice":"AGREE","floor":2.0,"gold_loss":0.0,"damage_taken":0.0,"cards_obtained":["Doubt"]},{"damage_healed":0.0,"max_hp_gain":0.0,"max_hp_loss":0.0,"gold_gain":0.0,"event_name":"Golden Idol","player_choice":"Take Damage","floor":3.0,"gold_loss":0.0,"damage_taken":20.0,"relics_obtained":["Golden Idol"]},{"damage_healed":0.0,"max_hp_gain":5.0,"max_hp_loss":0.0,"gold_gain":0.0,"event_name":"Big Fish","player_choice":"Donut","floor":13.0,"gold_loss":0.0,"damage_taken":0.0},{"cards_removed":["Strike_R"],"damage_healed":0.0,"max_hp_gain":0.0,"max_hp_loss":0.0,"gold_gain":0.0,"event_name":"Purifier","player_choice":"Purged","floor":19.0,"gold_loss":0.0,"damage_taken":0.0},{"damage_healed":0.0,"max_hp_gain":0.0,"max_hp_loss":0.0,"gold_gain":0.0,"event_name":"Addict","player_choice":"Obtained Relic","floor":27.0,"gold_loss":85.0,"damage_taken":0.0,"relics_obtained":["Ancient Tea Set"]},{"damage_healed":0.0,"max_hp_gain":0.0,"max_hp_loss":0.0,"gold_gain":0.0,"event_name":"SensoryStone","player_choice":"Memory 3","floor":37.0,"gold_loss":0.0,"damage_taken":10.0},{"damage_healed":0.0,"max_hp_gain":0.0,"max_hp_loss":0.0,"gold_gain":333.0,"event_name":"The Moai Head","player_choice":"Gave Idol","floor":38.0,"relics_lost":["Golden Idol"],"gold_loss":0.0,"damage_taken":0.0},{"damage_healed":0,"gold_gain":0,"player_choice":"Ignored","damage_taken":0,"max_hp_gain":0,"max_hp_loss":0,"event_name":"Mysterious Sphere","floor":45,"gold_loss":0},{"damage_healed":0,"gold_gain":0,"player_choice":"Got Potions","damage_taken":0,"max_hp_gain":0,"max_hp_loss":0,"event_name":"Lab","floor":46,"gold_loss":0}],"is_beta":false,"boss_relics":[{"not_picked":["Empty Cage","Tiny House"],"picked":"Mark of Pain"},{"not_picked":["Snecko Eye","Fusion Hammer"],"picked":"Cursed Key"}],"items_purged_floors":[5,21,36,41],"is_endless":false,"potions_floor_spawned":[4,7,16,20,31,44],"ascension_level":0}