{"gold_per_floor":[119,134,134,150,150,150,181,181,181,204,35,55,4,0,0,0],"floor_reached":16,"playtime":975,"items_purged":["Strike_G"],"score":175,"play_id":"1d54144c-b724-42e3-9fc6-be27b788316c","local_time":"20190519182725","is_ascension_mode":true,"campfire_choices":[{"data":"Burst","floor":6,"key":"SMITH"},{"floor":8,"key":"REST"},{"floor":15,"key":"REST"}],"neow_cost":"PERCENT_DAMAGE","seed_source_timestamp":463829256936586,"circlet_count":0,"master_deck":["AscendersBane","Defend_G","Defend_G","Defend_G","Defend_G","Defend_G","Strike_G","Strike_G","Strike_G","Survivor","Neutralize","Skewer","Poisoned Stab","Catalyst","Burst+1","Poisoned Stab","Acrobatics","Noxious Fumes+1","Cloak And Dagger","Caltrops+1","Cloak And Dagger"],"relics":["Ring of the Snake","Golden Idol","Blue Candle","Frozen Egg 2"],"potions_floor_usage":[7,7,14],"damage_taken":[{"damage":2,"enemies":"2 Louse","floor":1,"turns":3},{"damage":4,"enemies":"Cultist","floor":2,"turns":4},{"damage":0,"enemies":"Small Slimes","floor":4,"turns":3},{"damage":29,"enemies":"Gremlin Nob","floor":7,"turns":5},{"damage":3,"enemies":"Exordium Thugs","floor":10,"turns":4},{"damage":13,"enemies":"Large Slime","floor":12,"turns":6},{"damage":0,"enemies":"Looter","floor":14,"turns":4},{"damage":48,"enemies":"Slime Boss","floor":16,"turns":9}],"seed_played":"-5800337677059659420","potions_obtained":[{"floor":1,"key":"SneckoOil"},{"floor":4,"key":"PowerPotion"},{"floor":10,"key":"GamblersBrew"}],"is_trial":false,"path_per_floor":["M","M","?","M","?","R","E","R","T","M","$","M","$","M","R","B"],"character_chosen":"THE_SILENT","items_purchased":["Noxious Fumes+1","Cloak And Dagger","Cloak And Dagger"],"campfire_rested":2,"item_purchase_floors":[11,11,13],"current_hp_per_floor":[54,50,50,50,50,50,21,42,42,39,39,26,26,26,47,0],"gold":0,"neow_bonus":"TWENTY_PERCENT_HP_BONUS","is_prod":false,"is_daily":false,"chose_seed":false,"campfire_upgraded":1,"win_rate":0,"timestamp":1558308445,"path_taken":["M","M","?","M","?","R","E","R","T","M","$","M","$","M","R","BOSS"],"build_version":"2019-01-23","purchased_purges":1,"victory":false,"max_hp_per_floor":[78,78,71,71,71,71,71,71,71,71,71,71,71,71,71,71],"card_choices":[{"not_picked":["Terror","Blade Dance"],"picked":"Skewer","floor":1},{"not_picked":["Dodge and Roll","Flying Knee"],"picked":"Poisoned Stab","floor":2},{"not_picked":["Accuracy","Endless Agony"],"picked":"Catalyst","floor":4},{"not_picked":["Endless Agony","Quick Slash"],"picked":"Poisoned Stab","floor":7},{"not_picked":["Slice","Terror"],"picked":"Acrobatics","floor":10},{"not_picked":["Bane","Glass Knife"],"picked":"Caltrops+1","floor":12},{"not_picked":["Prepared","Blade Dance","Bane"],"picked":"SKIP","floor":14}],"player_experience":679232,"relics_obtained":[{"floor":7,"key":"Blue Candle"},{"floor":9,"key":"Frozen Egg 2"}],"event_choices":[{"damage_healed":0,"gold_gain":0,"player_choice":"Lose Max HP","damage_taken":0,"relics_obtained":["Golden Idol"],"max_hp_gain":0,"max_hp_loss":7,"event_name":"Golden Idol","floor":3,"gold_loss":0},{"damage_healed":0,"gold_gain":0,"cards_transformed":["Strike_G"],"player_choice":"Transformed","damage_taken":0,"max_hp_gain":0,"max_hp_loss":0,"event_name":"Transmorgrifier","floor":5,"gold_loss":0,"cards_obtained":["Burst"]}],"is_beta":false,"boss_relics":[],"items_purged_floors":[11],"is_endless":false,"potions_floor_spawned":[1,4,10],"killed_by":"Slime Boss","ascension_level":15}