{"gold_per_floor":[110,126,126,126,10,10,49,49,49,73,73,113,113,144,144,242,242,260,41,41,14,14],"floor_reached":22,"playtime":923,"items_purged":["Strike_B"],"score":396,"play_id":"79f37ce8-3ba4-4976-b6c1-a4abc4f1c8a1","local_time":"20190518142815","is_ascension_mode":true,"campfire_choices":[{"data":"Darkness","floor":6.0,"key":"SMITH"},{"floor":8.0,"key":"REST"},{"data":"Hologram","floor":13.0,"key":"SMITH"},{"data":"Conserve Battery","floor":15.0,"key":"SMITH"}],"neow_cost":"NONE","seed_source_timestamp":10504836374532,"circlet_count":0,"master_deck":["AscendersBane","Strike_B+1","Defend_B","Defend_B","Defend_B","Defend_B","Zap","Dualcast","Darkness+1","Sweeping Beam","Doom and Gloom+1","Conserve Battery+1","Redo","Recycle","Hologram+1","Go for the Eyes","Core Surge","Defragment"],"special_seed":0,"relics":["Cracked Core","Ancient Tea Set","Golden Idol","Peace Pipe","Whetstone","Pear","Mango","Velvet Choker","Membership Card"],"potions_floor_usage":[20],"damage_taken":[{"damage":14.0,"enemies":"Small Slimes","floor":1.0,"turns":4.0},{"damage":4.0,"enemies":"Jaw Worm","floor":2.0,"turns":4.0},{"damage":15.0,"enemies":"Lagavulin","floor":7.0,"turns":6.0},{"damage":0.0,"enemies":"2 Louse","floor":10.0,"turns":1.0},{"damage":11.0,"enemies":"Gremlin Nob","floor":12.0,"turns":3.0},{"damage":18.0,"enemies":"3 Sentries","floor":14.0,"turns":3.0},{"damage":33.0,"enemies":"Slime Boss","floor":16.0,"turns":4.0},{"damage":33.0,"enemies":"Chosen","floor":18.0,"turns":5.0},{"damage":20,"enemies":"Colosseum Slavers","floor":20,"turns":5},{"damage":14,"enemies":"Shell Parasite","floor":22,"turns":3}],"seed_played":"-8869366145467978654","potions_obtained":[{"floor":1.0,"key":"Poison Potion"},{"floor":2.0,"key":"Energy Potion"},{"floor":12.0,"key":"Dexterity Potion"},{"floor":16.0,"key":"Dexterity Potion"}],"is_trial":false,"path_per_floor":["M","M","?","?","$","R","E","R","T","M","?","E","R","E","R","B",null,"M","$","?","$","M"],"character_chosen":"DEFECT","items_purchased":["Doom and Gloom","Membership Card","Fire Potion"],"campfire_rested":1,"item_purchase_floors":[5,19,21],"current_hp_per_floor":[50,46,46,39,39,39,24,43,43,43,43,42,42,38,38,5,67,34,34,14,14,0],"gold":14,"neow_bonus":"RANDOM_COMMON_RELIC","is_prod":false,"is_daily":false,"chose_seed":false,"campfire_upgraded":3,"win_rate":0,"timestamp":1558214895,"path_taken":["M","M","?","?","$","R","E","R","T","M","?","E","R","E","R","BOSS","M","?","?","$","?"],"build_version":"2019-05-07","purchased_purges":1,"victory":false,"max_hp_per_floor":[71,71,64,64,64,64,64,64,64,64,64,74,74,88,88,88,88,88,88,88,88,88],"card_choices":[{"not_picked":["Streamline","Compile Driver"],"picked":"Darkness","floor":1.0},{"not_picked":["Gash","Turbo"],"picked":"Sweeping Beam","floor":2.0},{"not_picked":["Rip and Tear","Barrage"],"picked":"Conserve Battery","floor":7.0},{"not_picked":["Thunder Strike","Rebound"],"picked":"Redo","floor":10.0},{"not_picked":["Lockon","Aggregate"],"picked":"Hologram","floor":12.0},{"not_picked":["Hello World","Rebound"],"picked":"Go for the Eyes","floor":14.0},{"not_picked":["Machine Learning","Hyperbeam"],"picked":"Core Surge","floor":16.0},{"not_picked":["Steam Power","Beam Cell+1"],"picked":"Defragment","floor":18.0}],"player_experience":1549678,"relics_obtained":[{"floor":7.0,"key":"Peace Pipe"},{"floor":9.0,"key":"Whetstone"},{"floor":12.0,"key":"Pear"},{"floor":14.0,"key":"Mango"}],"event_choices":[{"damage_healed":0.0,"max_hp_gain":0.0,"max_hp_loss":7.0,"gold_gain":0.0,"event_name":"Golden Idol","player_choice":"Lose Max HP","floor":3.0,"gold_loss":0.0,"damage_taken":0.0,"relics_obtained":["Golden Idol"]},{"cards_removed":["Strike_B"],"damage_healed":0.0,"max_hp_gain":0.0,"max_hp_loss":0.0,"gold_gain":0.0,"event_name":"Golden Wing","player_choice":"Card Removal","floor":4.0,"gold_loss":0.0,"damage_taken":7.0},{"damage_healed":0.0,"max_hp_gain":0.0,"max_hp_loss":0.0,"gold_gain":0.0,"cards_transformed":["Strike_B"],"event_name":"Transmorgrifier","player_choice":"Transformed","floor":11.0,"gold_loss":0.0,"damage_taken":0.0,"cards_obtained":["Recycle"]},{"damage_healed":0,"gold_gain":0,"player_choice":"Fight","damage_taken":0,"max_hp_gain":0,"max_hp_loss":0,"event_name":"Colosseum","floor":20,"gold_loss":0},{"damage_healed":0,"gold_gain":0,"player_choice":"Fled From Nobs","damage_taken":0,"max_hp_gain":0,"max_hp_loss":0,"event_name":"Colosseum","floor":20,"gold_loss":0}],"is_beta":true,"boss_relics":[{"not_picked":["Ectoplasm","Empty Cage"],"picked":"Velvet Choker"}],"items_purged_floors":[5],"is_endless":false,"potions_floor_spawned":[1,2,12,16,18,20],"killed_by":"Shell Parasite","ascension_level":20}