{"gold_per_floor":[13,25,45,57,73,105,123,123,147,147,147,162,179,204,204,301,301,319,333,1,1,1,27,37,54,54,54,87,98,109,59,59,154,154,168,187,200,2,13,39,39,65,147,163,163,183,197,207,207,207],"floor_reached":51,"playtime":3551,"items_purged":["Defend_R","Strike_R","Strike_R"],"score":744,"play_id":"d5fb878a-c082-44e6-9e10-ab51534bb4b7","local_time":"20180706182843","is_ascension_mode":false,"campfire_choices":[{"data":"Shockwave","floor":8,"key":"SMITH"},{"data":"Iron Wave","floor":10,"key":"SMITH"},{"floor":15,"key":"REST"},{"data":"Armaments","floor":27,"key":"SMITH"},{"data":"Bludgeon","floor":32,"key":"SMITH"},{"floor":41,"key":"REST"},{"floor":49,"key":"REST"}],"neow_cost":"NO_GOLD","seed_source_timestamp":45831537855241,"circlet_count":0,"master_deck":["Strike_R","Defend_R","Defend_R","Defend_R","Bash","Pommel Strike","Iron Wave+1","Shockwave+1","Pummel","Offering","Cleave","Armaments+1","Twin Strike","Bludgeon+1","Bloodletting+1","Inflame","Combust+1","Intimidate","Flex","Sword Boomerang+1","Double Tap","Warcry+1","Inflame+1","Spot Weakness+1","Rage+1","Dual Wield+1","Pommel Strike+1","Bandage Up","Panacea","Armaments+1","Flex"],"relics":["Burning Blood","Torii","Bronze Scales","Boot","Sozu","Pantograph","Juzu Bracelet","Orichalcum","Ornamental Fan","Smiling Mask","Fusion Hammer","Centennial Puzzle","Calipers","Question Card","Paper Frog"],"potions_floor_usage":[16,16,28,33],"damage_taken":[{"damage":3,"enemies":"Cultist","floor":1,"turns":5},{"damage":4,"enemies":"Small Slimes","floor":2,"turns":4},{"damage":3,"enemies":"2 Louse","floor":3,"turns":3},{"damage":12,"enemies":"Gremlin Gang","floor":4,"turns":5},{"damage":1,"enemies":"3 Louse","floor":5,"turns":4},{"damage":34,"enemies":"3 Sentries","floor":6,"turns":10},{"damage":5,"enemies":"Looter","floor":7,"turns":2},{"damage":4,"enemies":"Blue Slaver","floor":12,"turns":2},{"damage":14,"enemies":"Large Slime","floor":13,"turns":4},{"damage":26,"enemies":"Lagavulin","floor":14,"turns":6},{"damage":21,"enemies":"The Guardian","floor":16,"turns":12},{"damage":12,"enemies":"2 Thieves","floor":18,"turns":3},{"damage":5,"enemies":"Chosen","floor":19,"turns":2},{"damage":15,"enemies":"Book of Stabbing","floor":23,"turns":5},{"damage":15,"enemies":"Snake Plant","floor":24,"turns":3},{"damage":6,"enemies":"Sentry and Sphere","floor":25,"turns":3},{"damage":16,"enemies":"Gremlin Leader","floor":28,"turns":5},{"damage":3,"enemies":"Snecko","floor":29,"turns":3},{"damage":2,"enemies":"Snake Plant","floor":30,"turns":3},{"damage":75,"enemies":"Champ","floor":33,"turns":7},{"damage":4,"enemies":"Orb Walker","floor":35,"turns":3},{"damage":15,"enemies":"3 Darklings","floor":36,"turns":5},{"damage":14,"enemies":"4 Shapes","floor":37,"turns":5},{"damage":22,"enemies":"Maw","floor":39,"turns":5},{"damage":28,"enemies":"Nemesis","floor":40,"turns":3},{"damage":5,"enemies":"Giant Head","floor":42,"turns":4},{"damage":10,"enemies":"Sphere and 2 Shapes","floor":44,"turns":2},{"damage":11,"enemies":"3 Darklings","floor":46,"turns":3},{"damage":4,"enemies":"Maw","floor":47,"turns":5},{"damage":7,"enemies":"4 Shapes","floor":48,"turns":6},{"damage":31,"enemies":"Time Eater","floor":50,"turns":5}],"seed_played":"-9135985791473285436","potions_obtained":[{"floor":3,"key":"Dexterity Potion"},{"floor":4,"key":"Dexterity Potion"},{"floor":7,"key":"Swift Potion"},{"floor":13,"key":"AttackPotion"},{"floor":14,"key":"EssenceOfSteel"},{"floor":16,"key":"Poison Potion"}],"is_trial":false,"path_per_floor":["M","M","M","M","M","E","M","R","T","R","$","M","M","E","R","B",null,"M","M","$","?","?","E","M","M","T","R","E","M","M","$","R","B",null,"M","M","M","$","M","E","R","E","T","M","?","M","M","M","R","B"],"character_chosen":"IRONCLAD","items_purchased":["Pantograph","Centennial Puzzle"],"campfire_rested":3,"item_purchase_floors":[20,38],"current_hp_per_floor":[80,80,80,74,79,51,52,52,52,52,52,54,46,26,50,35,80,74,75,75,75,75,66,57,57,57,57,47,50,54,54,54,10,80,80,71,63,63,47,25,49,50,50,46,41,40,46,49,73,59],"gold":207,"neow_bonus":"REMOVE_TWO","is_prod":false,"is_daily":false,"chose_seed":false,"campfire_upgraded":4,"win_rate":0,"timestamp":1530916123,"path_taken":["M","M","M","?","M","E","M","R","T","R","$","M","M","E","R","BOSS","M","M","$","?","?","E","M","M","T","R","E","M","M","$","R","BOSS","M","M","M","$","M","E","R","E","T","M","?","M","M","M","R","BOSS"],"build_version":"2018-07-05","purchased_purges":3,"victory":true,"max_hp_per_floor":[80,80,80,80,80,80,80,80,80,80,80,80,80,80,80,80,80,80,80,80,80,80,80,80,80,80,80,80,80,80,80,80,80,80,80,80,80,80,80,80,80,80,80,80,80,80,80,80,80,80],"card_choices":[{"not_picked":["Clash","Havoc"],"picked":"Pommel Strike","floor":1},{"not_picked":["Heavy Blade","Perfected Strike"],"picked":"Iron Wave","floor":2},{"not_picked":["Anger","Reaper"],"picked":"Shockwave","floor":3},{"not_picked":["Searing Blow","Clash"],"picked":"Pummel","floor":4},{"not_picked":["Power Through","Headbutt","Clash"],"picked":"SKIP","floor":5},{"not_picked":["Blood for Blood","Power Through"],"picked":"Offering","floor":6},{"not_picked":["Warcry","Disarm"],"picked":"Cleave","floor":7},{"not_picked":["Body Slam","Havoc","Clash"],"picked":"SKIP","floor":12},{"not_picked":["Corruption","Wild Strike"],"picked":"Armaments","floor":13},{"not_picked":["Havoc","Heavy Blade"],"picked":"Twin Strike","floor":14},{"not_picked":["Immolate","Feed"],"picked":"Bludgeon","floor":16},{"not_picked":["Sword Boomerang+1","True Grit"],"picked":"Bloodletting+1","floor":18},{"not_picked":["Ghostly Armor","Warcry"],"picked":"Inflame","floor":19},{"not_picked":["Headbutt","Fire Breathing"],"picked":"Combust+1","floor":23},{"not_picked":["Armaments","Twin Strike"],"picked":"Intimidate","floor":24},{"not_picked":["Shrug It Off","Combust"],"picked":"Flex","floor":25},{"not_picked":["Clash","Ghostly Armor","Juggernaut"],"picked":"SKIP","floor":28},{"not_picked":["Wild Strike","Pommel Strike","Iron Wave"],"picked":"SKIP","floor":29},{"not_picked":["Brutality","Havoc"],"picked":"Sword Boomerang+1","floor":30},{"not_picked":["Barricade","Dark Embrace"],"picked":"Double Tap","floor":33},{"not_picked":["Sword Boomerang","Intimidate"],"picked":"Warcry+1","floor":35},{"not_picked":["Sever Soul","Warcry+1"],"picked":"Inflame+1","floor":36},{"not_picked":["Clothesline+1","Havoc","Headbutt"],"picked":"SKIP","floor":37},{"not_picked":["Twin Strike+1","Whirlwind"],"picked":"Spot Weakness+1","floor":39},{"not_picked":["Whirlwind","Shrug It Off+1"],"picked":"Rage+1","floor":40},{"not_picked":["Anger","True Grit+1"],"picked":"Dual Wield+1","floor":42},{"not_picked":["Berserk","Heavy Blade","Feel No Pain+1"],"picked":"Pommel Strike+1","floor":44},{"not_picked":["Thinking Ahead","Finesse","Transmutation"],"picked":"Bandage Up","floor":45},{"not_picked":["Sadistic Nature","Flash of Steel","Swift Strike"],"picked":"Panacea","floor":45},{"not_picked":["Cleave+1","Anger+1","Sword Boomerang"],"picked":"Armaments+1","floor":46},{"not_picked":["Hemokinesis","Sever Soul","Blood for Blood","Heavy Blade"],"picked":"SKIP","floor":47},{"not_picked":["Carnage+1","Wild Strike+1","Heavy Blade+1"],"picked":"Flex","floor":48}],"player_experience":184074,"relics_obtained":[{"floor":6,"key":"Torii"},{"floor":9,"key":"Bronze Scales"},{"floor":14,"key":"Boot"},{"floor":23,"key":"Orichalcum"},{"floor":26,"key":"Ornamental Fan"},{"floor":28,"key":"Smiling Mask"},{"floor":40,"key":"Calipers"},{"floor":42,"key":"Question Card"},{"floor":43,"key":"Paper Frog"}],"event_choices":[{"event_name":"The Mausoleum","player_choice":"Yes","floor":21,"damage_taken":0},{"event_name":"Vampires","player_choice":"Ignored","floor":22,"damage_taken":0},{"event_name":"SensoryStone","player_choice":"Memory 2","floor":45,"damage_taken":0}],"boss_relics":[{"not_picked":["Astrolabe","Empty Cage"],"picked":"Sozu"},{"not_picked":["Runic Pyramid","White Beast Statue"],"picked":"Fusion Hammer"}],"items_purged_floors":[20,31,38],"is_endless":false,"potions_floor_spawned":[3,4,7,13,14,16,23,25,29,30,36,40,44,46,47],"ascension_level":0}