{"gold_per_floor":[365,381,44,56,56,96,96,96,147,186,207,207,231,6,6,134,134,147,147,166,184,84,84,119,119,170,26,26,38,58,58,58,161,161,171,171,189,189],"floor_reached":38,"playtime":3163,"items_purged":["Doubt","Injury"],"score":474,"play_id":"92afaf31-734f-4676-a052-4f587e1a32f3","local_time":"20181206234536","is_ascension_mode":true,"campfire_choices":[{"data":"Zap","floor":8,"key":"SMITH"},{"floor":12,"key":"REST"},{"floor":15,"key":"REST"},{"floor":23,"key":"RECALL"},{"data":"Redo","floor":28,"key":"SMITH"},{"floor":32,"key":"REST"}],"neow_cost":"CURSE","seed_source_timestamp":33825081951228,"circlet_count":0,"master_deck":["Strike_B","Strike_B","Defend_B","Defend_B","Defend_B","Zap+1","Dualcast","Recycle","Panache","FTL","Redo+1","Genetic Algorithm","Gash","FTL","Go for the Eyes","Reinforced Body","Echo Form","Sunder+1","Ball Lightning+1","Reprogram+1","Conserve Battery","Storm+1","Static Discharge+1","Melter","Capacitor","Scrape","Ghostly","Ghostly","Ghostly","Ghostly","Ghostly","Fission","Leap+1","Madness","Madness"],"relics":["FrozenCore","Bloody Idol","Lantern","Pantograph","Ancient Tea Set","Oddly Smooth Stone","Astrolabe","NlothsMask","Cables","Strawberry"],"potions_floor_usage":[6,11,16,24,30,33,35],"damage_taken":[{"damage":0,"enemies":"2 Louse","floor":1,"turns":3},{"damage":1,"enemies":"Cultist","floor":2,"turns":3},{"damage":0,"enemies":"Small Slimes","floor":4,"turns":3},{"damage":35,"enemies":"3 Sentries","floor":6,"turns":6},{"damage":29,"enemies":"Gremlin Nob","floor":10,"turns":4},{"damage":7,"enemies":"Exordium Wildlife","floor":11,"turns":3},{"damage":6,"enemies":"3 Louse","floor":13,"turns":4},{"damage":35,"enemies":"Slime Boss","floor":16,"turns":7},{"damage":0,"enemies":"Spheric Guardian","floor":18,"turns":2},{"damage":0,"enemies":"Chosen","floor":20,"turns":4},{"damage":19,"enemies":"Shelled Parasite and Fungi","floor":21,"turns":5},{"damage":29,"enemies":"Gremlin Leader","floor":24,"turns":5},{"damage":20,"enemies":"Chosen and Byrds","floor":29,"turns":4},{"damage":12,"enemies":"Centurion and Healer","floor":30,"turns":3},{"damage":6,"enemies":"Collector","floor":33,"turns":8},{"damage":0,"enemies":"3 Shapes","floor":35,"turns":4},{"damage":0,"enemies":"Orb Walker","floor":37,"turns":5},{"damage":41,"enemies":"Spire Growth","floor":38,"turns":6}],"seed_played":"3586877105842724037","potions_obtained":[{"floor":2,"key":"GamblersBrew"},{"floor":4,"key":"Swift Potion"},{"floor":10,"key":"SkillPotion"},{"floor":11,"key":"Ancient Potion"},{"floor":21,"key":"Weak Potion"},{"floor":29,"key":"SkillPotion"},{"floor":30,"key":"Block Potion"},{"floor":33,"key":"GamblersBrew"}],"is_trial":false,"path_per_floor":["M","M","$","M","?","E","?","R","T","E","M","R","M","$","R","B",null,"M","?","M","M","$","R","E","?","T","$","R","M","M","?","R","B",null,"M","?","M","M"],"character_chosen":"DEFECT","items_purchased":["Panache","FTL","Oddly Smooth Stone","Reinforced Body","Strawberry"],"campfire_rested":3,"item_purchase_floors":[3,3,14,14,27],"current_hp_per_floor":[75,74,74,74,74,39,39,39,39,10,3,25,19,19,41,31,75,75,75,75,56,56,56,27,27,32,39,39,24,17,17,29,40,41,41,36,41,0],"gold":189,"neow_bonus":"TWO_FIFTY_GOLD","is_prod":false,"is_daily":false,"chose_seed":false,"campfire_upgraded":2,"win_rate":0,"timestamp":1544157936,"path_taken":["M","M","$","M","?","E","?","R","T","E","M","R","?","?","R","BOSS","M","?","?","M","$","R","E","?","T","?","R","M","M","?","R","BOSS","M","?","M","M"],"build_version":"2018-12-06","purchased_purges":2,"victory":false,"max_hp_per_floor":[75,75,75,75,75,75,75,75,75,75,75,75,75,75,75,75,75,75,75,75,75,75,75,75,75,75,82,82,82,82,41,41,41,41,41,41,41,41],"card_choices":[{"not_picked":["Steam Power","Barrage"],"picked":"Recycle","floor":1},{"not_picked":["Streamline","Compile Driver","Hello World"],"picked":"SKIP","floor":2},{"not_picked":["Streamline","Auto Shields"],"picked":"Redo","floor":4},{"not_picked":["Leap","Turbo"],"picked":"Genetic Algorithm","floor":6},{"not_picked":["Leap","Darkness"],"picked":"Gash","floor":10},{"not_picked":["Steam","Rebound"],"picked":"FTL","floor":11},{"not_picked":["Fusion","Chill"],"picked":"Go for the Eyes","floor":13},{"not_picked":["Reboot","Seek"],"picked":"Echo Form","floor":16},{"not_picked":["Turbo+1","Aggregate"],"picked":"Conserve Battery","floor":18},{"not_picked":["Turbo","Blizzard"],"picked":"Storm+1","floor":20},{"not_picked":["Blizzard","Rebound"],"picked":"Static Discharge+1","floor":21},{"not_picked":["Leap","Heatsinks+1"],"picked":"Melter","floor":24},{"not_picked":["Recycle","Compile Driver"],"picked":"Capacitor","floor":29},{"not_picked":["Storm","Barrage"],"picked":"Scrape","floor":30},{"not_picked":["Core Surge","Buffer"],"picked":"Fission","floor":33},{"not_picked":["Rip and Tear","Turbo+1"],"picked":"Leap+1","floor":35},{"not_picked":["Streamline","Leap+1","Sweeping Beam"],"picked":"SKIP","floor":37}],"player_experience":77836,"relics_obtained":[{"floor":6,"key":"Lantern"},{"floor":10,"key":"Ancient Tea Set"},{"floor":24,"key":"Cables"}],"event_choices":[{"damage_healed":0,"gold_gain":0,"player_choice":"Take Wound","damage_taken":0,"relics_obtained":["Golden Idol"],"max_hp_gain":0,"max_hp_loss":0,"event_name":"Golden Idol","floor":5,"gold_loss":0,"cards_obtained":["Injury"]},{"damage_healed":0,"gold_gain":0,"player_choice":"Gave Potion","damage_taken":0,"relics_obtained":["Pantograph"],"max_hp_gain":0,"max_hp_loss":0,"event_name":"WeMeetAgain","floor":7,"gold_loss":0},{"damage_healed":0,"gold_gain":0,"player_choice":"Trade","damage_taken":0,"relics_obtained":["NlothsMask"],"max_hp_gain":0,"max_hp_loss":0,"event_name":"FaceTrader","floor":19,"gold_loss":0},{"damage_healed":0,"gold_gain":0,"player_choice":"Gave Idol","damage_taken":0,"relics_obtained":["Bloody Idol"],"max_hp_gain":0,"max_hp_loss":0,"event_name":"Forgotten Altar","floor":25,"relics_lost":["Golden Idol"],"gold_loss":0},{"damage_healed":0,"gold_gain":0,"player_choice":"Became a Ghost","damage_taken":0,"max_hp_gain":0,"max_hp_loss":41,"event_name":"Ghosts","floor":31,"gold_loss":0,"cards_obtained":["Ghostly","Ghostly","Ghostly","Ghostly","Ghostly"]},{"damage_healed":0,"gold_gain":0,"player_choice":"Embrace Madness","damage_taken":5,"max_hp_gain":0,"max_hp_loss":0,"event_name":"Winding Halls","floor":36,"gold_loss":0,"cards_obtained":["Madness","Madness"]}],"is_beta":false,"boss_relics":[{"not_picked":["Busted Crown","Lizard Tail"],"picked":"Astrolabe"},{"not_picked":["Calling Bell","Tiny House"],"picked":"FrozenCore"}],"items_purged_floors":[3,22],"is_endless":false,"potions_floor_spawned":[2,4,10,11,21,29,30,33],"killed_by":"Spire Growth","ascension_level":1}