{"gold_per_floor":[111,111,129,129,93,93,109,109,109,109,109,159,199,220,220,350,413,433,451,451,550,550,550,117,117,117,137,137,147,147,75,75,178,178,197,107,121,170,183,183],"floor_reached":40,"playtime":2634,"items_purged":["Strike_B"],"score":451,"play_id":"ad0dcdd6-5504-4835-a9ea-e0524105bb27","local_time":"20181213212515","is_ascension_mode":true,"campfire_choices":[{"floor":6,"key":"RECALL"},{"data":"Zap","floor":8,"key":"SMITH"},{"data":"Melter","floor":10,"key":"SMITH"},{"floor":15,"key":"REST"},{"data":"Darkness","floor":23,"key":"SMITH"},{"data":"Dualcast","floor":25,"key":"SMITH"},{"data":"Genetic Algorithm","floor":32,"key":"SMITH"}],"neow_cost":"NONE","seed_source_timestamp":81449536156325,"circlet_count":0,"master_deck":["Zap+1","Dualcast+1","Sweeping Beam+1","Melter+1","Genetic Algorithm+1","Steam","Self Repair+1","Electrodynamics","Ball Lightning","Capacitor","Darkness+1","Loop","Leap","Go for the Eyes","Doom and Gloom+1","FTL","Necronomicurse","Defragment","Thunder Strike","Stack","Creative AI","Static Discharge","Electrodynamics","Ball Lightning","Self Repair+1","Turbo+1","Conserve Battery"],"relics":["Cracked Core","Bloody Idol","Boot","Pantograph","Tiny House","Toolbox","Mango","Necronomicon","Pandora\u0027s Box","Nunchaku"],"potions_floor_usage":[16,16,16,33,33,38,39],"damage_taken":[{"damage":5,"enemies":"Small Slimes","floor":1,"turns":3},{"damage":7,"enemies":"2 Louse","floor":3,"turns":2},{"damage":7,"enemies":"Jaw Worm","floor":7,"turns":3},{"damage":20,"enemies":"3 Sentries","floor":13,"turns":9},{"damage":13,"enemies":"Exordium Thugs","floor":14,"turns":3},{"damage":52,"enemies":"Slime Boss","floor":16,"turns":11},{"damage":12,"enemies":"Chosen","floor":18,"turns":5},{"damage":22,"enemies":"Shell Parasite","floor":19,"turns":5},{"damage":27,"enemies":"Shelled Parasite and Fungi","floor":27,"turns":5},{"damage":24,"enemies":"Cultist and Chosen","floor":29,"turns":5},{"damage":36,"enemies":"Champ","floor":33,"turns":8},{"damage":38,"enemies":"3 Shapes","floor":35,"turns":3},{"damage":17,"enemies":"3 Darklings","floor":37,"turns":4},{"damage":51,"enemies":"2 Orb Walkers","floor":38,"turns":4},{"damage":43,"enemies":"4 Shapes","floor":39,"turns":4},{"damage":13,"enemies":"Giant Head","floor":40,"turns":2}],"seed_played":"2795558620269624609","potions_obtained":[{"floor":7,"key":"LiquidBronze"},{"floor":13,"key":"Regen Potion"},{"floor":14,"key":"Explosive Potion"},{"floor":17,"key":"FairyPotion"},{"floor":19,"key":"LiquidBronze"},{"floor":27,"key":"Strength Potion"},{"floor":37,"key":"Poison Potion"},{"floor":38,"key":"AttackPotion"}],"is_trial":false,"path_per_floor":["M","?","M","?","$","R","M","R","T","R","$","T","E","M","R","B",null,"M","M","?","?","?","R","$","R","T","M","?","M","?","$","R","B",null,"M","?","M","?","M","E"],"character_chosen":"DEFECT","items_purchased":["Genetic Algorithm","Toolbox","Loop","Leap","Go for the Eyes","Defragment"],"campfire_rested":1,"item_purchase_floors":[5,24,24,24,24,31],"current_hp_per_floor":[77,76,69,69,69,69,62,62,62,62,62,62,42,29,51,46,81,76,61,61,61,61,61,61,61,75,60,91,79,63,63,63,64,95,62,62,70,34,7,0],"gold":183,"neow_bonus":"TEN_PERCENT_HP_BONUS","is_prod":false,"is_daily":false,"chose_seed":false,"campfire_upgraded":5,"win_rate":0,"timestamp":1544754315,"path_taken":["M","?","M","?","?","R","?","R","T","R","?","?","E","M","R","BOSS","M","M","?","?","?","R","?","R","T","?","?","M","?","$","R","BOSS","M","?","?","?","M","E"],"build_version":"2018-12-13","purchased_purges":1,"victory":false,"max_hp_per_floor":[82,76,76,76,76,76,76,76,76,76,76,76,76,76,76,76,81,81,81,81,81,81,81,81,81,95,95,95,95,95,95,95,95,95,95,95,95,95,95,95],"card_choices":[{"not_picked":["Barrage","Steam"],"picked":"Sweeping Beam","floor":1},{"not_picked":["Fusion","Compile Driver"],"picked":"Melter","floor":3},{"not_picked":["Aggregate","Streamline"],"picked":"Steam","floor":7},{"not_picked":["Fusion","Consume","Turbo"],"picked":"SKIP","floor":13},{"not_picked":["Hologram","Sweeping Beam"],"picked":"Self Repair","floor":14},{"not_picked":["Meteor Strike","Machine Learning"],"picked":"Electrodynamics","floor":16},{"not_picked":["Leap","Hologram"],"picked":"Ball Lightning","floor":17},{"not_picked":["Lockon","Blizzard+1"],"picked":"Capacitor","floor":18},{"not_picked":["Compile Driver+1","Ball Lightning"],"picked":"Darkness","floor":19},{"not_picked":["Reinforced Body","Beam Cell"],"picked":"Doom and Gloom+1","floor":27},{"not_picked":["Darkness","Recycle"],"picked":"FTL","floor":29},{"not_picked":["Amplify","Hyperbeam"],"picked":"Thunder Strike","floor":33},{"not_picked":["Hologram","Darkness"],"picked":"Self Repair+1","floor":35},{"not_picked":["Auto Shields","Compile Driver","Darkness+1"],"picked":"SKIP","floor":37},{"not_picked":["Aggregate","Lockon"],"picked":"Turbo+1","floor":38},{"not_picked":["Gash","Fusion"],"picked":"Conserve Battery","floor":39}],"player_experience":114958,"relics_obtained":[{"floor":12,"key":"Boot"},{"floor":13,"key":"Pantograph"},{"floor":26,"key":"Mango"},{"floor":30,"key":"Necronomicon"},{"floor":38,"key":"Nunchaku"}],"event_choices":[{"damage_healed":0,"gold_gain":0,"player_choice":"Lose Max HP","damage_taken":0,"relics_obtained":["Golden Idol"],"max_hp_gain":0,"max_hp_loss":6,"event_name":"Golden Idol","floor":2,"gold_loss":0},{"cards_removed":["Strike_B"],"damage_healed":0,"gold_gain":0,"player_choice":"Forget","damage_taken":0,"max_hp_gain":0,"max_hp_loss":0,"event_name":"Living Wall","floor":4,"gold_loss":0},{"damage_healed":0,"gold_gain":0,"player_choice":"Ignored","damage_taken":0,"max_hp_gain":0,"max_hp_loss":0,"event_name":"Ghosts","floor":20,"gold_loss":0},{"damage_healed":0,"gold_gain":99,"player_choice":"Stole From Cult","damage_taken":0,"max_hp_gain":0,"max_hp_loss":0,"event_name":"Nest","floor":21,"gold_loss":0},{"damage_healed":0,"gold_gain":0,"player_choice":"Gave Idol","damage_taken":0,"relics_obtained":["Bloody Idol"],"max_hp_gain":0,"max_hp_loss":0,"event_name":"Forgotten Altar","floor":22,"relics_lost":["Golden Idol"],"gold_loss":0},{"damage_healed":31,"gold_gain":0,"player_choice":"Heal","damage_taken":0,"max_hp_gain":0,"max_hp_loss":0,"event_name":"The Library","floor":28,"gold_loss":0},{"damage_healed":0,"gold_gain":0,"player_choice":"Obtained Book","damage_taken":16,"max_hp_gain":0,"max_hp_loss":0,"event_name":"Cursed Tome","floor":30,"gold_loss":0},{"cards_removed":["Barrage"],"damage_healed":0,"gold_gain":0,"player_choice":"Upgrade and Remove","damage_taken":0,"max_hp_gain":0,"max_hp_loss":0,"event_name":"Designer","floor":36,"gold_loss":90,"cards_upgraded":["Self Repair"]},{"damage_healed":0,"gold_gain":0,"player_choice":"Fight","damage_taken":0,"max_hp_gain":0,"max_hp_loss":0,"event_name":"Mysterious Sphere","floor":38,"gold_loss":0}],"is_beta":false,"boss_relics":[{"not_picked":["Velvet Choker","Philosopher\u0027s Stone"],"picked":"Tiny House"},{"not_picked":["Coffee Dripper","White Beast Statue"],"picked":"Pandora\u0027s Box"}],"items_purged_floors":[24],"is_endless":false,"potions_floor_spawned":[7,13,14,19,27,37,38],"killed_by":"Giant Head","ascension_level":1}