{"gold_per_floor":[109,126,301,45,45,45,65,78,103,103,103,134,84,108,108,213,213,225,225,30,41,60,60,87,100,100,133,133,64,82,181,181,279,279,295,295,395,413,413,413,413,449,449,461,461],"floor_reached":45,"playtime":2634,"items_purged":[],"score":681,"play_id":"b1ebfdd4-2bd4-48f4-9560-9d98ba64b3f4","local_time":"20190127135743","is_ascension_mode":true,"campfire_choices":[{"data":"Apotheosis","floor":6,"key":"SMITH"},{"data":"Self Repair","floor":11,"key":"SMITH"},{"floor":15,"key":"REST"},{"floor":23,"key":"REST"},{"floor":28,"key":"REST"},{"floor":32,"key":"REST"},{"data":"BootSequence","floor":40,"key":"SMITH"}],"neow_cost":"NONE","seed_source_timestamp":315646159679441,"circlet_count":0,"master_deck":["Zap","Dualcast","Capacitor","Melter+1","Doubt","Apotheosis+1","Self Repair+1","Ball Lightning","Loop","Chill","Electrodynamics","BootSequence+1","Conserve Battery","Discovery","Body Slam","Barrage+1","Consume","Storm","Heatsinks","HandOfGreed","Compile Driver","Genetic Algorithm","Multi-Cast","Chaos","White Noise","Turbo","Chill+1","Choke+1","Dual Wield+1","Madness","Madness","Backflip+1"],"relics":["Cracked Core","Potion Belt","Anchor","Whetstone","Bronze Scales","Lizard Tail","PrismaticShard","DataDisk","Matryoshka","Dream Catcher","Pandora\u0027s Box","Emotion Chip","Pen Nib","Bottled Tornado"],"potions_floor_usage":[12,18,22,24,25,27,33,33,33,33,33,33,33,33,33,44,44,44,45,45],"damage_taken":[{"damage":1,"enemies":"Cultist","floor":1,"turns":3},{"damage":8,"enemies":"Jaw Worm","floor":2,"turns":4},{"damage":1,"enemies":"2 Louse","floor":7,"turns":2},{"damage":12,"enemies":"Looter","floor":8,"turns":4},{"damage":32,"enemies":"Gremlin Nob","floor":12,"turns":5},{"damage":32,"enemies":"Hexaghost","floor":16,"turns":9},{"damage":28,"enemies":"2 Thieves","floor":18,"turns":3},{"damage":13,"enemies":"Shell Parasite","floor":21,"turns":5},{"damage":10,"enemies":"Chosen and Byrds","floor":22,"turns":4},{"damage":6,"enemies":"Slavers","floor":24,"turns":4},{"damage":17,"enemies":"Cultist and Chosen","floor":25,"turns":6},{"damage":43,"enemies":"Book of Stabbing","floor":27,"turns":6},{"damage":10,"enemies":"Snake Plant","floor":30,"turns":4},{"damage":60,"enemies":"Collector","floor":33,"turns":10},{"damage":0,"enemies":"3 Shapes","floor":35,"turns":4},{"damage":7,"enemies":"Mind Bloom Boss Battle","floor":37,"turns":8},{"damage":4,"enemies":"3 Darklings","floor":38,"turns":3},{"damage":36,"enemies":"Writhing Mass","floor":42,"turns":5},{"damage":37,"enemies":"Spire Growth","floor":44,"turns":4},{"damage":43,"enemies":"Maw","floor":45,"turns":6}],"seed_played":"5020130168940164177","potions_obtained":[{"floor":1,"key":"Dexterity Potion"},{"floor":7,"key":"SpeedPotion"},{"floor":16,"key":"Weak Potion"},{"floor":18,"key":"Regen Potion"},{"floor":19,"key":"PowerPotion"},{"floor":19,"key":"FocusPotion"},{"floor":19,"key":"Swift Potion"},{"floor":27,"key":"EntropicBrew"},{"floor":33,"key":"FearPotion"},{"floor":35,"key":"AttackPotion"},{"floor":37,"key":"Energy Potion"},{"floor":38,"key":"Fire Potion"}],"is_trial":false,"path_per_floor":["M","M","?","$","$","R","M","M","T","?","R","E","?","T","R","B",null,"M","?","$","M","M","R","E","M","T","E","R","$","M","?","R","B",null,"M","?","?","M","?","R","?","M","T","M","M"],"character_chosen":"DEFECT","items_purchased":["Apotheosis","Self Repair","PrismaticShard","Storm"],"campfire_rested":4,"item_purchase_floors":[4,4,20,29],"current_hp_per_floor":[67,59,59,59,59,59,65,60,60,60,60,38,38,38,60,38,66,48,48,48,45,35,57,73,66,66,33,55,55,55,55,75,40,66,66,66,69,65,56,56,56,20,20,37,0],"gold":461,"neow_bonus":"REMOVE_CARD","is_prod":false,"is_daily":false,"chose_seed":false,"campfire_upgraded":3,"win_rate":0,"timestamp":1548615463,"path_taken":["M","?","?","?","$","R","M","?","T","?","R","E","?","?","R","BOSS","M","?","$","?","M","R","E","M","T","E","R","$","M","?","R","BOSS","M","?","?","M","?","R","?","M","T","M","?"],"build_version":"2019-01-23","purchased_purges":0,"victory":false,"max_hp_per_floor":[75,75,75,75,75,75,75,75,75,75,75,75,75,75,75,75,75,75,75,75,75,75,75,75,75,75,75,75,75,75,75,75,75,75,75,75,75,75,75,75,75,75,75,75,75],"card_choices":[{"not_picked":["Storm","Barrage"],"picked":"Capacitor","floor":1},{"not_picked":["Auto Shields","Consume"],"picked":"Melter","floor":2},{"not_picked":["Gash","Beam Cell"],"picked":"Ball Lightning","floor":7},{"not_picked":["Redo","Sweeping Beam"],"picked":"Loop","floor":8},{"not_picked":["Hologram","Steam"],"picked":"Chill","floor":12},{"not_picked":["Buffer","Seek"],"picked":"Electrodynamics","floor":16},{"not_picked":["Gash","Cold Snap"],"picked":"BootSequence","floor":18},{"not_picked":["Cloak And Dagger+1","Body Slam"],"picked":"Conserve Battery","floor":21},{"not_picked":["Impatience+1","Sword Boomerang"],"picked":"Discovery","floor":22},{"not_picked":["Hologram","Flex"],"picked":"Body Slam","floor":24},{"not_picked":["Tempest","Turbo+1"],"picked":"Barrage+1","floor":25},{"not_picked":["Mind Blast","Flash of Steel"],"picked":"Consume","floor":27},{"not_picked":["Undo","Skewer","Clothesline"],"picked":"SKIP","floor":30},{"not_picked":["Darkness+1","Anger"],"picked":"Heatsinks","floor":32},{"not_picked":["Malaise","Chrysalis"],"picked":"HandOfGreed","floor":33},{"not_picked":["Blood for Blood+1","Hologram"],"picked":"Chill+1","floor":35},{"not_picked":["Twin Strike","Sweeping Beam"],"picked":"Choke+1","floor":37},{"not_picked":["Slice+1","Conserve Battery"],"picked":"Dual Wield+1","floor":38},{"not_picked":["Blood for Blood","Flechettes"],"picked":"Backflip+1","floor":42},{"not_picked":["Quick Slash","Redo","Compile Driver"],"picked":"SKIP","floor":44}],"player_experience":2030962,"relics_obtained":[{"floor":9,"key":"Potion Belt"},{"floor":12,"key":"Whetstone"},{"floor":14,"key":"Bronze Scales"},{"floor":24,"key":"DataDisk"},{"floor":26,"key":"Matryoshka"},{"floor":27,"key":"Dream Catcher"},{"floor":37,"key":"Emotion Chip"},{"floor":43,"key":"Pen Nib"},{"floor":43,"key":"Bottled Tornado"}],"event_choices":[{"damage_healed":0,"gold_gain":175,"player_choice":"AGREE","damage_taken":0,"max_hp_gain":0,"max_hp_loss":0,"event_name":"Liars Game","floor":3,"gold_loss":0,"cards_obtained":["Doubt"]},{"damage_healed":0,"gold_gain":0,"player_choice":"Box","damage_taken":0,"relics_obtained":["Anchor"],"max_hp_gain":0,"max_hp_loss":0,"event_name":"Big Fish","floor":10,"gold_loss":0,"cards_obtained":["Regret"]},{"cards_removed":["Regret"],"damage_healed":0,"gold_gain":0,"player_choice":"Card Removal","damage_taken":0,"max_hp_gain":0,"max_hp_loss":0,"event_name":"The Cleric","floor":13,"gold_loss":50},{"damage_healed":0,"gold_gain":0,"player_choice":"Got Potions","damage_taken":0,"max_hp_gain":0,"max_hp_loss":0,"event_name":"Lab","floor":19,"gold_loss":0},{"damage_healed":0,"gold_gain":99,"player_choice":"Stole From Cult","damage_taken":0,"max_hp_gain":0,"max_hp_loss":0,"event_name":"Nest","floor":31,"gold_loss":0},{"cards_removed":["Beam Cell"],"damage_healed":0,"gold_gain":0,"player_choice":"Removed Attack","damage_taken":0,"max_hp_gain":0,"max_hp_loss":0,"event_name":"Falling","floor":36,"gold_loss":0},{"damage_healed":0,"gold_gain":0,"player_choice":"Fight","damage_taken":0,"max_hp_gain":0,"max_hp_loss":0,"event_name":"MindBloom","floor":37,"gold_loss":0},{"damage_healed":0,"gold_gain":0,"player_choice":"Embrace Madness","damage_taken":9,"max_hp_gain":0,"max_hp_loss":0,"event_name":"Winding Halls","floor":39,"gold_loss":0,"cards_obtained":["Madness","Madness"]},{"damage_healed":0,"gold_gain":0,"player_choice":"Ignored","damage_taken":0,"max_hp_gain":0,"max_hp_loss":0,"event_name":"Tomb of Lord Red Mask","floor":41,"gold_loss":0}],"is_beta":false,"boss_relics":[{"not_picked":["Snecko Eye","Busted Crown"],"picked":"Lizard Tail"},{"not_picked":["Black Star","Orrery"],"picked":"Pandora\u0027s Box"}],"items_purged_floors":[],"is_endless":false,"potions_floor_spawned":[1,7,16,18,27,33,35,37,38],"killed_by":"Maw","ascension_level":8}