{"gold_per_floor":[364,364,379,195,209,209,228,228,228,289,289,266,266,266,266,337,337,347,360,42,42,42,377,377,408,408,105,115,115,125,135,135,209,209,219,26,40,40,40,40,40,40,40,40,73,101,101,134,134,134],"floor_reached":51,"playtime":2574,"items_purged":["Strike_G","Strike_G","Strike_G"],"score":1517,"play_id":"8c6a7561-d407-44ea-8680-d8e572292109","local_time":"20190521004506","is_ascension_mode":true,"campfire_choices":[{"floor":6,"key":"REST"},{"floor":8,"key":"REST"},{"floor":11,"key":"REST"},{"floor":13,"key":"REST"},{"data":"Leg Sweep","floor":15,"key":"SMITH"},{"floor":24,"key":"REST"},{"floor":29,"key":"REST"},{"floor":32,"key":"REST"},{"data":"Burst","floor":41,"key":"SMITH"},{"data":"Catalyst","floor":42,"key":"SMITH"},{"data":"Deadly Poison","floor":44,"key":"SMITH"},{"floor":47,"key":"REST"},{"floor":49,"key":"REST"}],"neow_cost":"PERCENT_DAMAGE","seed_source_timestamp":20482672371296,"circlet_count":0,"master_deck":["AscendersBane","Defend_G","Defend_G","Defend_G","Defend_G","Defend_G","Strike_G","Survivor","Neutralize","Dagger Spray","Deadly Poison+1","Leg Sweep+1","Quick Slash","Corpse Explosion","Catalyst+1","Poisoned Stab","Sadistic Nature+1","Backflip","PiercingWail","Escape Plan","Burst+1","Blur","Footwork+1","Malaise","PiercingWail+1","Sadistic Nature+1","Noxious Fumes+1"],"relics":["Ring of the Serpent","Pear","Frozen Egg 2","Ginger","Sozu","Old Coin","Strawberry","Mercury Hourglass","WingedGreaves","Omamori","Pen Nib","Bronze Scales","FossilizedHelix"],"potions_floor_usage":[12,23],"damage_taken":[{"damage":5,"enemies":"Small Slimes","floor":1,"turns":6},{"damage":4,"enemies":"2 Louse","floor":3,"turns":4},{"damage":2,"enemies":"Jaw Worm","floor":5,"turns":4},{"damage":1,"enemies":"Blue Slaver","floor":7,"turns":7},{"damage":44,"enemies":"Gremlin Nob","floor":10,"turns":6},{"damage":7,"enemies":"Exordium Thugs","floor":12,"turns":4},{"damage":10,"enemies":"The Guardian","floor":16,"turns":14},{"damage":0,"enemies":"Chosen","floor":18,"turns":5},{"damage":26,"enemies":"2 Thieves","floor":19,"turns":3},{"damage":11,"enemies":"Slavers","floor":23,"turns":2},{"damage":47,"enemies":"Gremlin Leader","floor":25,"turns":5},{"damage":10,"enemies":"Centurion and Healer","floor":28,"turns":3},{"damage":7,"enemies":"Cultist and Chosen","floor":30,"turns":4},{"damage":0,"enemies":"3 Cultists","floor":31,"turns":2},{"damage":38,"enemies":"Collector","floor":33,"turns":12},{"damage":0,"enemies":"3 Shapes","floor":35,"turns":3},{"damage":11,"enemies":"Orb Walker","floor":37,"turns":4},{"damage":0,"enemies":"Nemesis","floor":45,"turns":7},{"damage":32,"enemies":"Giant Head","floor":46,"turns":8},{"damage":10,"enemies":"Nemesis","floor":48,"turns":7},{"damage":48,"enemies":"Donu and Deca","floor":50,"turns":7}],"seed_played":"564710543532216420","potions_obtained":[{"floor":3,"key":"SneckoOil"},{"floor":12,"key":"Explosive Potion"}],"is_trial":false,"path_per_floor":["M","?","M","$","M","R","M","R","T","?","R","M","R","?","R","B",null,"M","M","$","?","?","E","R","E","T","$","M","R","M","M","R","B",null,"M","$","M","$","?","?","R","R","T","R","E","E","R","E","R","B",null],"character_chosen":"THE_SILENT","items_purchased":["Deadly Poison","Leg Sweep","Sadistic Nature+1","Backflip","Burst","Sadistic Nature+1"],"campfire_rested":9,"item_purchase_floors":[4,4,20,20,27,36],"current_hp_per_floor":[39,23,19,19,17,39,38,60,60,16,38,31,53,53,53,43,68,68,42,42,42,42,31,53,13,13,13,3,27,20,20,44,6,64,64,64,53,53,53,53,53,53,53,53,53,21,45,35,59,11],"gold":134,"neow_bonus":"TWO_FIFTY_GOLD","is_prod":false,"is_daily":false,"chose_seed":false,"campfire_upgraded":4,"win_rate":0,"timestamp":1558417506,"path_taken":["M","?","M","$","M","R","M","R","T","?","R","M","R","?","R","BOSS","M","M","$","?","?","E","R","E","T","$","?","R","M","M","R","BOSS","M","$","M","$","?","?","R","R","T","R","E","E","R","E","R","BOSS"],"build_version":"2019-01-23","purchased_purges":3,"victory":true,"max_hp_per_floor":[66,76,76,76,76,76,76,76,76,76,76,76,76,76,76,76,76,76,76,76,76,76,76,76,83,83,83,83,83,83,83,83,83,83,83,83,83,83,83,83,83,83,83,83,83,83,83,83,83,83],"card_choices":[{"not_picked":["Dagger Throw","Bane"],"picked":"Dagger Spray","floor":1},{"not_picked":["Reflex","Sucker Punch","Prepared"],"picked":"SKIP","floor":3},{"not_picked":["Riddle With Holes","Acrobatics","Prepared"],"picked":"SKIP","floor":5},{"not_picked":["Terror","Underhanded Strike","Masterful Stab"],"picked":"SKIP","floor":7},{"not_picked":["Flying Knee","Reflex"],"picked":"Quick Slash","floor":10},{"not_picked":["Backstab","Dodge and Roll"],"picked":"Poisoned Stab","floor":12},{"not_picked":["Grand Finale","Phantasmal Killer"],"picked":"Corpse Explosion","floor":16},{"not_picked":["Slice","Cloak And Dagger"],"picked":"Catalyst","floor":18},{"not_picked":["Backstab","Dagger Throw"],"picked":"Poisoned Stab","floor":19},{"not_picked":["Deflect","Prepared"],"picked":"PiercingWail","floor":23},{"not_picked":["Deflect","Finisher"],"picked":"Escape Plan","floor":25},{"not_picked":["Outmaneuver","Bane"],"picked":"Blur","floor":28},{"not_picked":["Deflect","Slice+1"],"picked":"Footwork+1","floor":30},{"not_picked":["Prepared","Doppelganger","Tactician"],"picked":"SKIP","floor":31},{"not_picked":["Storm of Steel","Tools of the Trade+1"],"picked":"Malaise","floor":33},{"not_picked":["Quick Slash","Underhanded Strike"],"picked":"PiercingWail+1","floor":35},{"not_picked":["Flechettes","Accuracy+1"],"picked":"Noxious Fumes+1","floor":37},{"not_picked":["Infinite Blades+1","Acrobatics","Backstab"],"picked":"SKIP","floor":45},{"not_picked":["Expertise+1","Dash","Backstab+1"],"picked":"SKIP","floor":46},{"not_picked":["Bane","Reflex","Acrobatics"],"picked":"SKIP","floor":48}],"player_experience":702789,"relics_obtained":[{"floor":9,"key":"Frozen Egg 2"},{"floor":10,"key":"Ginger"},{"floor":23,"key":"Old Coin"},{"floor":25,"key":"Strawberry"},{"floor":26,"key":"Mercury Hourglass"},{"floor":43,"key":"Omamori"},{"floor":45,"key":"Pen Nib"},{"floor":46,"key":"Bronze Scales"},{"floor":48,"key":"FossilizedHelix"}],"event_choices":[{"damage_healed":0,"gold_gain":0,"player_choice":"Success","damage_taken":26,"relics_obtained":["Pear"],"max_hp_gain":0,"max_hp_loss":0,"event_name":"Scrap Ooze","floor":2,"gold_loss":0},{"damage_healed":0,"gold_gain":0,"player_choice":"Searched \u00271\u0027 times","damage_taken":0,"max_hp_gain":0,"max_hp_loss":0,"event_name":"Dead Adventurer","floor":10,"gold_loss":0},{"cards_removed":["Strike_G"],"damage_healed":0,"gold_gain":0,"player_choice":"Forget","damage_taken":0,"max_hp_gain":0,"max_hp_loss":0,"event_name":"Living Wall","floor":14,"gold_loss":0},{"damage_healed":0,"gold_gain":0,"player_choice":"Ignored","damage_taken":0,"max_hp_gain":0,"max_hp_loss":0,"event_name":"Vampires","floor":21,"gold_loss":0},{"damage_healed":0,"gold_gain":0,"player_choice":"1 cards matched","damage_taken":0,"max_hp_gain":0,"max_hp_loss":0,"event_name":"Match and Keep!","floor":22,"gold_loss":0,"cards_obtained":["Neutralize"]},{"cards_removed":["Neutralize"],"damage_healed":0,"gold_gain":0,"player_choice":"Removed Attack","damage_taken":0,"max_hp_gain":0,"max_hp_loss":0,"event_name":"Falling","floor":39,"gold_loss":0},{"cards_removed":["Poisoned Stab"],"damage_healed":0,"gold_gain":0,"player_choice":"Gave Card","damage_taken":0,"relics_obtained":["WingedGreaves"],"max_hp_gain":0,"max_hp_loss":0,"event_name":"WeMeetAgain","floor":40,"gold_loss":0}],"is_beta":false,"boss_relics":[{"not_picked":["Ectoplasm","Astrolabe"],"picked":"Sozu"},{"not_picked":["Calling Bell","Pandora\u0027s Box"],"picked":"Ring of the Serpent"}],"items_purged_floors":[4,20,27],"is_endless":false,"potions_floor_spawned":[3,12,18,19,25,28,31,35,37],"ascension_level":18}