{"gold_per_floor":[118,132,207,187,207,237,251,267,292,292,292,292,312,70,70,168,168,185,201,101,120,135,135,155,155,179,179,179],"floor_reached":28,"playtime":2514,"items_purged":["Strike_R","Strike_R"],"score":344,"play_id":"78635835-1cb8-4611-946c-8ad12cf2469d","local_time":"20190104174002","is_ascension_mode":true,"campfire_choices":[{"floor":10.0,"key":"REST"},{"data":"True Grit","floor":12.0,"key":"SMITH"},{"data":"Good Instincts","floor":15.0,"key":"SMITH"},{"data":"Shrug It Off","floor":23.0,"key":"SMITH"},{"data":"Shrug It Off","floor":25.0,"key":"SMITH"},{"data":"Rampage","floor":27.0,"key":"SMITH"}],"neow_cost":"NONE","seed_source_timestamp":2087649251552309,"circlet_count":0,"master_deck":["AscendersBane","Strike_R","Strike_R","Strike_R","Defend_R","Defend_R","Defend_R","Defend_R","Bash","Shrug It Off+1","Rampage+1","Pommel Strike","Headbutt","True Grit+1","Evolve","Good Instincts+1","Brutality","Shrug It Off+1"],"special_seed":0,"relics":["Burning Blood","Happy Flower","Strawberry","Philosopher\u0027s Stone","Dream Catcher"],"potions_floor_usage":[28],"damage_taken":[{"damage":6.0,"enemies":"Cultist","floor":1.0,"turns":4.0},{"damage":7.0,"enemies":"Jaw Worm","floor":2.0,"turns":4.0},{"damage":1.0,"enemies":"Small Slimes","floor":5.0,"turns":3.0},{"damage":52.0,"enemies":"Gremlin Nob","floor":6.0,"turns":5.0},{"damage":3.0,"enemies":"Looter","floor":7.0,"turns":2.0},{"damage":10.0,"enemies":"3 Louse","floor":8.0,"turns":4.0},{"damage":1.0,"enemies":"2 Fungi Beasts","floor":13.0,"turns":3.0},{"damage":49.0,"enemies":"Hexaghost","floor":16.0,"turns":12.0},{"damage":14.0,"enemies":"Spheric Guardian","floor":18.0,"turns":5.0},{"damage":4.0,"enemies":"3 Byrds","floor":19.0,"turns":6.0},{"damage":23.0,"enemies":"Shelled Parasite and Fungi","floor":21.0,"turns":6.0},{"damage":23.0,"enemies":"Sentry and Sphere","floor":22.0,"turns":7.0},{"damage":17.0,"enemies":"Centurion and Healer","floor":24.0,"turns":8.0},{"damage":32,"enemies":"Snake Plant","floor":28,"turns":4}],"seed_played":"-2984462937918098277","potions_obtained":[{"floor":4.0,"key":"FairyPotion"},{"floor":6.0,"key":"Energy Potion"},{"floor":7.0,"key":"LiquidBronze"},{"floor":16.0,"key":"SkillPotion"},{"floor":21.0,"key":"SpeedPotion"},{"floor":22.0,"key":"BloodPotion"},{"floor":24.0,"key":"Fire Potion"}],"is_trial":false,"path_per_floor":["M","M","?","?","M","E","M","M","T","R","?","R","M","$","R","B",null,"M","M","$","M","M","R","M","R","T","R","M"],"character_chosen":"IRONCLAD","items_purchased":["Evolve","Good Instincts"],"campfire_rested":1,"item_purchase_floors":[14,14],"current_hp_per_floor":[72,71,60,60,65,19,22,18,25,51,51,51,56,56,56,13,69,61,63,63,46,29,29,26,26,26,26,0],"gold":179,"neow_bonus":"THREE_CARDS","is_prod":false,"is_daily":false,"chose_seed":false,"campfire_upgraded":5,"win_rate":0,"timestamp":1546652402,"path_taken":["M","M","?","?","?","E","M","M","T","R","?","R","M","$","R","BOSS","M","M","$","M","M","R","M","R","T","R","M"],"build_version":"2019-01-03v4","purchased_purges":2,"victory":false,"max_hp_per_floor":[80,80,80,80,80,80,80,80,87,87,87,87,87,87,87,87,87,87,87,87,87,87,87,87,87,87,87,87],"card_choices":[{"not_picked":["Wild Strike","Headbutt"],"picked":"Shrug It Off","floor":0.0},{"not_picked":["Body Slam","Twin Strike"],"picked":"Rampage","floor":1.0},{"not_picked":["Wild Strike","Perfected Strike","Cleave"],"picked":"SKIP","floor":2.0},{"not_picked":["Heavy Blade","Flex","Anger"],"picked":"SKIP","floor":5.0},{"not_picked":["Battle Trance","Pummel"],"picked":"Pommel Strike","floor":6.0},{"not_picked":["Shockwave","Perfected Strike"],"picked":"Headbutt","floor":7.0},{"not_picked":["Feel No Pain","Havoc"],"picked":"True Grit","floor":8.0},{"not_picked":["Shockwave","Perfected Strike","Barricade"],"picked":"SKIP","floor":13.0},{"not_picked":["Dark Embrace","Immolate"],"picked":"Brutality","floor":16.0},{"not_picked":["Shockwave","Iron Wave","Body Slam"],"picked":"SKIP","floor":18.0},{"not_picked":["Wild Strike","Carnage+1"],"picked":"Shrug It Off","floor":19.0},{"not_picked":["Fire Breathing","Armaments","Power Through"],"picked":"SKIP","floor":21.0},{"not_picked":["Wild Strike","Sentinel+1","Clash"],"picked":"SKIP","floor":22.0},{"not_picked":["Clash+1","Burning Pact","Hemokinesis+1"],"picked":"SKIP","floor":24.0}],"player_experience":607763,"relics_obtained":[{"floor":6.0,"key":"Happy Flower"},{"floor":9.0,"key":"Strawberry"},{"floor":26.0,"key":"Dream Catcher"}],"event_choices":[{"damage_healed":0.0,"max_hp_gain":0.0,"max_hp_loss":0.0,"gold_gain":75.0,"event_name":"World of Goop","player_choice":"Gather Gold","floor":3.0,"gold_loss":0.0,"damage_taken":11.0},{"damage_healed":0.0,"max_hp_gain":0.0,"max_hp_loss":0.0,"gold_gain":0.0,"event_name":"The Woman in Blue","player_choice":"Bought 1 Potion","floor":4.0,"gold_loss":0.0,"damage_taken":0.0},{"damage_healed":0.0,"max_hp_gain":0.0,"max_hp_loss":0.0,"gold_gain":0.0,"event_name":"Dead Adventurer","player_choice":"Searched \u00270\u0027 times","floor":11.0,"gold_loss":0.0,"damage_taken":0.0}],"is_beta":false,"boss_relics":[{"not_picked":["Lizard Tail","White Beast Statue"],"picked":"Philosopher\u0027s Stone"}],"items_purged_floors":[14,20],"is_endless":false,"potions_floor_spawned":[6,7,8,16,21,22,24],"killed_by":"Snake Plant","ascension_level":11}