{"gold_per_floor":[362,61,75,90,24,57,57,87,87,162,194,194,194,221,221,298,298,308,17,17,37,48,48,77,77,100,100,127,127,145,195,195,274,274,294,294,312,312,79,141,156,189,189,223,223,236,236,268,268,268,268],"floor_reached":51,"playtime":3137,"items_purged":["Strike_R","Strike_R"],"score":1729,"play_id":"f858ace1-638a-4397-a073-cd7db76e64eb","local_time":"20190520184149","is_ascension_mode":true,"campfire_choices":[{"data":"Whirlwind","floor":7.0,"key":"SMITH"},{"floor":12.0,"key":"REST"},{"data":"Uppercut","floor":15.0,"key":"SMITH"},{"data":"Fiend Fire","floor":23.0,"key":"SMITH"},{"data":"Disarm","floor":25.0,"key":"SMITH"},{"data":"Flex","floor":27.0,"key":"SMITH"},{"floor":29,"key":"REST"},{"data":"Shrug It Off","floor":32,"key":"SMITH"},{"floor":45,"key":"RECALL"},{"data":"Demon Form","floor":47,"key":"SMITH"},{"data":"True Grit","floor":49,"key":"SMITH"}],"neow_cost":"PERCENT_DAMAGE","seed_source_timestamp":0,"circlet_count":0,"master_deck":["AscendersBane","Strike_R","Defend_R","Defend_R","Defend_R","Defend_R","Bash","Sword Boomerang","Thunderclap","Whirlwind+1","Shrug It Off+1","Uppercut+1","Fiend Fire+1","Reckless Charge","Disarm+1","Flex+1","Feed","Havoc+1","Reaper","Disarm+1","Reaper","Corruption","Evolve","Inflame","Demon Form+1","True Grit+1","Sentinel","Impervious"],"special_seed":0,"relics":["Burning Blood","Membership Card","Orichalcum","Mercury Hourglass","Pocketwatch","Ginger","Centennial Puzzle","WingedGreaves","Black Star","Incense Burner","Bag of Preparation","Anchor","Juzu Bracelet","Regal Pillow","Magic Flower","PreservedInsect","Philosopher\u0027s Stone","Frozen Eye","Red Skull","Tiny Chest","Gambling Chip","Happy Flower","Sundial","Singing Bowl","The Courier","Oddly Smooth Stone"],"potions_floor_usage":[33,44],"damage_taken":[{"damage":2.0,"enemies":"2 Louse","floor":1.0,"turns":3.0},{"damage":10.0,"enemies":"Small Slimes","floor":3.0,"turns":4.0},{"damage":0.0,"enemies":"Cultist","floor":4.0,"turns":3.0},{"damage":2.0,"enemies":"Gremlin Nob","floor":6.0,"turns":3.0},{"damage":38.0,"enemies":"Lagavulin","floor":8.0,"turns":6.0},{"damage":2.0,"enemies":"Gremlin Nob","floor":11.0,"turns":3.0},{"damage":8.0,"enemies":"3 Sentries","floor":14.0,"turns":3.0},{"damage":45.0,"enemies":"Hexaghost","floor":16.0,"turns":10.0},{"damage":5.0,"enemies":"Spheric Guardian","floor":18.0,"turns":3.0},{"damage":5.0,"enemies":"2 Thieves","floor":21.0,"turns":2.0},{"damage":18.0,"enemies":"Snake Plant","floor":22.0,"turns":2.0},{"damage":11.0,"enemies":"Book of Stabbing","floor":24.0,"turns":4.0},{"damage":26.0,"enemies":"Slavers","floor":28.0,"turns":3.0},{"damage":0,"enemies":"Snecko","floor":30,"turns":2},{"damage":18,"enemies":"Champ","floor":33,"turns":9},{"damage":1,"enemies":"3 Darklings","floor":35,"turns":2},{"damage":8,"enemies":"Orb Walker","floor":37,"turns":4},{"damage":0,"enemies":"Nemesis","floor":40,"turns":3},{"damage":19,"enemies":"Maw","floor":41,"turns":7},{"damage":0,"enemies":"Reptomancer","floor":42,"turns":2},{"damage":47,"enemies":"Giant Head","floor":44,"turns":6},{"damage":15,"enemies":"Spire Growth","floor":46,"turns":4},{"damage":10,"enemies":"Reptomancer","floor":48,"turns":2},{"damage":35,"enemies":"Time Eater","floor":50,"turns":8},{"damage":90,"enemies":"Donu and Deca","floor":51,"turns":5}],"seed_played":"2953809796798806607","potions_obtained":[{"floor":3.0,"key":"Fruit Juice"},{"floor":4.0,"key":"Swift Potion"},{"floor":8.0,"key":"AttackPotion"},{"floor":16.0,"key":"Explosive Potion"},{"floor":21.0,"key":"Ancient Potion"},{"floor":22.0,"key":"Regen Potion"},{"floor":35,"key":"BloodPotion"},{"floor":42,"key":"SteroidPotion"},{"floor":46,"key":"Explosive Potion"},{"floor":48,"key":"EntropicBrew"}],"is_trial":false,"path_per_floor":["M","$","M","M","$","E","R","E","T","?","E","R","?","E","R","B",null,"M","$","?","M","M","R","E","R","T","R","E","R","M","?","R","B",null,"M","?","M","?","$","E","M","E","T","E","R","M","R","E","R","B","B"],"character_chosen":"IRONCLAD","items_purchased":["Membership Card","Orichalcum","SteroidPotion","Whirlwind","Incense Burner","Bag of Preparation","Inflame","Strength Potion","Frozen Eye"],"campfire_rested":2,"item_purchase_floors":[2,2,5,5,19,19,39,39,39],"current_hp_per_floor":[54,54,50,56,61,65,65,33,33,22,26,50,50,48,48,9,62,63,63,63,64,52,52,59,59,59,59,39,78,80,72,72,63,76,80,80,80,80,80,80,83,83,83,85,85,87,87,86,86,90,0],"gold":268,"neow_bonus":"TWO_FIFTY_GOLD","is_prod":false,"is_daily":false,"chose_seed":false,"campfire_upgraded":8,"win_rate":0,"timestamp":1558402909,"path_taken":["M","$","M","M","$","E","R","E","T","?","E","R","?","E","R","BOSS","M","$","?","?","?","R","E","R","T","R","E","R","M","?","R","BOSS","M","?","M","?","$","E","M","E","T","E","R","M","R","E","R","BOSS","BOSS"],"build_version":"2019-05-07","purchased_purges":2,"victory":false,"max_hp_per_floor":[75,75,75,75,80,80,80,80,80,80,80,80,80,80,80,80,80,80,80,80,80,80,80,80,80,80,80,80,80,80,80,80,80,80,80,80,80,80,80,80,83,83,83,85,85,87,87,87,87,90,90],"card_choices":[{"not_picked":["Headbutt","Iron Wave"],"picked":"Sword Boomerang","floor":1.0},{"not_picked":["Clash","Headbutt"],"picked":"Thunderclap","floor":3.0},{"not_picked":["Power Through","True Grit","Perfected Strike"],"picked":"SKIP","floor":4.0},{"not_picked":["Flex","Heavy Blade","Fire Breathing"],"picked":"SKIP","floor":6.0},{"not_picked":["Corruption","Havoc"],"picked":"Shrug It Off","floor":8.0},{"not_picked":["Wild Strike","Pummel","Exhume"],"picked":"SKIP","floor":11.0},{"not_picked":["Pommel Strike","Anger"],"picked":"Uppercut","floor":14.0},{"not_picked":["Limit Break","Double Tap"],"picked":"Fiend Fire","floor":16.0},{"not_picked":["Hemokinesis+1","Headbutt+1","Clothesline"],"picked":"SKIP","floor":18.0},{"not_picked":["Shrug It Off","Second Wind"],"picked":"Disarm","floor":21.0},{"not_picked":["Clash+1","Fire Breathing"],"picked":"Flex","floor":22.0},{"not_picked":["Clothesline","Rampage","Reckless Charge"],"picked":"SKIP","floor":24.0},{"not_picked":["Barricade","Cleave"],"picked":"Feed","floor":28.0},{"not_picked":["Cleave","Twin Strike+1"],"picked":"Havoc+1","floor":30},{"not_picked":["Juggernaut","Bludgeon"],"picked":"Reaper","floor":33},{"not_picked":["Feel No Pain+1","Cleave+1"],"picked":"Disarm+1","floor":35},{"not_picked":["Corruption","Sword Boomerang","Perfected Strike"],"picked":"SKIP","floor":37},{"not_picked":["Sword Boomerang","Perfected Strike"],"picked":"Corruption","floor":37},{"not_picked":["Whirlwind","Rupture"],"picked":"Demon Form","floor":40},{"not_picked":["Spot Weakness","Body Slam+1"],"picked":"True Grit","floor":41},{"not_picked":["Whirlwind","Body Slam"],"picked":"Sentinel","floor":42},{"not_picked":["Flex","Double Tap","Rampage"],"picked":"Singing Bowl","floor":44},{"not_picked":["Dropkick","Evolve","Infernal Blade+1"],"picked":"Singing Bowl","floor":46},{"not_picked":["Hemokinesis","Sword Boomerang"],"picked":"Impervious","floor":48}],"player_experience":1557139,"relics_obtained":[{"floor":6.0,"key":"Mercury Hourglass"},{"floor":8.0,"key":"Pocketwatch"},{"floor":9.0,"key":"Ginger"},{"floor":11.0,"key":"Centennial Puzzle"},{"floor":14.0,"key":"WingedGreaves"},{"floor":24.0,"key":"Anchor"},{"floor":24.0,"key":"Juzu Bracelet"},{"floor":26.0,"key":"Regal Pillow"},{"floor":28.0,"key":"Magic Flower"},{"floor":28.0,"key":"PreservedInsect"},{"floor":40,"key":"Red Skull"},{"floor":40,"key":"Tiny Chest"},{"floor":42,"key":"Gambling Chip"},{"floor":42,"key":"Happy Flower"},{"floor":44,"key":"Sundial"},{"floor":44,"key":"Singing Bowl"},{"floor":48,"key":"The Courier"},{"floor":48,"key":"Oddly Smooth Stone"}],"event_choices":[{"damage_healed":0.0,"max_hp_gain":0.0,"max_hp_loss":0.0,"gold_gain":75.0,"event_name":"World of Goop","player_choice":"Gather Gold","floor":10.0,"gold_loss":0.0,"damage_taken":11.0},{"damage_healed":0.0,"max_hp_gain":0.0,"max_hp_loss":0.0,"gold_gain":0.0,"event_name":"Liars Game","player_choice":"Ignored","floor":13.0,"gold_loss":0.0,"damage_taken":0.0},{"damage_healed":0.0,"max_hp_gain":0.0,"max_hp_loss":0.0,"gold_gain":0.0,"cards_transformed":["Strike_R"],"event_name":"Transmorgrifier","player_choice":"Transformed","floor":20.0,"gold_loss":0.0,"damage_taken":0.0,"cards_obtained":["Reckless Charge"]},{"damage_healed":0,"gold_gain":50,"player_choice":"Touch","damage_taken":8,"max_hp_gain":0,"max_hp_loss":0,"event_name":"FaceTrader","floor":31,"gold_loss":0},{"damage_healed":0,"gold_gain":0,"player_choice":"Copied","damage_taken":0,"max_hp_gain":0,"max_hp_loss":0,"event_name":"Duplicator","floor":36,"gold_loss":0,"cards_obtained":["Reaper"]},{"damage_healed":0,"gold_gain":0,"cards_transformed":["Strike_R"],"player_choice":"Transformed","damage_taken":0,"max_hp_gain":0,"max_hp_loss":0,"event_name":"Transmorgrifier","floor":38,"gold_loss":0,"cards_obtained":["Evolve"]}],"is_beta":true,"boss_relics":[{"not_picked":["Black Blood","Calling Bell"],"picked":"Black Star"},{"not_picked":["Orrery","White Beast Statue"],"picked":"Philosopher\u0027s Stone"}],"items_purged_floors":[19,39],"is_endless":false,"potions_floor_spawned":[3,4,8,16,21,22,35,42,46,48],"killed_by":"Donu and Deca","ascension_level":20}