{"gold_per_floor":[115,129,109,120,45,45,63,63,63,74,74,74,84,94,94,196,196,207,207],"floor_reached":19,"playtime":1432,"items_purged":["Strike_R"],"score":217,"play_id":"fdb7cc1b-ebea-47d1-a000-423253dcd3f0","local_time":"20181014180515","is_ascension_mode":true,"campfire_choices":[{"data":"Corruption","floor":6,"key":"SMITH"},{"floor":12,"key":"REST"},{"floor":15,"key":"REST"}],"neow_cost":"NONE","seed_source_timestamp":301549039329592,"circlet_count":0,"master_deck":["Strike_R","Strike_R","Strike_R","Strike_R+1","Defend_R","Defend_R","Defend_R","Defend_R+1","Bash+1","Sword Boomerang","Dropkick","Corruption+1","Fire Breathing","Ghostly Armor","Evolve","Fiend Fire","Heavy Blade+1"],"relics":["Burning Blood","Potion Belt","Eternal Feather"],"potions_floor_usage":[16,16,16,16],"damage_taken":[{"damage":6,"enemies":"Cultist","floor":1,"turns":4},{"damage":9,"enemies":"2 Louse","floor":2,"turns":3},{"damage":0,"enemies":"Small Slimes","floor":4,"turns":3},{"damage":37,"enemies":"Exordium Thugs","floor":7,"turns":7},{"damage":19,"enemies":"3 Louse","floor":10,"turns":4},{"damage":1,"enemies":"2 Fungi Beasts","floor":13,"turns":4},{"damage":29,"enemies":"Lots of Slimes","floor":14,"turns":6},{"damage":75,"enemies":"The Guardian","floor":16,"turns":15},{"damage":34,"enemies":"3 Byrds","floor":18,"turns":6},{"damage":42,"enemies":"Colosseum Slavers","floor":19,"turns":3}],"seed_played":"-5027484876893840756","potions_obtained":[{"floor":2,"key":"Regen Potion"},{"floor":3,"key":"SneckoOil"},{"floor":10,"key":"SkillPotion"},{"floor":13,"key":"BloodPotion"},{"floor":14,"key":"Fire Potion"},{"floor":18,"key":"Strength Potion"}],"is_trial":false,"path_per_floor":["M","M","?","M","$","R","M","?","T","M","?","R","M","M","R","B",null,"M"],"character_chosen":"IRONCLAD","items_purchased":[],"campfire_rested":2,"item_purchase_floors":[],"current_hp_per_floor":[72,69,69,75,75,75,44,70,70,57,41,65,70,47,71,24,66,38,0],"gold":207,"neow_bonus":"UPGRADE_CARD","is_prod":false,"is_daily":false,"chose_seed":false,"campfire_upgraded":1,"win_rate":0,"timestamp":1539554715,"path_taken":["M","?","?","?","$","R","M","?","T","M","?","R","M","M","R","BOSS","M","?"],"build_version":"2018-10-11","purchased_purges":1,"victory":false,"max_hp_per_floor":[80,80,80,80,80,80,80,80,80,80,80,80,80,80,80,80,80,80,80],"card_choices":[{"not_picked":["Havoc","Blood for Blood"],"picked":"Sword Boomerang","floor":1},{"not_picked":["Pummel","Clothesline"],"picked":"Dropkick","floor":2},{"not_picked":["Havoc","Wild Strike"],"picked":"Corruption","floor":4},{"not_picked":["Body Slam","Anger"],"picked":"Fire Breathing","floor":7},{"not_picked":["Clothesline","Thunderclap"],"picked":"Ghostly Armor","floor":10},{"not_picked":["Blood for Blood","Power Through","Thunderclap"],"picked":"SKIP","floor":13},{"not_picked":["Flex","Wild Strike"],"picked":"Evolve","floor":14},{"not_picked":["Double Tap","Exhume"],"picked":"Fiend Fire","floor":16},{"not_picked":["Searing Blow+1","Ghostly Armor"],"picked":"Heavy Blade+1","floor":18}],"player_experience":1285244,"relics_obtained":[{"floor":9,"key":"Potion Belt"}],"event_choices":[{"event_name":"The Woman in Blue","player_choice":"Bought 1 Potion","floor":3,"damage_taken":0},{"event_name":"Big Fish","player_choice":"Banana","floor":8,"damage_taken":0},{"event_name":"Shining Light","player_choice":"Entered Light","floor":11,"damage_taken":0},{"event_name":"Colosseum","player_choice":"Fight","floor":19,"damage_taken":0}],"is_beta":false,"boss_relics":[{"not_picked":["Astrolabe","White Beast Statue"],"picked":"Eternal Feather"}],"items_purged_floors":[5],"is_endless":false,"potions_floor_spawned":[2,10,13,14,18],"killed_by":"Colosseum Slavers","ascension_level":7}