{"gold_per_floor":[115,131,131,0,20,20,49,49,49,49,79,89,100,100,100,220,220,233,158,176,194,119,135,135],"floor_reached":24,"playtime":1372,"items_purged":["Defend_R"],"score":333,"play_id":"64f416c7-a80b-4727-bcd8-cdefb4ddf5c3","local_time":"20190513013448","is_ascension_mode":true,"campfire_choices":[{"data":"Rage","floor":6,"key":"SMITH"},{"data":"Iron Wave","floor":8,"key":"SMITH"},{"data":"Iron Wave","floor":10,"key":"SMITH"},{"data":"Clash","floor":15,"key":"SMITH"}],"neow_cost":"NONE","seed_source_timestamp":3757885377488097,"circlet_count":0,"master_deck":["AscendersBane","Strike_R","Strike_R","Strike_R","Strike_R","Defend_R","Defend_R","Bash","Clash","Metallicize","Limit Break","Rage+1","Iron Wave+1","Iron Wave+1","Clash+1","Sever Soul","Sever Soul","Offering"],"relics":["Burning Blood","NeowsBlessing","Frozen Egg 2","Mummified Hand","Happy Flower","Golden Idol","Sozu"],"potions_floor_usage":[16],"damage_taken":[{"damage":0,"enemies":"Small Slimes","floor":1,"turns":1},{"damage":0,"enemies":"Cultist","floor":2,"turns":1},{"damage":0,"enemies":"2 Louse","floor":5,"turns":2},{"damage":19,"enemies":"3 Sentries","floor":7,"turns":13},{"damage":15,"enemies":"Lagavulin","floor":11,"turns":6},{"damage":0,"enemies":"2 Fungi Beasts","floor":12,"turns":3},{"damage":11,"enemies":"Large Slime","floor":13,"turns":3},{"damage":20,"enemies":"Slime Boss","floor":16,"turns":10},{"damage":14,"enemies":"2 Thieves","floor":18,"turns":4},{"damage":6,"enemies":"Spheric Guardian","floor":20,"turns":3},{"damage":6,"enemies":"Chosen and Byrds","floor":21,"turns":4},{"damage":32,"enemies":"Snake Plant","floor":23,"turns":4},{"damage":33,"enemies":"Centurion and Healer","floor":24,"turns":4}],"seed_played":"8301391540556975506","potions_obtained":[{"floor":1,"key":"Poison Potion"},{"floor":2,"key":"Dexterity Potion"}],"is_trial":false,"path_per_floor":["M","M","?","$","M","R","E","R","T","R","E","M","M","?","R","B",null,"M","?","M","M","$","M","M"],"character_chosen":"IRONCLAD","items_purchased":["Rage","Iron Wave"],"campfire_rested":0,"item_purchase_floors":[4,4],"current_hp_per_floor":[78,80,80,80,80,80,67,67,67,67,58,64,59,59,59,45,67,59,59,59,59,59,33,0],"gold":135,"neow_bonus":"THREE_ENEMY_KILL","is_prod":false,"is_daily":false,"chose_seed":false,"campfire_upgraded":4,"win_rate":0,"timestamp":1557704088,"path_taken":["M","M","?","$","?","R","E","R","T","R","E","M","M","?","R","BOSS","M","?","M","M","$","M","M"],"build_version":"2019-01-23","purchased_purges":1,"victory":false,"max_hp_per_floor":[80,80,80,80,80,80,80,80,80,80,80,80,80,74,74,74,74,74,74,74,74,74,74,74],"card_choices":[{"not_picked":["Hemokinesis","Blood for Blood"],"picked":"Clash","floor":1},{"not_picked":["Perfected Strike","Armaments"],"picked":"Metallicize","floor":2},{"not_picked":["Thunderclap","Heavy Blade"],"picked":"Iron Wave","floor":5},{"not_picked":["Uppercut","Armaments"],"picked":"Clash","floor":7},{"not_picked":["Blood for Blood","Pommel Strike"],"picked":"Sever Soul","floor":11},{"not_picked":["True Grit","Headbutt"],"picked":"Sever Soul","floor":12},{"not_picked":["Heavy Blade","Perfected Strike","Rampage"],"picked":"SKIP","floor":13},{"not_picked":["Bludgeon","Berserk+1"],"picked":"Offering","floor":16},{"not_picked":["Wild Strike+1","Flame Barrier","Thunderclap"],"picked":"SKIP","floor":18},{"not_picked":["Cleave","Heavy Blade","Searing Blow"],"picked":"SKIP","floor":20},{"not_picked":["Cleave+1","Clash","Immolate"],"picked":"SKIP","floor":21},{"not_picked":["Hemokinesis+1","Headbutt","Anger"],"picked":"SKIP","floor":23}],"player_experience":533982,"relics_obtained":[{"floor":7,"key":"Frozen Egg 2"},{"floor":9,"key":"Mummified Hand"},{"floor":11,"key":"Happy Flower"}],"event_choices":[{"damage_healed":0,"gold_gain":0,"cards_transformed":["Defend_R"],"player_choice":"Transformed","damage_taken":0,"max_hp_gain":0,"max_hp_loss":0,"event_name":"Transmorgrifier","floor":3,"gold_loss":0,"cards_obtained":["Limit Break"]},{"damage_healed":0,"gold_gain":0,"player_choice":"Lose Max HP","damage_taken":0,"relics_obtained":["Golden Idol"],"max_hp_gain":0,"max_hp_loss":6,"event_name":"Golden Idol","floor":14,"gold_loss":0},{"cards_removed":["Strike_R"],"damage_healed":0,"gold_gain":0,"player_choice":"Gave Gold","damage_taken":0,"max_hp_gain":0,"max_hp_loss":0,"event_name":"Beggar","floor":19,"gold_loss":75}],"is_beta":false,"boss_relics":[{"not_picked":["Runic Cube","Orrery"],"picked":"Sozu"}],"items_purged_floors":[22],"is_endless":false,"potions_floor_spawned":[1,2,7,13,18],"killed_by":"Centurion and Healer","ascension_level":12}