{"gold_per_floor":[17,17,33,50,66,66,66,66,66,3,20,70,70,70,70,70],"floor_reached":16,"playtime":623,"items_purged":["Strike_G"],"score":158,"play_id":"3e5c2dbd-ace4-4de3-ad41-4e91e30d5a24","local_time":"20190510111506","is_ascension_mode":true,"campfire_choices":[{"data":"Neutralize","floor":6,"key":"SMITH"},{"data":"Caltrops","floor":8,"key":"SMITH"},{"data":"Backflip","floor":15,"key":"SMITH"}],"neow_cost":"NO_GOLD","seed_source_timestamp":3534257612182260,"circlet_count":0,"master_deck":["AscendersBane","Defend_G","Defend_G","Defend_G","Defend_G","Strike_G","Strike_G","Survivor","Neutralize+1","Caltrops+1","Backflip+1"],"relics":["Ring of the Snake","MawBank","Ninja Scroll"],"potions_floor_usage":[5,5],"damage_taken":[{"damage":5,"enemies":"Jaw Worm","floor":1,"turns":7},{"damage":0,"enemies":"Cultist","floor":3,"turns":4},{"damage":1,"enemies":"Small Slimes","floor":4,"turns":5},{"damage":13,"enemies":"Exordium Thugs","floor":5,"turns":7},{"damage":6,"enemies":"Large Slime","floor":11,"turns":9},{"damage":58,"enemies":"Slime Boss","floor":16,"turns":6}],"seed_played":"6603474870408859266","potions_obtained":[{"floor":1,"key":"SkillPotion"},{"floor":4,"key":"PowerPotion"}],"is_trial":false,"path_per_floor":["M","?","M","M","M","R","$","R","T","$","M","?","$","T","R","B"],"character_chosen":"THE_SILENT","items_purchased":[],"campfire_rested":0,"item_purchase_floors":[],"current_hp_per_floor":[54,54,54,53,40,40,40,40,40,40,34,34,34,34,34,0],"gold":70,"neow_bonus":"REMOVE_TWO","is_prod":false,"is_daily":false,"chose_seed":false,"campfire_upgraded":3,"win_rate":0,"timestamp":1557479706,"path_taken":["M","?","M","M","?","R","$","R","T","$","M","?","?","?","R","BOSS"],"build_version":"2019-01-23","purchased_purges":1,"victory":false,"max_hp_per_floor":[66,66,66,66,66,66,66,66,66,66,66,66,66,66,66,66],"card_choices":[{"not_picked":["Deflect","Infinite Blades"],"picked":"Caltrops","floor":1},{"not_picked":["Setup","Poisoned Stab","Slice"],"picked":"SKIP","floor":3},{"not_picked":["Eviscerate","Poisoned Stab"],"picked":"Backflip","floor":4},{"not_picked":["Quick Slash","Poisoned Stab","Dodge and Roll"],"picked":"SKIP","floor":5},{"not_picked":["Outmaneuver","Finisher","Dagger Throw"],"picked":"SKIP","floor":11}],"player_experience":509743,"relics_obtained":[{"floor":9,"key":"MawBank"},{"floor":14,"key":"Ninja Scroll"}],"event_choices":[{"cards_removed":["Strike_G"],"damage_healed":0,"gold_gain":0,"player_choice":"Offered Basic","damage_taken":0,"max_hp_gain":0,"max_hp_loss":0,"event_name":"Bonfire Elementals","floor":2,"gold_loss":0},{"damage_healed":0,"gold_gain":50,"player_choice":"Pray","damage_taken":0,"max_hp_gain":0,"max_hp_loss":0,"event_name":"Golden Shrine","floor":12,"gold_loss":0}],"is_beta":false,"boss_relics":[],"items_purged_floors":[10],"is_endless":false,"potions_floor_spawned":[1,4],"killed_by":"Slime Boss","ascension_level":15}