{"gold_per_floor":[110,110,128,57,7,7,36,36,36,36,61,81,81,101,101,200,200,218,37,49,49,49,49,49,76,76,107,107,130,130,146,146,146],"floor_reached":33,"playtime":3107,"items_purged":[],"score":502,"play_id":"8d559328-50b2-4736-942c-cfe69167e04b","local_time":"20190518153738","is_ascension_mode":true,"campfire_choices":[{"data":"Neutralize","floor":6.0,"key":"SMITH"},{"floor":13.0,"key":"REST"},{"data":"Deflect","floor":15.0,"key":"SMITH"},{"data":"Well Laid Plans","floor":23,"key":"SMITH"},{"floor":32,"key":"REST"}],"neow_cost":"NONE","seed_source_timestamp":2224245369096946,"circlet_count":0,"master_deck":["AscendersBane","Defend_G+1","Defend_G+1","Defend_G+1","Defend_G+1","Defend_G+1","Strike_G+1","Strike_G+1","Strike_G+1","Strike_G+1","Survivor+1","Neutralize+1","Infinite Blades","Well Laid Plans+1","Infinite Blades","Skewer+1","Corpse Explosion","Deflect+1","Tools of the Trade+1","Backflip","Accuracy+1","Die Die Die","Underhanded Strike+1","RitualDagger","Blade Dance+1","Dagger Throw"],"special_seed":0,"relics":["Ring of the Snake","Juzu Bracelet","Sundial","Frozen Egg 2","Sozu","Dream Catcher","Happy Flower","Centennial Puzzle"],"potions_floor_usage":[],"damage_taken":[{"damage":6.0,"enemies":"Jaw Worm","floor":1.0,"turns":7.0},{"damage":2.0,"enemies":"Small Slimes","floor":3.0,"turns":5.0},{"damage":18.0,"enemies":"Lagavulin","floor":7.0,"turns":8.0},{"damage":10.0,"enemies":"Gremlin Nob","floor":11.0,"turns":5.0},{"damage":0.0,"enemies":"2 Louse","floor":12.0,"turns":3.0},{"damage":0.0,"enemies":"Exordium Wildlife","floor":14.0,"turns":3.0},{"damage":11.0,"enemies":"Hexaghost","floor":16.0,"turns":12.0},{"damage":12.0,"enemies":"Shell Parasite","floor":18.0,"turns":5.0},{"damage":23.0,"enemies":"3 Byrds","floor":20.0,"turns":4.0},{"damage":9,"enemies":"Gremlin Leader","floor":25,"turns":6},{"damage":34,"enemies":"Slavers","floor":27,"turns":4},{"damage":0,"enemies":"Sentry and Sphere","floor":31,"turns":4},{"damage":55,"enemies":"Collector","floor":33,"turns":7}],"seed_played":"-2879161168843083500","potions_obtained":[{"floor":1.0,"key":"Weak Potion"},{"floor":7.0,"key":"AttackPotion"},{"floor":12.0,"key":"FearPotion"}],"is_trial":false,"path_per_floor":["M","?","M","$","?","R","E","?","T","?","E","M","R","M","R","B",null,"M","$","M","?","?","R","?","E","T","E","?","T","?","M","R","B"],"character_chosen":"THE_SILENT","items_purchased":["Infinite Blades","Accuracy+1","Die Die Die"],"campfire_rested":2,"item_purchase_floors":[4,19,19],"current_hp_per_floor":[64,49,47,47,47,47,29,29,29,29,19,19,42,42,42,31,66,54,54,31,56,56,56,50,41,41,7,7,7,7,7,30,0],"gold":146,"neow_bonus":"TEN_PERCENT_HP_BONUS","is_prod":false,"is_daily":false,"chose_seed":false,"campfire_upgraded":3,"win_rate":0,"timestamp":1558219058,"path_taken":["M","?","M","$","?","R","E","?","T","?","E","M","R","M","R","BOSS","M","$","M","?","?","R","?","E","T","E","?","?","?","M","R","BOSS"],"build_version":"2019-01-23","purchased_purges":0,"victory":false,"max_hp_per_floor":[77,77,77,77,77,77,77,77,77,77,77,77,77,77,77,77,77,77,77,77,77,77,77,77,77,77,77,77,77,77,77,77,77],"card_choices":[{"not_picked":["Outmaneuver","Cloak And Dagger"],"picked":"Infinite Blades","floor":1.0},{"not_picked":["Acrobatics","Catalyst"],"picked":"Well Laid Plans","floor":3.0},{"not_picked":["All Out Attack","Backflip"],"picked":"Skewer","floor":7.0},{"not_picked":["Slice","Quick Slash"],"picked":"Corpse Explosion","floor":11.0},{"not_picked":["Outmaneuver","Bouncing Flask","Dodge and Roll"],"picked":"SKIP","floor":12.0},{"not_picked":["Underhanded Strike","Outmaneuver"],"picked":"Deflect","floor":14.0},{"not_picked":["Corpse Explosion","Malaise"],"picked":"Tools of the Trade+1","floor":16.0},{"not_picked":["Dagger Spray","Sucker Punch"],"picked":"Backflip","floor":18.0},{"not_picked":["Acrobatics","Masterful Stab"],"picked":"Underhanded Strike+1","floor":20.0},{"not_picked":["Deflect","Unload","Bouncing Flask"],"picked":"SKIP","floor":25},{"not_picked":["Underhanded Strike","Well Laid Plans+1","Sucker Punch"],"picked":"SKIP","floor":27},{"not_picked":["Terror","Deadly Poison"],"picked":"Blade Dance+1","floor":31},{"not_picked":["Well Laid Plans+1","Deflect"],"picked":"Dagger Throw","floor":32}],"player_experience":667554,"relics_obtained":[{"floor":7.0,"key":"Juzu Bracelet"},{"floor":9.0,"key":"Sundial"},{"floor":11.0,"key":"Frozen Egg 2"},{"floor":25,"key":"Dream Catcher"},{"floor":27,"key":"Happy Flower"},{"floor":29,"key":"Centennial Puzzle"}],"event_choices":[{"damage_healed":0.0,"max_hp_gain":0.0,"max_hp_loss":0.0,"gold_gain":0.0,"event_name":"Shining Light","player_choice":"Entered Light","floor":2.0,"gold_loss":0.0,"damage_taken":15.0,"cards_upgraded":["Defend_G","Survivor"]},{"cards_removed":["Strike_G"],"damage_healed":0.0,"max_hp_gain":0.0,"max_hp_loss":0.0,"gold_gain":0.0,"event_name":"The Cleric","player_choice":"Card Removal","floor":5.0,"gold_loss":50.0,"damage_taken":0.0},{"damage_healed":0.0,"max_hp_gain":0.0,"max_hp_loss":0.0,"gold_gain":0.0,"event_name":"Liars Game","player_choice":"Ignored","floor":8.0,"gold_loss":0.0,"damage_taken":0.0},{"damage_healed":0.0,"max_hp_gain":0.0,"max_hp_loss":0.0,"gold_gain":0.0,"event_name":"Living Wall","player_choice":"Grow","floor":10.0,"gold_loss":0.0,"damage_taken":0.0,"cards_upgraded":["Skewer"]},{"damage_healed":25,"gold_gain":0,"player_choice":"Heal","damage_taken":0,"max_hp_gain":0,"max_hp_loss":0,"event_name":"The Library","floor":21,"gold_loss":0},{"damage_healed":0,"gold_gain":0,"player_choice":"Simplicity","damage_taken":0,"max_hp_gain":0,"max_hp_loss":0,"event_name":"Back to Basics","floor":22,"gold_loss":0,"cards_upgraded":["Defend_G","Defend_G","Defend_G","Defend_G","Strike_G","Strike_G","Strike_G","Strike_G"]},{"damage_healed":0,"gold_gain":0,"player_choice":"Joined the Cult","damage_taken":6,"max_hp_gain":0,"max_hp_loss":0,"event_name":"Nest","floor":24,"gold_loss":0,"cards_obtained":["RitualDagger"]},{"damage_healed":0,"gold_gain":0,"player_choice":"Ignored","damage_taken":0,"max_hp_gain":0,"max_hp_loss":0,"event_name":"Vampires","floor":28,"gold_loss":0},{"damage_healed":0,"gold_gain":0,"player_choice":"Ignored","damage_taken":0,"max_hp_gain":0,"max_hp_loss":0,"event_name":"Cursed Tome","floor":30,"gold_loss":0}],"is_beta":false,"boss_relics":[{"not_picked":["Eternal Feather","Busted Crown"],"picked":"Sozu"}],"items_purged_floors":[],"is_endless":false,"potions_floor_spawned":[1,7,12,25,31],"killed_by":"Collector","ascension_level":12}