{"gold_per_floor":[112,187,187,7,24,24,37,37,37,2,20,20,20,38,38,136,136,147,165,165,185,199,199,233,246,272,272],"floor_reached":27,"playtime":1044,"items_purged":[],"score":300,"play_id":"4dee20f5-aa5d-4a75-90b0-c853b48a0da6","local_time":"20190202061156","is_ascension_mode":true,"campfire_choices":[{"data":"Apotheosis","floor":6,"key":"SMITH"},{"data":"Adrenaline","floor":12,"key":"SMITH"},{"data":"Tactician","floor":15,"key":"SMITH"},{"floor":23,"key":"REST"}],"neow_cost":"NONE","seed_source_timestamp":7429895962400,"circlet_count":0,"master_deck":["Defend_G","Defend_G","Defend_G","Defend_G","Defend_G","Strike_G","Strike_G","Strike_G","Strike_G","Survivor","Neutralize+1","Poisoned Stab","Apotheosis+1","Noxious Fumes","Adrenaline+1","Bouncing Flask","Tactician+1","Corpse Explosion","PiercingWail+1","Poisoned Stab","Adrenaline","Expertise","Calculated Gamble","Tactician"],"relics":["Ring of the Snake","Bag of Marbles","Letter Opener","Mummified Hand","Black Star","Tough Bandages","Gremlin Horn","Happy Flower"],"potions_floor_usage":[16,22,24,25],"damage_taken":[{"damage":0,"enemies":"Cultist","floor":1,"turns":4},{"damage":7,"enemies":"Small Slimes","floor":5,"turns":4},{"damage":0,"enemies":"2 Louse","floor":7,"turns":2},{"damage":3,"enemies":"Exordium Wildlife","floor":11,"turns":4},{"damage":6,"enemies":"Exordium Thugs","floor":14,"turns":3},{"damage":13,"enemies":"Hexaghost","floor":16,"turns":6},{"damage":4,"enemies":"Chosen","floor":18,"turns":4},{"damage":14,"enemies":"Shell Parasite","floor":19,"turns":5},{"damage":13,"enemies":"Centurion and Healer","floor":21,"turns":4},{"damage":2,"enemies":"Snecko","floor":22,"turns":4},{"damage":51,"enemies":"Gremlin Leader","floor":24,"turns":6},{"damage":4,"enemies":"Chosen and Byrds","floor":25,"turns":5},{"damage":12,"enemies":"Shelled Parasite and Fungi","floor":27,"turns":2}],"seed_played":"8694157483389000525","potions_obtained":[{"floor":5,"key":"PowerPotion"},{"floor":7,"key":"Poison Potion"},{"floor":16,"key":"SkillPotion"},{"floor":18,"key":"Block Potion"}],"is_trial":false,"path_per_floor":["M","?","?","$","M","R","M","?","T","?","M","R","$","M","R","B",null,"M","M","?","M","M","R","E","M","T","M"],"character_chosen":"THE_SILENT","items_purchased":["Apotheosis"],"campfire_rested":1,"item_purchase_floors":[4],"current_hp_per_floor":[70,59,56,56,49,49,49,49,49,66,63,63,63,57,57,44,70,66,52,52,39,37,58,7,3,3,0],"gold":272,"neow_bonus":"UPGRADE_CARD","is_prod":false,"is_daily":false,"chose_seed":false,"campfire_upgraded":3,"win_rate":0,"timestamp":1549105916,"path_taken":["M","?","?","$","M","R","M","?","T","?","?","R","?","M","R","BOSS","M","M","?","M","M","R","E","M","T","?"],"build_version":"2019-01-23","purchased_purges":0,"victory":false,"max_hp_per_floor":[70,70,70,70,70,70,70,70,70,70,70,70,70,70,70,70,70,70,70,70,70,70,70,70,70,70,70],"card_choices":[{"not_picked":["Sucker Punch","Setup"],"picked":"Poisoned Stab","floor":1},{"not_picked":["Skewer","Slice"],"picked":"Noxious Fumes","floor":5},{"not_picked":["Dagger Spray","Bane"],"picked":"Adrenaline","floor":7},{"not_picked":["Outmaneuver","Dagger Spray"],"picked":"Bouncing Flask","floor":11},{"not_picked":["Accuracy","Flechettes"],"picked":"Tactician","floor":14},{"not_picked":["Storm of Steel","Night Terror"],"picked":"Corpse Explosion","floor":16},{"not_picked":["Dagger Throw+1","Backflip+1"],"picked":"PiercingWail+1","floor":18},{"not_picked":["Infinite Blades","Sucker Punch"],"picked":"Poisoned Stab","floor":19},{"not_picked":["Quick Slash","Calculated Gamble"],"picked":"Adrenaline","floor":21},{"not_picked":["Tactician","Cloak And Dagger"],"picked":"Expertise","floor":22},{"not_picked":["Quick Slash","PiercingWail"],"picked":"Calculated Gamble","floor":24},{"not_picked":["Sucker Punch","Skewer"],"picked":"Tactician","floor":25}],"player_experience":2075804,"relics_obtained":[{"floor":9,"key":"Mummified Hand"},{"floor":24,"key":"Tough Bandages"},{"floor":24,"key":"Gremlin Horn"},{"floor":26,"key":"Happy Flower"}],"event_choices":[{"damage_healed":0,"gold_gain":75,"player_choice":"Gather Gold","damage_taken":11,"max_hp_gain":0,"max_hp_loss":0,"event_name":"World of Goop","floor":2,"gold_loss":0},{"damage_healed":0,"gold_gain":0,"player_choice":"Success","damage_taken":3,"relics_obtained":["Bag of Marbles"],"max_hp_gain":0,"max_hp_loss":0,"event_name":"Scrap Ooze","floor":3,"gold_loss":0},{"damage_healed":0,"gold_gain":0,"player_choice":"Searched \u00271\u0027 times","damage_taken":0,"relics_obtained":["Letter Opener"],"max_hp_gain":0,"max_hp_loss":0,"event_name":"Dead Adventurer","floor":8,"gold_loss":0},{"damage_healed":17,"gold_gain":0,"player_choice":"Healed","damage_taken":0,"max_hp_gain":0,"max_hp_loss":0,"event_name":"The Cleric","floor":10,"gold_loss":35},{"cards_removed":["Strike_G"],"damage_healed":0,"gold_gain":0,"player_choice":"Purged","damage_taken":0,"max_hp_gain":0,"max_hp_loss":0,"event_name":"Purifier","floor":20,"gold_loss":0}],"is_beta":false,"boss_relics":[{"not_picked":["Runic Pyramid","Fusion Hammer"],"picked":"Black Star"}],"items_purged_floors":[],"is_endless":false,"potions_floor_spawned":[5,7,16,18,19,21],"killed_by":"Shelled Parasite and Fungi","ascension_level":4}