{"gold_per_floor":[114,128,128,147,159,159,169,186,211,211,226,226,226,237,237,340,340,352,72,72,82,14,14,44,56,56,102,102,112,211,231,231,332,332,342,342,355,355,287,287,300,300,377,389,389,399,399,409,409,409],"floor_reached":50,"playtime":3168,"items_purged":["Regret"],"score":580,"play_id":"642fd2c5-a3ef-4023-b5b8-5f1f22611919","local_time":"20190204134620","is_ascension_mode":true,"campfire_choices":[{"data":"Catalyst","floor":6,"key":"SMITH"},{"data":"Neutralize","floor":10,"key":"SMITH"},{"data":"Dagger Spray","floor":12,"key":"SMITH"},{"data":"Dodge and Roll","floor":15,"key":"SMITH"},{"floor":23,"key":"REST"},{"floor":28,"key":"REST"},{"floor":32,"key":"REST"},{"data":"Catalyst","floor":40,"key":"SMITH"},{"data":"Footwork","floor":42,"key":"SMITH"},{"floor":49,"key":"REST"}],"neow_cost":"NONE","seed_source_timestamp":32247470951167,"circlet_count":0,"master_deck":["Defend_G+1","Defend_G+1","Defend_G+1","Defend_G+1","Defend_G+1","Strike_G+1","Strike_G+1","Strike_G+1","Survivor+1","Neutralize+1","Noxious Fumes+1","Catalyst+1","Dagger Spray+1","Backflip+1","Acrobatics+1","Prepared+1","Backflip+1","Dodge and Roll+1","Tools of the Trade+1","Footwork+1","Flechettes+1","Deflect+1","Catalyst+1","Backstab+1","Poisoned Stab+1","Blur+1","Venomology+1","Dagger Spray+1","Backflip+1","Dark Shackles+1","Panache+1","Footwork+1","PiercingWail+1"],"relics":["Ring of the Snake","Orichalcum","Bronze Scales","Mercury Hourglass","WristBlade","Strange Spoon","War Paint","Sundial","Centennial Puzzle","Eternal Feather","Pantograph","Mark of the Bloom"],"potions_floor_usage":[16,29,33,48,50,50,50,50,50],"damage_taken":[{"damage":0,"enemies":"2 Louse","floor":1,"turns":2},{"damage":2,"enemies":"Jaw Worm","floor":2,"turns":4},{"damage":1,"enemies":"Small Slimes","floor":4,"turns":4},{"damage":4,"enemies":"Exordium Thugs","floor":5,"turns":6},{"damage":1,"enemies":"Looter","floor":7,"turns":4},{"damage":6,"enemies":"Blue Slaver","floor":8,"turns":5},{"damage":0,"enemies":"Lots of Slimes","floor":11,"turns":2},{"damage":4,"enemies":"Looter","floor":14,"turns":4},{"damage":45,"enemies":"Slime Boss","floor":16,"turns":10},{"damage":16,"enemies":"Shell Parasite","floor":18,"turns":7},{"damage":10,"enemies":"Chosen","floor":21,"turns":5},{"damage":20,"enemies":"Book of Stabbing","floor":24,"turns":6},{"damage":18,"enemies":"Shelled Parasite and Fungi","floor":25,"turns":5},{"damage":3,"enemies":"Snake Plant","floor":29,"turns":3},{"damage":26,"enemies":"Cultist and Chosen","floor":31,"turns":7},{"damage":10,"enemies":"Champ","floor":33,"turns":8},{"damage":6,"enemies":"3 Shapes","floor":35,"turns":4},{"damage":7,"enemies":"Orb Walker","floor":37,"turns":4},{"damage":17,"enemies":"Spire Growth","floor":41,"turns":6},{"damage":5,"enemies":"Writhing Mass","floor":44,"turns":6},{"damage":1,"enemies":"Jaw Worm Horde","floor":46,"turns":4},{"damage":0,"enemies":"4 Shapes","floor":48,"turns":5},{"damage":70,"enemies":"Time Eater","floor":50,"turns":11}],"seed_played":"5838468099998941500","potions_obtained":[{"floor":7,"key":"FearPotion"},{"floor":8,"key":"SkillPotion"},{"floor":11,"key":"SmokeBomb"},{"floor":24,"key":"Strength Potion"},{"floor":25,"key":"EssenceOfSteel"},{"floor":31,"key":"SteroidPotion"},{"floor":35,"key":"Block Potion"},{"floor":36,"key":"Fire Potion"}],"is_trial":false,"path_per_floor":["M","M","?","M","M","R","M","M","T","R","M","R","?","M","R","B",null,"M","$","?","M","$","R","E","M","T","T","R","M","?","M","R","B",null,"M","?","M","?","$","R","M","R","T","M","?","M","?","M","R","B"],"character_chosen":"THE_SILENT","items_purchased":["Strange Spoon","Catalyst","Footwork"],"campfire_rested":4,"item_purchase_floors":[19,22,39],"current_hp_per_floor":[70,68,68,67,63,63,62,56,56,56,56,56,56,52,52,7,70,54,54,54,44,44,65,45,27,27,27,48,45,45,19,40,30,70,64,64,57,52,52,70,53,70,70,65,65,64,64,64,64,0],"gold":409,"neow_bonus":"RANDOM_COMMON_RELIC","is_prod":false,"is_daily":false,"chose_seed":false,"campfire_upgraded":6,"win_rate":0,"timestamp":1549305980,"path_taken":["M","M","?","M","M","R","M","M","T","R","M","R","?","M","R","BOSS","M","$","?","M","$","R","E","?","T","?","R","M","?","M","R","BOSS","M","?","?","?","$","R","M","R","T","M","?","M","?","M","R","BOSS"],"build_version":"2019-01-23","purchased_purges":1,"victory":false,"max_hp_per_floor":[70,70,70,70,70,70,70,70,70,70,70,70,70,70,70,70,70,70,70,70,70,70,70,70,70,70,70,70,70,70,70,70,70,70,70,70,70,70,70,70,70,70,70,70,70,70,70,70,70,70],"card_choices":[{"not_picked":["Bane","Slice"],"picked":"Noxious Fumes","floor":1},{"not_picked":["Calculated Gamble","Prepared"],"picked":"Catalyst","floor":2},{"not_picked":["Leg Sweep","Prepared"],"picked":"Dagger Spray","floor":4},{"not_picked":["Skewer","Blade Dance"],"picked":"Backflip","floor":5},{"not_picked":["Outmaneuver","Accuracy"],"picked":"Acrobatics","floor":7},{"not_picked":["Acrobatics","Masterful Stab"],"picked":"Prepared","floor":8},{"not_picked":["Choke","Concentrate"],"picked":"Backflip","floor":11},{"not_picked":["Calculated Gamble","Accuracy"],"picked":"Dodge and Roll","floor":14},{"not_picked":["Malaise","Doppelganger"],"picked":"Tools of the Trade","floor":16},{"not_picked":["Noxious Fumes","Quick Slash"],"picked":"Footwork+1","floor":18},{"not_picked":["Flying Knee","Acrobatics"],"picked":"Deflect+1","floor":21},{"not_picked":["Outmaneuver","Grand Finale","Sucker Punch"],"picked":"SKIP","floor":24},{"not_picked":["Dash","Finisher+1"],"picked":"Backstab","floor":25},{"not_picked":["Dagger Throw","Endless Agony"],"picked":"Poisoned Stab+1","floor":29},{"not_picked":["Dagger Throw","Escape Plan"],"picked":"Blur+1","floor":31},{"not_picked":["Doppelganger","Tools of the Trade"],"picked":"Venomology","floor":33},{"not_picked":["Dagger Throw+1","Slice+1"],"picked":"Dagger Spray+1","floor":35},{"not_picked":["Predator","All Out Attack+1"],"picked":"Backflip+1","floor":37},{"not_picked":["Violence","Madness"],"picked":"Dark Shackles","floor":38},{"not_picked":["Enlightenment","Madness"],"picked":"Panache","floor":38},{"not_picked":["Quick Slash","Blade Dance"],"picked":"PiercingWail+1","floor":41},{"not_picked":["Blade Dance","Slice+1","Quick Slash+1"],"picked":"SKIP","floor":44},{"not_picked":["Riddle With Holes","Flying Knee","Flechettes"],"picked":"SKIP","floor":46},{"not_picked":["Predator+1","Outmaneuver+1","Leg Sweep+1"],"picked":"SKIP","floor":48}],"player_experience":2092907,"relics_obtained":[{"floor":9,"key":"Bronze Scales"},{"floor":24,"key":"War Paint"},{"floor":26,"key":"Sundial"},{"floor":27,"key":"Centennial Puzzle"},{"floor":43,"key":"Pantograph"}],"event_choices":[{"damage_healed":0,"gold_gain":0,"player_choice":"Grow","damage_taken":0,"max_hp_gain":0,"max_hp_loss":0,"event_name":"Living Wall","floor":3,"gold_loss":0,"cards_upgraded":["Noxious Fumes"]},{"damage_healed":0,"gold_gain":0,"player_choice":"Box","damage_taken":0,"relics_obtained":["Mercury Hourglass"],"max_hp_gain":0,"max_hp_loss":0,"event_name":"Big Fish","floor":13,"gold_loss":0,"cards_obtained":["Regret"]},{"damage_healed":0,"gold_gain":0,"cards_transformed":["Strike_G"],"player_choice":"Transformed","damage_taken":0,"max_hp_gain":0,"max_hp_loss":0,"event_name":"Transmorgrifier","floor":20,"gold_loss":0,"cards_obtained":["Flechettes"]},{"damage_healed":0,"gold_gain":99,"player_choice":"Stole From Cult","damage_taken":0,"max_hp_gain":0,"max_hp_loss":0,"event_name":"Nest","floor":30,"gold_loss":0},{"damage_healed":0,"gold_gain":0,"player_choice":"Got Potions","damage_taken":0,"max_hp_gain":0,"max_hp_loss":0,"event_name":"Lab","floor":36,"gold_loss":0},{"damage_healed":0,"gold_gain":0,"player_choice":"Memory 2","damage_taken":5,"max_hp_gain":0,"max_hp_loss":0,"event_name":"SensoryStone","floor":38,"gold_loss":0},{"damage_healed":0,"gold_gain":0,"player_choice":"Upgrade","damage_taken":0,"relics_obtained":["Mark of the Bloom"],"max_hp_gain":0,"max_hp_loss":0,"event_name":"MindBloom","floor":45,"gold_loss":0,"cards_upgraded":["Defend_G","Defend_G","Defend_G","Defend_G","Strike_G","Strike_G","Strike_G","Strike_G","Survivor","Acrobatics","Prepared","Backflip","Tools of the Trade","Flechettes","Backstab","Venomology","Dark Shackles","Panache"]},{"cards_removed":["Strike_G"],"damage_healed":0,"gold_gain":0,"player_choice":"Removed Attack","damage_taken":0,"max_hp_gain":0,"max_hp_loss":0,"event_name":"Falling","floor":47,"gold_loss":0}],"is_beta":false,"boss_relics":[{"not_picked":["Orrery","Fusion Hammer"],"picked":"WristBlade"},{"not_picked":["Velvet Choker","Black Star"],"picked":"Eternal Feather"}],"items_purged_floors":[19],"is_endless":false,"potions_floor_spawned":[7,8,11,24,25,31,35,41],"killed_by":"Time Eater","ascension_level":4}