{"gold_per_floor":[115,134,134,134,149,149,74,100,151,151,181,181],"floor_reached":12,"playtime":321,"items_purged":["Strike_R"],"score":133,"play_id":"d517216d-3d8c-4cc9-ba18-94ae72713418","local_time":"20190520120358","is_ascension_mode":true,"campfire_choices":[{"data":"Thunderclap","floor":6,"key":"SMITH"},{"data":"Defend_R","floor":10,"key":"SMITH"}],"neow_cost":"NONE","seed_source_timestamp":4401506239863296,"circlet_count":0,"master_deck":["AscendersBane","Strike_R","Strike_R","Strike_R","Strike_R","Defend_R+1","Defend_R","Defend_R","Defend_R","Bash","Shockwave","Thunderclap+1"],"relics":["Burning Blood","PreservedInsect","Odd Mushroom","Omamori","Pen Nib"],"potions_floor_usage":[],"damage_taken":[{"damage":2,"enemies":"2 Louse","floor":1,"turns":3},{"damage":5,"enemies":"Small Slimes","floor":2,"turns":4},{"damage":7,"enemies":"Cultist","floor":5,"turns":5},{"damage":53,"enemies":"The Mushroom Lair","floor":8,"turns":4},{"damage":16,"enemies":"Gremlin Nob","floor":11,"turns":3}],"seed_played":"-4397271919637435333","potions_obtained":[{"floor":1,"key":"Weak Potion"},{"floor":5,"key":"Swift Potion"},{"floor":8,"key":"Dexterity Potion"}],"is_trial":false,"path_per_floor":["M","M","?","?","M","R","$","?","T","R","E","?"],"character_chosen":"IRONCLAD","items_purchased":[],"campfire_rested":0,"item_purchase_floors":[],"current_hp_per_floor":[72,73,73,75,74,74,74,27,27,27,17,0],"gold":181,"neow_bonus":"RANDOM_COMMON_RELIC","is_prod":false,"is_daily":false,"chose_seed":false,"campfire_upgraded":2,"win_rate":0,"timestamp":1558346638,"path_taken":["M","M","?","?","?","R","$","?","T","R","E","?"],"build_version":"2019-01-23","purchased_purges":1,"victory":false,"max_hp_per_floor":[75,75,75,75,75,75,75,75,75,75,75,75],"card_choices":[{"not_picked":["Heavy Blade","Disarm"],"picked":"Shockwave","floor":1},{"not_picked":["Twin Strike","Heavy Blade"],"picked":"Thunderclap","floor":2},{"not_picked":["Headbutt","Anger","Feel No Pain"],"picked":"SKIP","floor":5},{"not_picked":["Flex","Shockwave","True Grit"],"picked":"SKIP","floor":11}],"player_experience":568565,"relics_obtained":[{"floor":8,"key":"Odd Mushroom"},{"floor":9,"key":"Omamori"},{"floor":11,"key":"Pen Nib"}],"event_choices":[{"damage_healed":0,"gold_gain":0,"player_choice":"Ignored","damage_taken":0,"max_hp_gain":0,"max_hp_loss":0,"event_name":"Liars Game","floor":3,"gold_loss":0},{"damage_healed":2,"gold_gain":0,"player_choice":"Full Heal","damage_taken":0,"max_hp_gain":0,"max_hp_loss":0,"event_name":"Wheel of Change","floor":4,"gold_loss":0},{"damage_healed":0,"gold_gain":0,"player_choice":"Fought Mushrooms","damage_taken":0,"max_hp_gain":0,"max_hp_loss":0,"event_name":"Mushrooms","floor":8,"gold_loss":0}],"is_beta":false,"boss_relics":[],"items_purged_floors":[7],"is_endless":false,"potions_floor_spawned":[1,5,8,11],"ascension_level":15}