{"path_per_floor":["M","?","M","?","$","R","$","R","T","R","M","R","E","?","R","B",null,"M","$","?","M","M","R"],"character_chosen":"THE_SILENT","items_purchased":["Backflip","Oddly Smooth Stone"],"gold_per_floor":[113,113,138,138,18,18,18,18,44,44,58,58,96,96,96,215,215,231,76,76,94,108,108,108],"floor_reached":24,"campfire_rested":0,"playtime":1936,"item_purchase_floors":[5,19],"current_hp_per_floor":[63,58,58,58,58,58,58,58,65,65,65,65,52,45,45,40,59,43,43,43,43,29,29,0],"items_purged":["Defend_G"],"gold":108,"score":240,"play_id":"5ecc5cc0-91d7-4801-b652-6c1995fabbca","local_time":"20180609010046","is_prod":false,"is_daily":false,"chose_seed":false,"is_ascension_mode":true,"campfire_upgraded":2,"win_rate":0,"timestamp":1528498846,"campfire_choices":[{"data":"Strike_G","floor":6,"key":"PURGE"},{"data":"Defend_G","floor":8,"key":"PURGE"},{"data":"Strike_G","floor":10,"key":"PURGE"},{"data":"Defend_G","floor":12,"key":"PURGE"},{"data":"Backflip","floor":15,"key":"SMITH"},{"data":"Survivor","floor":23,"key":"SMITH"}],"path_taken":["M","?","?","?","$","R","?","R","T","R","M","R","E","?","R","BOSS","M","$","?","M","M","R","E"],"build_version":"2018-06-07v3","seed_source_timestamp":1997214163774381,"purchased_purges":1,"victory":false,"master_deck":["Defend_G","Strike_G","Strike_G","Survivor+1","Neutralize","Bouncing Flask","Prepared","Backflip+1","Leg Sweep","A Thousand Cuts","Deadly Poison+1","Backflip"],"max_hp_per_floor":[63,58,58,58,58,58,58,58,65,65,65,65,65,65,65,65,65,65,65,65,65,65,65,65],"relics":["Ring of the Snake","Peace Pipe","Golden Idol","Strawberry","Vajra","Lizard Tail","Oddly Smooth Stone"],"card_choices":[{"not_picked":["Eviscerate","Calculated Gamble","Poisoned Stab"],"picked":"SKIP","floor":1},{"not_picked":["Flying Knee","PiercingWail"],"picked":"Bouncing Flask","floor":3},{"not_picked":["Flying Knee","Underhanded Strike"],"picked":"Leg Sweep","floor":11},{"not_picked":["Choke","Setup","Storm of Steel"],"picked":"SKIP","floor":13},{"not_picked":["Wraith Form v2","Glass Knife"],"picked":"A Thousand Cuts","floor":16},{"not_picked":["Poisoned Stab+1","Heel Hook"],"picked":"Deadly Poison+1","floor":18},{"not_picked":["Malaise","Heel Hook"],"picked":"Backflip","floor":21},{"not_picked":["Grand Finale","Sucker Punch","Dodge and Roll"],"picked":"SKIP","floor":22}],"player_experience":264566,"potions_floor_usage":[13,13,22,24],"damage_taken":[{"damage":0,"enemies":"Small Slimes","floor":1,"turns":4},{"damage":0,"enemies":"Cultist","floor":3,"turns":3},{"damage":0,"enemies":"2 Louse","floor":11,"turns":3},{"damage":13,"enemies":"3 Sentries","floor":13,"turns":10},{"damage":5,"enemies":"The Guardian","floor":16,"turns":8},{"damage":16,"enemies":"Chosen","floor":18,"turns":6},{"damage":0,"enemies":"Shell Parasite","floor":21,"turns":5},{"damage":29,"enemies":"3 Cultists","floor":22,"turns":8},{"damage":61,"enemies":"Slavers","floor":24,"turns":7}],"relics_obtained":[{"floor":9,"key":"Strawberry"},{"floor":13,"key":"Vajra"}],"event_choices":[{"event_name":"Golden Idol","player_choice":"Lose Max HP","floor":2,"damage_taken":0},{"event_name":"Match and Keep!","player_choice":"1 cards matched","floor":4,"damage_taken":0},{"event_name":"Golden Wing","player_choice":"Card Removal","floor":14,"damage_taken":0},{"event_name":"Purifier","player_choice":"One Purge","floor":20,"damage_taken":0}],"boss_relics":[{"not_picked":["Astrolabe","White Beast Statue"],"picked":"Lizard Tail"}],"items_purged_floors":[5],"potions_floor_spawned":[1,3,18,22],"seed_played":"-7153800402221150168","killed_by":"Slavers","ascension_level":5,"potions_obtained":[{"floor":1,"key":"Poison Potion"},{"floor":3,"key":"Swift Potion"},{"floor":18,"key":"Regen Potion"},{"floor":22,"key":"Poison Potion"}],"is_trial":false}