{"gold_per_floor":[111,111,111,32,48,48,67,92,92,92,56,36,49,114,114,213,213,225,324,324,324,340,340,340,340,394,414,414,414,414],"floor_reached":30,"playtime":1187,"items_purged":[],"score":256,"play_id":"1e8e0a65-8ec2-4200-aac9-e96544877873","local_time":"20181130223608","is_ascension_mode":true,"campfire_choices":[{"floor":6,"key":"RECALL"},{"data":"Zap","floor":10,"key":"SMITH"},{"floor":15,"key":"REST"},{"floor":23,"key":"REST"},{"data":"Chaos","floor":25,"key":"SMITH"},{"floor":29,"key":"REST"}],"neow_cost":"NONE","seed_source_timestamp":111655081534057,"circlet_count":0,"master_deck":["Strike_B+1","Strike_B+1","Strike_B","Defend_B","Defend_B","Defend_B","Defend_B","Zap+1","Dualcast","Chaos+1","Defragment","Conserve Battery","Conserve Battery","Multi-Cast","Capacitor","Seek","FTL","Echo Form","Loop"],"relics":["Cracked Core","Bag of Marbles","StoneCalendar","Whetstone","Gambling Chip","Busted Crown","Nilry\u0027s Codex","Happy Flower"],"potions_floor_usage":[14,14,16,24],"damage_taken":[{"damage":8,"enemies":"Jaw Worm","floor":1,"turns":3},{"damage":7,"enemies":"2 Louse","floor":5,"turns":3},{"damage":2,"enemies":"Cultist","floor":7,"turns":4},{"damage":12,"enemies":"Lagavulin","floor":8,"turns":6},{"damage":0,"enemies":"3 Louse","floor":13,"turns":3},{"damage":18,"enemies":"Lagavulin Event","floor":14,"turns":6},{"damage":18,"enemies":"Slime Boss","floor":16,"turns":7},{"damage":26,"enemies":"2 Thieves","floor":18,"turns":4},{"damage":6,"enemies":"3 Byrds","floor":22,"turns":4},{"damage":0,"enemies":"Gremlin Leader","floor":24,"turns":1},{"damage":1,"enemies":"Cultist and Chosen","floor":27,"turns":6},{"damage":60,"enemies":"Slavers","floor":30,"turns":3}],"seed_played":"448959143462888978","potions_obtained":[{"floor":1,"key":"PowerPotion"},{"floor":7,"key":"PowerPotion"},{"floor":12,"key":"Block Potion"},{"floor":16,"key":"SmokeBomb"},{"floor":27,"key":"FearPotion"}],"is_trial":false,"path_per_floor":["M","?","?","$","M","R","M","E","T","R","$","?","M","?","R","B",null,"M","?","?","?","M","R","E","R","T","M","?","R","E"],"character_chosen":"DEFECT","items_purchased":["Defragment","Capacitor"],"campfire_rested":3,"item_purchase_floors":[4,11],"current_hp_per_floor":[67,42,42,42,35,35,33,21,21,21,21,21,21,3,25,7,75,49,49,33,33,27,49,49,49,49,48,34,58,0],"gold":414,"neow_bonus":"RANDOM_COMMON_RELIC","is_prod":false,"is_daily":false,"chose_seed":false,"campfire_upgraded":2,"win_rate":0,"timestamp":1543635368,"path_taken":["M","?","?","?","?","R","M","E","T","R","$","?","?","?","R","BOSS","M","?","?","?","M","R","E","R","T","?","?","R","E"],"build_version":"2018-11-15","purchased_purges":0,"victory":false,"max_hp_per_floor":[75,75,75,75,75,75,75,75,75,75,75,75,75,75,75,75,75,75,75,75,75,75,75,75,75,75,75,80,80,80],"card_choices":[{"not_picked":["Turbo","Scrape"],"picked":"Chaos","floor":1},{"not_picked":["Force Field","Sunder"],"picked":"Conserve Battery","floor":5},{"not_picked":["Consume","Leap"],"picked":"Conserve Battery","floor":7},{"not_picked":["Beam Cell","Sweeping Beam"],"picked":"Multi-Cast","floor":8},{"not_picked":["Sweeping Beam","Undo"],"picked":"Seek","floor":13},{"not_picked":["Rebound","Ball Lightning"],"picked":"FTL","floor":14},{"not_picked":["Amplify","Multi-Cast"],"picked":"Echo Form","floor":16},{"not_picked":["Leap"],"picked":"SKIP","floor":18},{"not_picked":["Steam"],"picked":"SKIP","floor":22},{"not_picked":[],"picked":"Loop","floor":27}],"player_experience":69038,"relics_obtained":[{"floor":8,"key":"Whetstone"},{"floor":14,"key":"Gambling Chip"},{"floor":20,"key":"Nilry\u0027s Codex"},{"floor":26,"key":"Happy Flower"}],"event_choices":[{"damage_healed":0,"gold_gain":0,"player_choice":"Success","damage_taken":25,"relics_obtained":["StoneCalendar"],"max_hp_gain":0,"max_hp_loss":0,"event_name":"Scrap Ooze","floor":2,"gold_loss":0},{"cards_removed":["Strike_B"],"damage_healed":0,"gold_gain":0,"player_choice":"Forget","damage_taken":0,"max_hp_gain":0,"max_hp_loss":0,"event_name":"Living Wall","floor":3,"gold_loss":0},{"damage_healed":0,"gold_gain":0,"player_choice":"Bought 1 Potion","damage_taken":0,"max_hp_gain":0,"max_hp_loss":0,"event_name":"The Woman in Blue","floor":12,"gold_loss":0},{"damage_healed":0,"gold_gain":0,"player_choice":"Searched \u00271\u0027 times","damage_taken":0,"max_hp_gain":0,"max_hp_loss":0,"event_name":"Dead Adventurer","floor":14,"gold_loss":0},{"damage_healed":0,"gold_gain":99,"player_choice":"Stole From Cult","damage_taken":0,"max_hp_gain":0,"max_hp_loss":0,"event_name":"Nest","floor":19,"gold_loss":0},{"damage_healed":0,"gold_gain":0,"player_choice":"Obtained Book","damage_taken":16,"max_hp_gain":0,"max_hp_loss":0,"event_name":"Cursed Tome","floor":20,"gold_loss":0},{"damage_healed":0,"gold_gain":0,"player_choice":"Ignored","damage_taken":0,"max_hp_gain":0,"max_hp_loss":0,"event_name":"Vampires","floor":21,"gold_loss":0},{"damage_healed":0,"gold_gain":0,"player_choice":"Shed Blood","damage_taken":19,"max_hp_gain":5,"max_hp_loss":0,"event_name":"Forgotten Altar","floor":28,"gold_loss":0}],"is_beta":false,"boss_relics":[{"not_picked":["Cursed Key","Philosopher\u0027s Stone"],"picked":"Busted Crown"}],"items_purged_floors":[],"is_endless":false,"potions_floor_spawned":[1,7,13,16,27],"killed_by":"Slavers","ascension_level":1}