{"gold_per_floor":[209,209,224,98,117,117,143,318,318,318,318,334,334,234,234,334,334,346,359,234,247,247,247],"floor_reached":23,"playtime":2313,"items_purged":["Strike_R","Strike_R","Strike_R"],"score":189,"play_id":"6630148e-0e24-438b-bfc1-59202a85a023","local_time":"20180706203318","is_ascension_mode":false,"campfire_choices":[{"data":"Armaments","floor":6,"key":"SMITH"},{"data":"Infernal Blade","floor":10,"key":"SMITH"},{"floor":15,"key":"REST"}],"neow_cost":"NONE","seed_source_timestamp":54562039805603,"circlet_count":0,"master_deck":["Strike_R","Strike_R","Defend_R","Defend_R","Defend_R","Defend_R","Bash","Iron Wave","Flex","Armaments+1","Infernal Blade+1","Dropkick","Fire Breathing","Double Tap","Thunderclap","Warcry+1","Clothesline","Bash"],"relics":["Burning Blood","Red Skull","Matryoshka","Blue Candle","Eternal Feather"],"potions_floor_usage":[16,16,16,16,18,23,23,23],"damage_taken":[{"damage":5,"enemies":"2 Louse","floor":1,"turns":2},{"damage":1,"enemies":"Cultist","floor":3,"turns":4},{"damage":0,"enemies":"Small Slimes","floor":5,"turns":5},{"damage":31,"enemies":"Gremlin Nob","floor":7,"turns":4},{"damage":9,"enemies":"Blue Slaver","floor":12,"turns":4},{"damage":46,"enemies":"Slime Boss","floor":16,"turns":9},{"damage":11,"enemies":"Spheric Guardian","floor":18,"turns":4},{"damage":32,"enemies":"Chosen","floor":19,"turns":8},{"damage":18,"enemies":"Snecko","floor":21,"turns":8},{"damage":40,"enemies":"Slavers","floor":23,"turns":3}],"seed_played":"-3672673200474379324","potions_obtained":[{"floor":2,"key":"Energy Potion"},{"floor":2,"key":"FearPotion"},{"floor":2,"key":"EntropicBrew"},{"floor":3,"key":"Regen Potion"},{"floor":16,"key":"LiquidBronze"},{"floor":19,"key":"Poison Potion"}],"is_trial":false,"path_per_floor":["M","?","M","$","M","R","E","?","T","R","?","M","?","$","R","B",null,"M","M","$","M","?"],"character_chosen":"IRONCLAD","items_purchased":["Armaments"],"campfire_rested":1,"item_purchase_floors":[4],"current_hp_per_floor":[80,80,80,80,80,80,55,55,55,55,55,52,45,45,69,44,80,75,49,49,37,37,0],"gold":247,"neow_bonus":"HUNDRED_GOLD","is_prod":false,"is_daily":false,"chose_seed":false,"campfire_upgraded":2,"win_rate":0,"timestamp":1530923598,"path_taken":["M","?","M","$","M","R","E","?","T","R","?","M","?","$","R","BOSS","M","M","$","M","?","E"],"build_version":"2018-07-05","purchased_purges":3,"victory":false,"max_hp_per_floor":[80,80,80,80,80,80,80,80,80,80,80,80,80,80,80,80,80,80,80,80,80,80,80],"card_choices":[{"not_picked":["Thunderclap","Flame Barrier"],"picked":"Iron Wave","floor":1},{"not_picked":["Heavy Blade","Sentinel"],"picked":"Flex","floor":3},{"not_picked":["Shrug It Off","Pummel"],"picked":"Infernal Blade","floor":5},{"not_picked":["Fiend Fire","Anger"],"picked":"Dropkick","floor":7},{"not_picked":["Dual Wield","Body Slam"],"picked":"Fire Breathing","floor":12},{"not_picked":["Dark Embrace","Feed"],"picked":"Double Tap","floor":16},{"not_picked":["Second Wind+1","Body Slam"],"picked":"Thunderclap","floor":18},{"not_picked":["Clash","Reckless Charge"],"picked":"Warcry+1","floor":19},{"not_picked":["Intimidate","Perfected Strike+1","Sentinel"],"picked":"SKIP","floor":21}],"player_experience":189004,"relics_obtained":[{"floor":7,"key":"Red Skull"},{"floor":9,"key":"Matryoshka"}],"event_choices":[{"event_name":"The Lab","player_choice":"Got Potions","floor":2,"damage_taken":0},{"event_name":"Liars Game","player_choice":"agreed","floor":8,"damage_taken":0},{"event_name":"Living Wall","player_choice":"Forget","floor":11,"damage_taken":0},{"event_name":"Scrap Ooze","player_choice":"success","floor":13,"damage_taken":7},{"event_name":"Match and Keep!","player_choice":"2 cards matched","floor":22,"damage_taken":0}],"boss_relics":[{"not_picked":["Calling Bell","Snecko Eye"],"picked":"Eternal Feather"}],"items_purged_floors":[4,14,20],"is_endless":false,"potions_floor_spawned":[3,5,16,19,21],"killed_by":"Slavers","ascension_level":0}