{"gold_per_floor":[115,0,0,0,0,0,26,43,90,90,105,105,119,151,151,247,247,257,257,257,356,375,375,375],"floor_reached":24,"playtime":1742,"items_purged":[],"score":293,"play_id":"ccc376b8-f120-48c4-99fa-8b70aa270f37","local_time":"20190217193908","is_ascension_mode":true,"campfire_choices":[{"data":"Zap","floor":6,"key":"SMITH"},{"floor":12,"key":"RECALL"},{"data":"Enlightenment","floor":15,"key":"SMITH"},{"data":"Loop","floor":23,"key":"SMITH"}],"neow_cost":"NONE","seed_source_timestamp":107746700090448,"circlet_count":0,"master_deck":["Strike_B","Strike_B","Strike_B+1","Defend_B","Defend_B","Defend_B","Defend_B","Zap+1","Dualcast+1","Self Repair","Doom and Gloom","Self Repair","Auto Shields","Lockon","Enlightenment+1","Cold Snap","Loop+1","Melter","Echo Form","Self Repair+1","Force Field","Glacier+1"],"relics":["Cracked Core","Orichalcum","Art of War","Omamori","Sozu","Centennial Puzzle"],"potions_floor_usage":[7,14,16,16],"damage_taken":[{"damage":1,"enemies":"Small Slimes","floor":1,"turns":3},{"damage":14,"enemies":"Gremlin Nob","floor":7,"turns":4},{"damage":1,"enemies":"Jaw Worm","floor":8,"turns":2},{"damage":0,"enemies":"Cultist","floor":11,"turns":3},{"damage":3,"enemies":"3 Louse","floor":13,"turns":2},{"damage":19,"enemies":"3 Sentries","floor":14,"turns":5},{"damage":7,"enemies":"Slime Boss","floor":16,"turns":10},{"damage":16,"enemies":"Shell Parasite","floor":18,"turns":5},{"damage":0,"enemies":"Spheric Guardian","floor":22,"turns":1},{"damage":78,"enemies":"Gremlin Leader","floor":24,"turns":7}],"seed_played":"-2093649751084956133","potions_obtained":[{"floor":1,"key":"Poison Potion"},{"floor":8,"key":"SteroidPotion"},{"floor":11,"key":"Explosive Potion"},{"floor":14,"key":"Poison Potion"}],"is_trial":false,"path_per_floor":["M","$","?","?","$","R","E","M","T","?","M","R","M","E","R","B",null,"M","?","?","?","M","R","E"],"character_chosen":"DEFECT","items_purchased":["Doom and Gloom","Self Repair"],"campfire_rested":0,"item_purchase_floors":[2,2],"current_hp_per_floor":[67,67,60,45,45,45,45,58,58,58,72,72,75,70,70,75,75,73,73,73,73,75,75,0],"gold":375,"neow_bonus":"RANDOM_COMMON_RELIC","is_prod":false,"is_daily":false,"chose_seed":false,"campfire_upgraded":3,"win_rate":0,"timestamp":1550450348,"path_taken":["M","$","?","?","?","R","E","?","T","?","?","R","M","E","R","BOSS","M","?","?","?","M","R","E"],"build_version":"2019-01-23","purchased_purges":0,"victory":false,"max_hp_per_floor":[75,75,75,75,75,75,75,75,75,75,75,75,75,75,75,75,75,75,75,75,75,75,75,75],"card_choices":[{"not_picked":["Scrape","Redo"],"picked":"Self Repair","floor":1},{"not_picked":["Stack","Blizzard"],"picked":"Auto Shields","floor":7},{"not_picked":["Compile Driver","Reinforced Body"],"picked":"Lockon","floor":8},{"not_picked":["Go for the Eyes","Barrage"],"picked":"Cold Snap","floor":11},{"not_picked":["Self Repair","Go for the Eyes"],"picked":"Loop","floor":13},{"not_picked":["Turbo","Sweeping Beam"],"picked":"Melter","floor":14},{"not_picked":["Seek","Electrodynamics"],"picked":"Echo Form","floor":16},{"not_picked":["Sweeping Beam","Steam"],"picked":"Self Repair+1","floor":18},{"not_picked":["Steam","Rebound"],"picked":"Glacier+1","floor":22}],"player_experience":654010,"relics_obtained":[{"floor":7,"key":"Art of War"},{"floor":14,"key":"Omamori"}],"event_choices":[{"cards_removed":["Strike_B"],"damage_healed":0,"gold_gain":0,"player_choice":"Card Removal","damage_taken":7,"max_hp_gain":0,"max_hp_loss":0,"event_name":"Golden Wing","floor":3,"gold_loss":0},{"damage_healed":0,"gold_gain":0,"player_choice":"Entered Light","damage_taken":15,"max_hp_gain":0,"max_hp_loss":0,"event_name":"Shining Light","floor":4,"gold_loss":0,"cards_upgraded":["Dualcast","Strike_B"]},{"damage_healed":0,"gold_gain":0,"player_choice":"1 cards matched","damage_taken":0,"max_hp_gain":0,"max_hp_loss":0,"event_name":"Match and Keep!","floor":10,"gold_loss":0,"cards_obtained":["Enlightenment"]},{"damage_healed":0,"gold_gain":0,"player_choice":"Read","damage_taken":0,"max_hp_gain":0,"max_hp_loss":0,"event_name":"The Library","floor":19,"gold_loss":0,"cards_obtained":["Force Field"]},{"damage_healed":0,"gold_gain":0,"player_choice":"Opened","damage_taken":0,"relics_obtained":["Centennial Puzzle"],"max_hp_gain":0,"max_hp_loss":0,"event_name":"The Mausoleum","floor":20,"gold_loss":0},{"damage_healed":0,"gold_gain":99,"player_choice":"Stole From Cult","damage_taken":0,"max_hp_gain":0,"max_hp_loss":0,"event_name":"Nest","floor":21,"gold_loss":0}],"is_beta":false,"boss_relics":[{"not_picked":["Black Star","White Beast Statue"],"picked":"Sozu"}],"items_purged_floors":[],"is_endless":false,"potions_floor_spawned":[1,8,11,14,22],"killed_by":"Gremlin Leader","ascension_level":9}