{"gold_per_floor":[111,124,274,105,105,105,135,135,188,188,188,188,188,88,88,182,182,206,240,30,50,73,73,104,118,118,168,168,43,63,7,7,7],"floor_reached":33,"playtime":1311,"items_purged":["Doubt","Strike_R","Strike_R"],"score":579,"play_id":"9ab23998-37fa-46de-9580-236144c4a83f","local_time":"20190505175509","is_ascension_mode":true,"campfire_choices":[{"data":"Iron Wave","floor":6.0,"key":"SMITH"},{"data":"Inflame","floor":8.0,"key":"SMITH"},{"data":"Bash","floor":10.0,"key":"SMITH"},{"data":"Clash","floor":13.0,"key":"SMITH"},{"data":"Defend_R","floor":15.0,"key":"SMITH"},{"floor":23.0,"key":"REST"},{"floor":28.0,"key":"REST"},{"floor":32.0,"key":"REST"}],"neow_cost":"NONE","seed_source_timestamp":861609506992362,"circlet_count":0,"master_deck":["AscendersBane","Strike_R","Defend_R+1","Defend_R","Defend_R","Bash+1","Clash+1","Iron Wave+1","Clash","Inflame+1","Evolve","Feed","Pommel Strike","Warcry","Dropkick","Rampage","Heavy Blade"],"special_seed":0,"relics":["Burning Blood","NeowsBlessing","Shuriken","Pen Nib","Golden Idol","Pear","Empty Cage","Red Mask","TheAbacus","Bag of Preparation","Toxic Egg 2"],"potions_floor_usage":[33,33],"damage_taken":[{"damage":0.0,"enemies":"Cultist","floor":1.0,"turns":1.0},{"damage":0.0,"enemies":"2 Louse","floor":2.0,"turns":1.0},{"damage":0.0,"enemies":"Gremlin Nob","floor":7.0,"turns":1.0},{"damage":21.0,"enemies":"The Guardian","floor":16.0,"turns":7.0},{"damage":11.0,"enemies":"Shell Parasite","floor":18.0,"turns":7.0},{"damage":37.0,"enemies":"Masked Bandits","floor":19.0,"turns":4.0},{"damage":23.0,"enemies":"2 Thieves","floor":21.0,"turns":4.0},{"damage":11.0,"enemies":"Centurion and Healer","floor":22.0,"turns":5.0},{"damage":45.0,"enemies":"Gremlin Leader","floor":24.0,"turns":5.0},{"damage":6.0,"enemies":"Snecko","floor":25.0,"turns":4.0},{"damage":48.0,"enemies":"3 Cultists","floor":30.0,"turns":6.0},{"damage":57,"enemies":"Champ","floor":33,"turns":10}],"seed_played":"-9033026715948899021","potions_obtained":[{"floor":2.0,"key":"EssenceOfSteel"},{"floor":16.0,"key":"SkillPotion"},{"floor":18.0,"key":"Explosive Potion"},{"floor":19.0,"key":"PowerPotion"},{"floor":22.0,"key":"SpeedPotion"},{"floor":24.0,"key":"Dexterity Potion"}],"is_trial":false,"path_per_floor":["M","M","?","$","?","R","E","R","T","R","?","?","R","$","R","B",null,"M","?","$","M","M","R","E","M","T","?","R","$","M","$","R","B"],"character_chosen":"IRONCLAD","items_purchased":["Clash","Inflame","TheAbacus","SkillPotion"],"campfire_rested":3,"item_purchase_floors":[4,4,20,31],"current_hp_per_floor":[74,75,75,75,68,68,74,74,74,74,48,53,53,53,53,38,73,71,43,43,29,24,52,16,19,19,19,49,49,7,7,37,0],"gold":7,"neow_bonus":"THREE_ENEMY_KILL","is_prod":false,"is_daily":false,"chose_seed":false,"campfire_upgraded":5,"win_rate":0,"timestamp":1557087909,"path_taken":["M","M","?","$","?","R","E","R","T","R","?","?","R","?","R","BOSS","M","?","$","M","M","R","E","M","T","?","R","$","M","?","R","BOSS"],"build_version":"2019-01-23","purchased_purges":3,"victory":false,"max_hp_per_floor":[75,75,75,75,75,75,75,75,75,75,75,85,85,85,85,85,85,88,91,91,94,94,94,97,100,100,100,100,100,100,100,100,100],"card_choices":[{"not_picked":["Flex","Pummel"],"picked":"Clash","floor":1.0},{"not_picked":["Headbutt","Pommel Strike"],"picked":"Iron Wave","floor":2.0},{"not_picked":["Havoc","Blood for Blood"],"picked":"Evolve","floor":7.0},{"not_picked":["Exhume","Bludgeon"],"picked":"Feed","floor":16.0},{"not_picked":["Entrench","Seeing Red"],"picked":"Pommel Strike","floor":18.0},{"not_picked":["Perfected Strike","Carnage"],"picked":"Warcry","floor":21.0},{"not_picked":["Uppercut","Thunderclap"],"picked":"Dropkick","floor":22.0},{"not_picked":["Wild Strike","Flex"],"picked":"Rampage","floor":24.0},{"not_picked":["Offering","Uppercut"],"picked":"Heavy Blade","floor":25.0},{"not_picked":["Heavy Blade+1","Twin Strike","Sentinel+1"],"picked":"SKIP","floor":30.0}],"player_experience":1168416,"relics_obtained":[{"floor":7.0,"key":"Shuriken"},{"floor":9.0,"key":"Pen Nib"},{"floor":19.0,"key":"Red Mask"},{"floor":24.0,"key":"Bag of Preparation"},{"floor":26.0,"key":"Toxic Egg 2"}],"event_choices":[{"damage_healed":0.0,"max_hp_gain":0.0,"max_hp_loss":0.0,"gold_gain":150.0,"event_name":"Liars Game","player_choice":"AGREE","floor":3.0,"gold_loss":0.0,"damage_taken":0.0,"cards_obtained":["Doubt"]},{"cards_removed":["Defend_R"],"damage_healed":0.0,"max_hp_gain":0.0,"max_hp_loss":0.0,"gold_gain":0.0,"event_name":"Golden Wing","player_choice":"Card Removal","floor":5.0,"gold_loss":0.0,"damage_taken":7.0},{"damage_healed":0.0,"max_hp_gain":0.0,"max_hp_loss":0.0,"gold_gain":0.0,"event_name":"Golden Idol","player_choice":"Take Damage","floor":11.0,"gold_loss":0.0,"damage_taken":26.0,"relics_obtained":["Golden Idol"]},{"damage_healed":0.0,"max_hp_gain":0.0,"max_hp_loss":0.0,"gold_gain":0.0,"event_name":"Scrap Ooze","player_choice":"Success","floor":12.0,"gold_loss":0.0,"damage_taken":5.0,"relics_obtained":["Pear"]},{"damage_healed":0.0,"max_hp_gain":0.0,"max_hp_loss":0.0,"gold_gain":0.0,"event_name":"Masked Bandits","player_choice":"Fought Bandits","floor":19.0,"gold_loss":0.0,"damage_taken":0.0},{"damage_healed":0.0,"max_hp_gain":0.0,"max_hp_loss":0.0,"gold_gain":50.0,"event_name":"Nest","player_choice":"Stole From Cult","floor":27.0,"gold_loss":0.0,"damage_taken":0.0}],"is_beta":false,"boss_relics":[{"not_picked":["Pandora\u0027s Box","White Beast Statue"],"picked":"Empty Cage"}],"items_purged_floors":[4,14,29],"is_endless":false,"potions_floor_spawned":[2,16,18,19,22,24],"killed_by":"Champ","ascension_level":19}