{"gold_per_floor":[115,115,40,53,65,65,91,91,91,91,16,16,28,44,44,139,139,149,169,0,0,15,15,15],"floor_reached":24,"playtime":1074,"items_purged":["Strike_R","Strike_R"],"score":394,"play_id":"0c700d58-9b37-48c1-bb6a-beb6667cb0a4","local_time":"20190512143147","is_ascension_mode":true,"campfire_choices":[{"data":"Hemokinesis","floor":6,"key":"SMITH"},{"data":"Dual Wield","floor":12,"key":"SMITH"},{"data":"Rupture","floor":15,"key":"SMITH"},{"data":"Limit Break","floor":23,"key":"SMITH"}],"neow_cost":"NONE","seed_source_timestamp":3718404760653643,"circlet_count":0,"master_deck":["AscendersBane","Strike_R","Strike_R","Strike_R","Defend_R","Defend_R","Defend_R","Bash","Hemokinesis+1","Rupture+1","Blood for Blood+1","Dual Wield+1","Limit Break+1","Heavy Blade+1","Rupture"],"relics":["Burning Blood","Mummified Hand","Bottled Flame","Meat on the Bone","Busted Crown"],"potions_floor_usage":[7,16,16,19],"damage_taken":[{"damage":14,"enemies":"Small Slimes","floor":1,"turns":3},{"damage":12,"enemies":"2 Louse","floor":4,"turns":3},{"damage":3,"enemies":"Cultist","floor":5,"turns":4},{"damage":18,"enemies":"Gremlin Nob","floor":7,"turns":3},{"damage":18,"enemies":"Exordium Thugs","floor":13,"turns":3},{"damage":10,"enemies":"Exordium Wildlife","floor":14,"turns":4},{"damage":4,"enemies":"Slime Boss","floor":16,"turns":6},{"damage":16,"enemies":"Chosen","floor":18,"turns":4},{"damage":27,"enemies":"Shell Parasite","floor":19,"turns":3},{"damage":45,"enemies":"Shelled Parasite and Fungi","floor":22,"turns":5},{"damage":29,"enemies":"Slavers","floor":24,"turns":2}],"seed_played":"-5550277688611780175","potions_obtained":[{"floor":4,"key":"FearPotion"},{"floor":5,"key":"PowerPotion"},{"floor":7,"key":"LiquidBronze"},{"floor":14,"key":"AttackPotion"},{"floor":18,"key":"Explosive Potion"}],"is_trial":false,"path_per_floor":["M","?","$","M","M","R","E","?","T","?","$","R","M","M","R","B",null,"M","M","$","?","M","R","E"],"character_chosen":"IRONCLAD","items_purchased":["Dual Wield","Rupture"],"campfire_rested":0,"item_purchase_floors":[11,20],"current_hp_per_floor":[64,46,46,40,43,43,31,31,31,31,31,31,31,39,39,53,73,63,54,54,54,27,27,0],"gold":15,"neow_bonus":"REMOVE_CARD","is_prod":false,"is_daily":false,"chose_seed":false,"campfire_upgraded":4,"win_rate":0,"timestamp":1557664307,"path_taken":["M","?","$","M","M","R","E","?","T","?","$","R","M","?","R","BOSS","M","M","$","?","M","R","E"],"build_version":"2019-01-23","purchased_purges":2,"victory":false,"max_hp_per_floor":[80,80,80,80,80,80,80,80,80,80,80,80,80,80,80,80,80,80,80,80,80,80,80,80],"card_choices":[{"not_picked":["Thunderclap","Armaments"],"picked":"Hemokinesis","floor":1},{"not_picked":["Body Slam","Cleave"],"picked":"Rupture","floor":4},{"not_picked":["Pommel Strike","Headbutt","Flex"],"picked":"SKIP","floor":5},{"not_picked":["Entrench","Battle Trance"],"picked":"Blood for Blood","floor":7},{"not_picked":["Intimidate","Cleave","Armaments"],"picked":"SKIP","floor":13},{"not_picked":["Spot Weakness","Second Wind","Iron Wave"],"picked":"SKIP","floor":14},{"not_picked":["Reaper","Impervious"],"picked":"Limit Break","floor":16},{"not_picked":["True Grit"],"picked":"SKIP","floor":18},{"not_picked":[],"picked":"Heavy Blade+1","floor":19},{"not_picked":["Havoc"],"picked":"SKIP","floor":22}],"player_experience":521799,"relics_obtained":[{"floor":7,"key":"Bottled Flame"},{"floor":9,"key":"Meat on the Bone"}],"event_choices":[{"damage_healed":0,"gold_gain":0,"player_choice":"Success","damage_taken":18,"relics_obtained":["Mummified Hand"],"max_hp_gain":0,"max_hp_loss":0,"event_name":"Scrap Ooze","floor":2,"gold_loss":0},{"damage_healed":0,"gold_gain":0,"player_choice":"Ignored","damage_taken":0,"max_hp_gain":0,"max_hp_loss":0,"event_name":"Liars Game","floor":8,"gold_loss":0},{"damage_healed":0,"gold_gain":0,"player_choice":"Upgraded","damage_taken":0,"max_hp_gain":0,"max_hp_loss":0,"event_name":"Upgrade Shrine","floor":10,"gold_loss":0,"cards_upgraded":["Blood for Blood"]},{"damage_healed":0,"gold_gain":0,"player_choice":"Ignored","damage_taken":0,"max_hp_gain":0,"max_hp_loss":0,"event_name":"The Mausoleum","floor":21,"gold_loss":0}],"is_beta":false,"boss_relics":[{"not_picked":["Philosopher\u0027s Stone","Fusion Hammer"],"picked":"Busted Crown"}],"items_purged_floors":[3,20],"is_endless":false,"potions_floor_spawned":[4,5,7,14,18],"killed_by":"Slavers","ascension_level":12}