{"gold_per_floor":[130,142,173,198,228,240,279,291,353,159,159,159,194,210,210,306,306,321,321,66,66,66,66,76,96,177,64,74,74],"floor_reached":29,"playtime":3902,"items_purged":["Strike_B","Defend_B"],"score":328,"play_id":"fbfde5ce-d230-4028-a5af-b6fff376dc9b","local_time":"20190123192310","is_ascension_mode":true,"campfire_choices":[{"data":"Zap","floor":6,"key":"SMITH"},{"data":"Redo","floor":8,"key":"SMITH"},{"data":"White Noise","floor":12,"key":"SMITH"},{"floor":15,"key":"REST"},{"data":"Buffer","floor":23,"key":"SMITH"}],"neow_cost":"NONE","seed_source_timestamp":524783489990134,"circlet_count":0,"master_deck":["Defend_B","Zap+1","Dualcast","Redo+1","Barrage","White Noise+1","Loop","Buffer+1","Cold Snap","Self Repair","Bandage Up","Multi-Cast","Echo Form","Creative AI+1","Amplify+1","Steam Power+1","Steam+1","Bite","Bite","Bite","Bite","Bite","Turbo+1","Beam Cell+1","Doom and Gloom","Defragment"],"relics":["Cracked Core","MawBank","Question Card","Vajra","Astrolabe","Happy Flower","Orichalcum","Singing Bowl"],"potions_floor_usage":[7,13,28,28,28,29],"damage_taken":[{"damage":2,"enemies":"Jaw Worm","floor":1,"turns":3},{"damage":0,"enemies":"Cultist","floor":3,"turns":3},{"damage":0,"enemies":"Small Slimes","floor":4,"turns":2},{"damage":14,"enemies":"2 Fungi Beasts","floor":5,"turns":3},{"damage":31,"enemies":"Gremlin Nob","floor":7,"turns":4},{"damage":26,"enemies":"3 Sentries","floor":13,"turns":7},{"damage":19,"enemies":"Blue Slaver","floor":14,"turns":4},{"damage":28,"enemies":"Hexaghost","floor":16,"turns":11},{"damage":33,"enemies":"Spheric Guardian","floor":18,"turns":5},{"damage":43,"enemies":"Colosseum Slavers","floor":21,"turns":5},{"damage":10,"enemies":"Chosen","floor":24,"turns":4},{"damage":41,"enemies":"Shelled Parasite and Fungi","floor":25,"turns":6},{"damage":18,"enemies":"Centurion and Healer","floor":28,"turns":7},{"damage":52,"enemies":"Book of Stabbing","floor":29,"turns":4}],"seed_played":"4688542300385716321","potions_obtained":[{"floor":5,"key":"Weak Potion"},{"floor":7,"key":"Regen Potion"},{"floor":24,"key":"Swift Potion"},{"floor":25,"key":"EntropicBrew"}],"is_trial":false,"path_per_floor":["M","?","M","M","M","R","E","R","T","$","?","R","E","M","R","B",null,"M","?","$","?","?","R","M","M","T","$","M","E"],"character_chosen":"DEFECT","items_purchased":["Self Repair","Bandage Up","Orichalcum","Doom and Gloom","Defragment"],"campfire_rested":1,"item_purchase_floors":[10,10,20,27,27],"current_hp_per_floor":[66,66,66,66,52,52,21,21,21,21,21,21,21,13,35,18,61,43,43,43,22,22,22,31,32,32,32,45,0],"gold":74,"neow_bonus":"RANDOM_COMMON_RELIC","is_prod":false,"is_daily":false,"chose_seed":false,"campfire_upgraded":4,"win_rate":0,"timestamp":1548289390,"path_taken":["M","?","?","M","M","R","E","R","T","$","?","R","E","?","R","BOSS","M","?","$","?","?","R","M","M","T","$","M","E"],"build_version":"2019-01-23","purchased_purges":2,"victory":false,"max_hp_per_floor":[75,75,75,75,75,75,75,75,75,75,75,75,75,75,75,75,75,75,75,75,75,52,52,52,52,52,52,54,54],"card_choices":[{"not_picked":["Beam Cell","Go for the Eyes"],"picked":"Redo","floor":1},{"not_picked":["Leap","Hologram"],"picked":"White Noise","floor":3},{"not_picked":["Sweeping Beam","Ball Lightning"],"picked":"Loop","floor":4},{"not_picked":["Cold Snap","Leap"],"picked":"Buffer","floor":5},{"not_picked":["Reinforced Body","Beam Cell"],"picked":"Cold Snap","floor":7},{"not_picked":["Double Energy","Go for the Eyes","Redo"],"picked":"Multi-Cast","floor":13},{"not_picked":["Beam Cell","Reprogram","Storm","Turbo"],"picked":"SKIP","floor":14},{"not_picked":["Core Surge","Meteor Strike","Fission"],"picked":"Echo Form","floor":16},{"not_picked":["Hologram","Coolheaded","Tempest"],"picked":"Steam+1","floor":18},{"not_picked":["Recycle","Skim","Beam Cell"],"picked":"Turbo+1","floor":24},{"not_picked":["Cold Snap","Coolheaded","Hologram+1"],"picked":"Beam Cell+1","floor":25},{"not_picked":["Barrage","Hologram","Rip and Tear","Redo"],"picked":"Singing Bowl","floor":28}],"player_experience":466045,"relics_obtained":[{"floor":7,"key":"Question Card"},{"floor":13,"key":"Vajra"},{"floor":26,"key":"Singing Bowl"}],"event_choices":[{"damage_healed":0,"gold_gain":0,"player_choice":"1 cards matched","damage_taken":0,"max_hp_gain":0,"max_hp_loss":0,"event_name":"Match and Keep!","floor":2,"gold_loss":0,"cards_obtained":["Barrage"]},{"cards_removed":["Defend_B"],"damage_healed":0,"gold_gain":0,"player_choice":"Purged","damage_taken":0,"max_hp_gain":0,"max_hp_loss":0,"event_name":"Purifier","floor":11,"gold_loss":0},{"damage_healed":0,"gold_gain":0,"player_choice":"Opened","damage_taken":0,"relics_obtained":["Happy Flower"],"max_hp_gain":0,"max_hp_loss":0,"event_name":"The Mausoleum","floor":19,"gold_loss":0},{"damage_healed":0,"gold_gain":0,"player_choice":"Fight","damage_taken":0,"max_hp_gain":0,"max_hp_loss":0,"event_name":"Colosseum","floor":21,"gold_loss":0},{"damage_healed":0,"gold_gain":0,"player_choice":"Fled From Nobs","damage_taken":0,"max_hp_gain":0,"max_hp_loss":0,"event_name":"Colosseum","floor":21,"gold_loss":0},{"damage_healed":0,"gold_gain":0,"player_choice":"Became a vampire","damage_taken":0,"max_hp_gain":0,"max_hp_loss":23,"event_name":"Vampires","floor":22,"gold_loss":0,"cards_obtained":["Bite","Bite","Bite","Bite","Bite"]}],"is_beta":false,"boss_relics":[{"not_picked":["Nuclear Battery","Ectoplasm"],"picked":"Astrolabe"}],"items_purged_floors":[10,20],"is_endless":false,"potions_floor_spawned":[5,7,24,25],"killed_by":"Book of Stabbing","ascension_level":6}