{"gold_per_floor":[115,115,131,146,171,171,200,200,200,200],"floor_reached":10,"playtime":305,"items_purged":[],"score":122,"play_id":"c37c18e1-8bf3-44d6-9c9f-3f42b9b0200e","local_time":"20190520220233","is_ascension_mode":true,"campfire_choices":[{"data":"Noxious Fumes","floor":6,"key":"SMITH"},{"floor":8,"key":"REST"}],"neow_cost":"NONE","seed_source_timestamp":13007069936550,"circlet_count":0,"master_deck":["AscendersBane","Defend_G","Defend_G","Defend_G","Defend_G","Defend_G","Strike_G","Strike_G","Strike_G","Strike_G","Strike_G","Survivor","Neutralize","Blur","PiercingWail","Noxious Fumes+1","Acrobatics","Leg Sweep"],"relics":["Ring of the Snake","NeowsBlessing","Boot","Dream Catcher","Regal Pillow","Blood Vial"],"potions_floor_usage":[10,10],"damage_taken":[{"damage":0,"enemies":"Cultist","floor":1,"turns":1},{"damage":0,"enemies":"Jaw Worm","floor":3,"turns":1},{"damage":0,"enemies":"Small Slimes","floor":4,"turns":1},{"damage":39,"enemies":"3 Sentries","floor":7,"turns":10},{"damage":48,"enemies":"Gremlin Nob","floor":10,"turns":6}],"seed_played":"-5021660507442173896","potions_obtained":[{"floor":1,"key":"GhostInAJar"},{"floor":4,"key":"FearPotion"}],"is_trial":false,"path_per_floor":["M","?","M","M","T","R","E","R","T","E"],"character_chosen":"THE_SILENT","items_purchased":[],"campfire_rested":1,"item_purchase_floors":[],"current_hp_per_floor":[59,41,41,41,41,41,2,36,36,0],"gold":200,"neow_bonus":"THREE_ENEMY_KILL","is_prod":false,"is_daily":false,"chose_seed":false,"campfire_upgraded":1,"win_rate":0,"timestamp":1558407753,"path_taken":["M","?","M","M","?","R","E","R","T","E"],"build_version":"2019-01-23","purchased_purges":0,"victory":false,"max_hp_per_floor":[66,66,66,66,66,66,66,66,66,66],"card_choices":[{"not_picked":["Accuracy","Calculated Gamble"],"picked":"Blur","floor":1},{"not_picked":["Setup","Flying Knee"],"picked":"PiercingWail","floor":3},{"not_picked":["Prepared","Outmaneuver"],"picked":"Noxious Fumes","floor":4},{"not_picked":["Dodge and Roll","Bane"],"picked":"Acrobatics","floor":7},{"not_picked":["Grand Finale","Underhanded Strike"],"picked":"Leg Sweep","floor":8}],"player_experience":695808,"relics_obtained":[{"floor":5,"key":"Dream Catcher"},{"floor":7,"key":"Regal Pillow"},{"floor":9,"key":"Blood Vial"}],"event_choices":[{"damage_healed":0,"gold_gain":0,"player_choice":"Success","damage_taken":18,"relics_obtained":["Boot"],"max_hp_gain":0,"max_hp_loss":0,"event_name":"Scrap Ooze","floor":2,"gold_loss":0}],"is_beta":false,"boss_relics":[],"items_purged_floors":[],"is_endless":false,"potions_floor_spawned":[1,4],"killed_by":"Gremlin Nob","ascension_level":17}