{"gold_per_floor":[113,129,129,18,18,51,68,97,97,97,42,42,69,84,84,179,179,198,113,113,129,49,49,49],"floor_reached":24,"playtime":1520,"items_purged":["Strike_B","Defend_B"],"score":254,"play_id":"2f5a91b2-9dad-4498-b60d-f4c030958dce","local_time":"20190128103124","is_ascension_mode":true,"campfire_choices":[{"floor":10,"key":"REST"},{"data":"Defragment","floor":12,"key":"SMITH"},{"data":"Darkness","floor":15,"key":"SMITH"},{"data":"Coolheaded","floor":23,"key":"SMITH"}],"neow_cost":"TEN_PERCENT_HP_LOSS","seed_source_timestamp":508004768917700,"circlet_count":0,"master_deck":["Defend_B","Defend_B","Defend_B","Zap","Dualcast","Conserve Battery","Streamline","Sunder","Darkness+1","Coolheaded+1","Biased Cognition","Defragment+1","Leap","Coolheaded","Seek","Steam+1"],"relics":["Cracked Core","The Courier","Bottled Lightning","Pantograph","Dodecahedron","Black Star","Letter Opener","Symbiotic Virus"],"potions_floor_usage":[13,16,16,21],"damage_taken":[{"damage":5,"enemies":"Jaw Worm","floor":1,"turns":5},{"damage":6,"enemies":"Small Slimes","floor":2,"turns":3},{"damage":16,"enemies":"3 Sentries","floor":6,"turns":8},{"damage":1,"enemies":"Cultist","floor":7,"turns":3},{"damage":28,"enemies":"Gremlin Nob","floor":8,"turns":4},{"damage":21,"enemies":"3 Sentries","floor":13,"turns":7},{"damage":0,"enemies":"3 Louse","floor":14,"turns":1},{"damage":5,"enemies":"Hexaghost","floor":16,"turns":8},{"damage":18,"enemies":"2 Thieves","floor":18,"turns":3},{"damage":7,"enemies":"3 Byrds","floor":21,"turns":3},{"damage":48,"enemies":"Slavers","floor":24,"turns":2}],"seed_played":"3308847160439139240","potions_obtained":[{"floor":1,"key":"Swift Potion"},{"floor":8,"key":"Block Potion"},{"floor":14,"key":"AttackPotion"},{"floor":16,"key":"Block Potion"}],"is_trial":false,"path_per_floor":["M","M","?","$","?","E","M","E","T","R","$","R","E","M","R","B",null,"M","?","?","M","$","R","E"],"character_chosen":"DEFECT","items_purchased":["Sunder","Defragment"],"campfire_rested":1,"item_purchase_floors":[4,11],"current_hp_per_floor":[63,57,62,62,62,46,45,17,17,38,38,38,17,17,17,37,73,55,55,55,48,48,48,0],"gold":49,"neow_bonus":"REMOVE_TWO","is_prod":false,"is_daily":false,"chose_seed":false,"campfire_upgraded":3,"win_rate":0,"timestamp":1548693084,"path_taken":["M","M","?","$","?","E","?","E","T","R","$","R","E","M","R","BOSS","M","?","?","M","$","R","E"],"build_version":"2019-01-23","purchased_purges":2,"victory":false,"max_hp_per_floor":[68,68,73,73,73,73,73,73,73,73,73,73,73,73,73,73,73,73,73,73,73,73,73,73],"card_choices":[{"not_picked":["Static Discharge","Sweeping Beam"],"picked":"Conserve Battery","floor":1},{"not_picked":["Compile Driver","Steam"],"picked":"Streamline","floor":2},{"not_picked":["Sweeping Beam","Biased Cognition"],"picked":"Darkness","floor":6},{"not_picked":["Steam","Turbo"],"picked":"Coolheaded","floor":7},{"not_picked":["Meteor Strike","Lockon"],"picked":"Biased Cognition","floor":8},{"not_picked":["Heatsinks","Scrape"],"picked":"Leap","floor":13},{"not_picked":["Stack","Turbo"],"picked":"Coolheaded","floor":14},{"not_picked":["All For One","Hyperbeam"],"picked":"Seek","floor":16},{"not_picked":["Sweeping Beam+1","Self Repair+1","Consume"],"picked":"SKIP","floor":18},{"not_picked":["Barrage","Leap"],"picked":"Steam+1","floor":21}],"player_experience":553276,"relics_obtained":[{"floor":6,"key":"The Courier"},{"floor":8,"key":"Bottled Lightning"},{"floor":9,"key":"Pantograph"},{"floor":13,"key":"Dodecahedron"}],"event_choices":[{"damage_healed":0,"gold_gain":0,"player_choice":"Donut","damage_taken":0,"max_hp_gain":5,"max_hp_loss":0,"event_name":"Big Fish","floor":3,"gold_loss":0},{"cards_removed":["Strike_B"],"damage_healed":0,"gold_gain":0,"player_choice":"Offered Basic","damage_taken":0,"max_hp_gain":0,"max_hp_loss":0,"event_name":"Bonfire Elementals","floor":5,"gold_loss":0},{"damage_healed":0,"gold_gain":0,"player_choice":"Obtained Relic","damage_taken":0,"relics_obtained":["Letter Opener"],"max_hp_gain":0,"max_hp_loss":0,"event_name":"Addict","floor":19,"gold_loss":85},{"damage_healed":0,"gold_gain":0,"player_choice":"Opened","damage_taken":0,"relics_obtained":["Symbiotic Virus"],"max_hp_gain":0,"max_hp_loss":0,"event_name":"The Mausoleum","floor":20,"gold_loss":0}],"is_beta":false,"boss_relics":[{"not_picked":["Calling Bell","FrozenCore"],"picked":"Black Star"}],"items_purged_floors":[4,22],"is_endless":false,"potions_floor_spawned":[1,8,14,16],"killed_by":"Slavers","ascension_level":4}