{"path_per_floor":["M","?","M","$","M","E","R","M","T","R","M","R","M","?","R"],"character_chosen":"THE_SILENT","items_purchased":["Blur"],"gold_per_floor":[110,110,120,44,58,92,92,107,160,160,175,175,188,155,155,155],"floor_reached":16,"campfire_rested":2,"playtime":1119,"item_purchase_floors":[4],"current_hp_per_floor":[70,63,63,63,60,44,44,25,25,46,32,32,21,21,42,0],"items_purged":[],"gold":155,"score":122,"play_id":"91e81990-c6c2-4810-bf9b-e58f318b8294","local_time":"20180607203623","is_prod":false,"is_daily":false,"chose_seed":false,"is_ascension_mode":true,"campfire_upgraded":2,"win_rate":0,"timestamp":1528396583,"campfire_choices":[{"data":"Neutralize","floor":7,"key":"SMITH"},{"floor":10,"key":"REST"},{"data":"Blur","floor":12,"key":"SMITH"},{"floor":15,"key":"REST"}],"path_taken":["M","?","M","$","?","E","R","M","T","R","M","R","M","?","R","BOSS"],"build_version":"2018-05-31","seed_source_timestamp":1895772530993998,"purchased_purges":0,"victory":false,"master_deck":["Defend_G","Defend_G","Defend_G","Defend_G","Strike_G","Strike_G","Strike_G","Strike_G","Strike_G","Survivor","Neutralize+1","Deadly Poison","Deadly Poison","Blur+1","Poisoned Stab+1","Backstab+1","Poisoned Stab+1","Slice+1"],"max_hp_per_floor":[70,70,70,70,70,70,70,70,70,70,70,70,70,70,70,70],"relics":["Ring of the Snake","Molten Egg 2","Dream Catcher"],"card_choices":[{"not_picked":["Outmaneuver","Distraction"],"picked":"Deadly Poison","floor":1},{"not_picked":["Quick Slash","Choke"],"picked":"Deadly Poison","floor":3},{"not_picked":["Underhanded Strike","All Out Attack","PiercingWail"],"picked":"SKIP","floor":5},{"not_picked":["Bouncing Flask","Sucker Punch","Concentrate"],"picked":"SKIP","floor":6},{"not_picked":["Dodge and Roll","PiercingWail"],"picked":"Poisoned Stab+1","floor":8},{"not_picked":["Sucker Punch+1","Cloak And Dagger"],"picked":"Backstab+1","floor":11},{"not_picked":["Flying Knee+1","Dodge and Roll"],"picked":"Poisoned Stab+1","floor":13},{"not_picked":["Predator+1","Choke+1"],"picked":"Slice+1","floor":15}],"player_experience":236513,"potions_floor_usage":[6,16],"damage_taken":[{"damage":0,"enemies":"Cultist","floor":1,"turns":5},{"damage":0,"enemies":"Small Slimes","floor":3,"turns":4},{"damage":3,"enemies":"2 Louse","floor":5,"turns":4},{"damage":16,"enemies":"3 Sentries","floor":6,"turns":10},{"damage":19,"enemies":"2 Fungi Beasts","floor":8,"turns":4},{"damage":14,"enemies":"Lots of Slimes","floor":11,"turns":7},{"damage":11,"enemies":"Large Slime","floor":13,"turns":5},{"damage":57,"enemies":"Slime Boss","floor":16,"turns":11}],"relics_obtained":[{"floor":6,"key":"Molten Egg 2"},{"floor":9,"key":"Dream Catcher"}],"event_choices":[{"event_name":"Golden Wing","player_choice":"Card Removal","floor":2,"damage_taken":0},{"event_name":"World of Goop","player_choice":"Left","floor":14,"damage_taken":0}],"boss_relics":[],"items_purged_floors":[],"potions_floor_spawned":[3,11,13],"seed_played":"-8615749014989854950","killed_by":"Slime Boss","ascension_level":4,"potions_obtained":[{"floor":3,"key":"SteroidPotion"},{"floor":11,"key":"LiquidBronze"},{"floor":13,"key":"FairyPotion"}],"is_trial":false}