{"gold_per_floor":[111,121,141,316,64,89,108,108,108,127,127,157,157,28,28,126,126,142,156,88,101,16,41,54,54,54,69,95,146,173,24,24,129,129,149,149,160,177,188,218,231,251,278,278,313,313,326,344,344,344],"floor_reached":51,"playtime":4890,"items_purged":["Doubt","Strike_G"],"score":831,"play_id":"3d42649e-2cd0-4f54-a69a-c1ed950ae880","local_time":"20180722012641","is_ascension_mode":false,"campfire_choices":[{"data":"Noxious Fumes","floor":8,"key":"SMITH"},{"floor":11,"key":"REST"},{"data":"Bandage Up","floor":13,"key":"SMITH"},{"data":"Noxious Fumes","floor":15,"key":"SMITH"},{"data":"Footwork","floor":25,"key":"SMITH"},{"floor":32,"key":"REST"},{"data":"After Image","floor":44,"key":"SMITH"},{"data":"Dash","floor":49,"key":"SMITH"}],"neow_cost":"NONE","seed_source_timestamp":146979852230153,"circlet_count":0,"master_deck":["Defend_G","Defend_G","Defend_G","Defend_G","Defend_G","Strike_G","Strike_G","Strike_G","Strike_G","Survivor","Neutralize","Backstab","Dash+1","Catalyst","Noxious Fumes+1","Bandage Up+1","Blur+1","PiercingWail+1","Catalyst+1","Bouncing Flask+1","Noxious Fumes+1","Dodge and Roll+1","Doppelganger+1","Dodge and Roll+1","Deadly Poison+1","Footwork+1","Bouncing Flask+1","Deflect+1","Concentrate+1","Acrobatics+1","After Image+1","Dodge and Roll+1","PiercingWail+1","Venomology+1","Backflip+1","Panacea+1","Finesse+1","Deadly Poison+1","Leg Sweep+1","Noxious Fumes","Dash+1","Outmaneuver+1","Deflect+1","Bullet Time+1","Bouncing Flask+1"],"relics":["Ring of the Snake","Potion Belt","Toxic Egg 2","Bottled Lightning","Darkstone Periapt","Eternal Feather","Pear","Ginger","Mercury Hourglass","Pantograph","Regal Pillow","Art of War","Runic Pyramid","Anchor","Ancient Tea Set","Dodecahedron"],"potions_floor_usage":[6,12,16,19,21,23,28,37,38,39,39,40,41,42,45,48,48,50,50],"damage_taken":[{"damage":1,"enemies":"Cultist","floor":1,"turns":4},{"damage":0,"enemies":"Small Slimes","floor":2,"turns":3},{"damage":4,"enemies":"Jaw Worm","floor":3,"turns":5},{"damage":20,"enemies":"Lagavulin","floor":6,"turns":7},{"damage":15,"enemies":"Large Slime","floor":7,"turns":7},{"damage":0,"enemies":"Looter","floor":10,"turns":4},{"damage":11,"enemies":"Gremlin Nob","floor":12,"turns":6},{"damage":18,"enemies":"The Guardian","floor":16,"turns":5},{"damage":0,"enemies":"Shell Parasite","floor":18,"turns":4},{"damage":13,"enemies":"Spheric Guardian","floor":19,"turns":5},{"damage":2,"enemies":"Centurion and Healer","floor":21,"turns":8},{"damage":34,"enemies":"Book of Stabbing","floor":23,"turns":6},{"damage":4,"enemies":"Cultist and Chosen","floor":24,"turns":6},{"damage":11,"enemies":"3 Cultists","floor":27,"turns":5},{"damage":10,"enemies":"Gremlin Leader","floor":28,"turns":5},{"damage":28,"enemies":"Book of Stabbing","floor":30,"turns":5},{"damage":25,"enemies":"Automaton","floor":33,"turns":8},{"damage":0,"enemies":"Orb Walker","floor":35,"turns":5},{"damage":11,"enemies":"Flame Bruiser 1 Orb","floor":37,"turns":5},{"damage":26,"enemies":"Spire Growth","floor":38,"turns":4},{"damage":16,"enemies":"Flame Bruiser 2 Orb","floor":39,"turns":6},{"damage":22,"enemies":"Giant Head","floor":40,"turns":7},{"damage":0,"enemies":"3 Darklings","floor":41,"turns":6},{"damage":7,"enemies":"Sphere and 2 Shapes","floor":42,"turns":6},{"damage":20,"enemies":"2 Orb Walkers","floor":45,"turns":5},{"damage":0,"enemies":"Maw","floor":47,"turns":7},{"damage":13,"enemies":"Flame Bruiser 2 Orb","floor":48,"turns":6},{"damage":0,"enemies":"Donu and Deca","floor":50,"turns":10}],"seed_played":"5598962279773781956","potions_obtained":[{"floor":1,"key":"Strength Potion"},{"floor":2,"key":"SpeedPotion"},{"floor":10,"key":"EssenceOfSteel"},{"floor":12,"key":"FearPotion"},{"floor":18,"key":"Ancient Potion"},{"floor":19,"key":"Block Potion"},{"floor":23,"key":"Explosive Potion"},{"floor":28,"key":"SteroidPotion"},{"floor":33,"key":"Explosive Potion"},{"floor":39,"key":"Ancient Potion"},{"floor":42,"key":"Dexterity Potion"},{"floor":45,"key":"EssenceOfSteel"},{"floor":48,"key":"AttackPotion"}],"is_trial":false,"path_per_floor":["M","M","M","?","$","E","M","R","T","M","R","E","R","$","R","B",null,"M","M","$","M","?","E","M","R","T","M","E","T","E","$","R","B",null,"M","?","M","M","M","E","M","M","T","R","E","?","M","M","R","B"],"character_chosen":"THE_SILENT","items_purchased":["Noxious Fumes","Bandage Up","Noxious Fumes","Dodge and Roll+1","Footwork","PiercingWail+1"],"campfire_rested":2,"item_purchase_floors":[5,5,14,14,20,31],"current_hp_per_floor":[69,69,65,65,65,49,38,38,38,42,63,52,52,52,52,40,70,70,63,63,67,77,49,51,69,69,64,60,60,38,38,80,55,80,80,75,70,50,55,39,60,53,53,77,57,57,63,50,77,80],"gold":344,"neow_bonus":"RANDOM_COMMON_RELIC","is_prod":false,"is_daily":false,"chose_seed":false,"campfire_upgraded":6,"win_rate":0,"timestamp":1532237201,"path_taken":["M","M","?","?","$","E","M","R","T","M","R","E","R","$","R","BOSS","M","M","$","M","?","E","M","R","T","M","E","?","E","$","R","BOSS","M","?","M","?","M","E","M","M","T","R","E","?","M","M","R","BOSS"],"build_version":"2018-07-19v2","purchased_purges":2,"victory":true,"max_hp_per_floor":[70,70,70,70,70,70,70,70,70,70,70,70,70,70,70,70,70,70,70,70,70,80,80,80,80,80,80,80,80,80,80,80,80,80,80,80,80,80,80,80,80,80,80,80,80,80,80,80,80,80],"card_choices":[{"not_picked":["Escape Plan","Infinite Blades"],"picked":"Backstab","floor":1},{"not_picked":["Dagger Spray","Slice"],"picked":"Dash","floor":2},{"not_picked":["Underhanded Strike","Acrobatics"],"picked":"Catalyst","floor":3},{"not_picked":["Blade Dance","All Out Attack"],"picked":"Blur","floor":6},{"not_picked":["Dagger Spray","Skewer"],"picked":"PiercingWail+1","floor":7},{"not_picked":["Blade Dance+1","Acrobatics+1"],"picked":"Catalyst+1","floor":10},{"not_picked":["Outmaneuver+1","Deadly Poison+1"],"picked":"Bouncing Flask+1","floor":12},{"not_picked":["Wraith Form v2","Envenom"],"picked":"Doppelganger+1","floor":16},{"not_picked":["Dash","Cloak And Dagger+1"],"picked":"Dodge and Roll+1","floor":18},{"not_picked":["Quick Slash","Cloak And Dagger+1"],"picked":"Deadly Poison+1","floor":19},{"not_picked":["Accuracy","Sucker Punch"],"picked":"Bouncing Flask+1","floor":21},{"not_picked":["Underhanded Strike","Reflex+1"],"picked":"Deflect+1","floor":23},{"not_picked":["PiercingWail+1","Riddle With Holes+1"],"picked":"Concentrate+1","floor":24},{"not_picked":["Crippling Poison+1","Underhanded Strike"],"picked":"Acrobatics+1","floor":27},{"not_picked":["Concentrate+1","Outmaneuver+1"],"picked":"After Image","floor":28},{"not_picked":["Prepared+1","Backstab+1"],"picked":"Dodge and Roll+1","floor":30},{"not_picked":["Glass Knife","Storm of Steel+1"],"picked":"Venomology+1","floor":33},{"not_picked":["Well Laid Plans+1","Dagger Spray+1"],"picked":"Backflip+1","floor":35},{"not_picked":["Master of Strategy+1","Bandage Up+1"],"picked":"Panacea+1","floor":36},{"not_picked":["Deep Breath+1","Master of Strategy+1"],"picked":"Finesse+1","floor":36},{"not_picked":["Caltrops","Quick Slash"],"picked":"Deadly Poison+1","floor":37},{"not_picked":["Dagger Throw+1","Outmaneuver+1"],"picked":"Leg Sweep+1","floor":38},{"not_picked":["Quick Slash+1","Backstab"],"picked":"Noxious Fumes","floor":39},{"not_picked":["Slice","Dagger Spray+1"],"picked":"Dash+1","floor":40},{"not_picked":["Flying Knee","Eviscerate+1","Quick Slash+1"],"picked":"SKIP","floor":41},{"not_picked":["Escape Plan+1","Flying Knee+1"],"picked":"Outmaneuver+1","floor":42},{"not_picked":["Escape Plan+1","Deadly Poison+1"],"picked":"Deflect+1","floor":45},{"not_picked":["Crippling Poison+1","Cloak And Dagger+1"],"picked":"Bullet Time+1","floor":47},{"not_picked":["Deflect+1","Cloak And Dagger+1"],"picked":"Bouncing Flask+1","floor":48}],"player_experience":418022,"relics_obtained":[{"floor":6,"key":"Toxic Egg 2"},{"floor":9,"key":"Bottled Lightning"},{"floor":12,"key":"Darkstone Periapt"},{"floor":23,"key":"Ginger"},{"floor":26,"key":"Mercury Hourglass"},{"floor":28,"key":"Pantograph"},{"floor":29,"key":"Regal Pillow"},{"floor":30,"key":"Art of War"},{"floor":40,"key":"Anchor"},{"floor":43,"key":"Ancient Tea Set"},{"floor":45,"key":"Dodecahedron"}],"event_choices":[{"event_name":"Liars Game","player_choice":"agreed","floor":4,"damage_taken":0},{"event_name":"Addict","player_choice":"Obtained Relic","floor":22,"damage_taken":0},{"event_name":"SensoryStone","player_choice":"Memory 2","floor":36,"damage_taken":0},{"event_name":"FaceTrader","player_choice":"Leave","floor":46,"damage_taken":0}],"is_beta":false,"boss_relics":[{"not_picked":["Snecko Eye","Tiny House"],"picked":"Eternal Feather"},{"not_picked":["Ring of the Serpent","White Beast Statue"],"picked":"Runic Pyramid"}],"items_purged_floors":[5,31],"is_endless":false,"potions_floor_spawned":[1,2,10,12,18,19,23,28,33,39,42,45,48],"ascension_level":0}