{"path_per_floor":["M","$","M","M","M","E","?","E","T","M","M","?","?","E","R","B",null,"M","M","$","M","M","E","R","M","T","M","M","?","$","?","R","B",null,"M","M","M","M","M"],"character_chosen":"IRONCLAD","items_purchased":["Clash","Iron Wave","Reaper","Whetstone"],"gold_per_floor":[109,34,52,69,86,113,113,142,196,214,228,178,178,212,212,312,312,331,341,172,189,207,235,235,247,547,558,568,568,142,232,232,330,330,341,360,371,391,403,403],"floor_reached":40,"campfire_rested":1,"playtime":7047,"item_purchase_floors":[20,20,30,30],"current_hp_per_floor":[75,75,71,76,80,67,67,54,54,56,64,64,69,61,61,41,85,61,50,50,50,58,37,62,60,60,49,48,76,76,60,60,52,85,63,61,52,28,56,0],"items_purged":["Defend_R","Defend_R","Strike_R"],"gold":403,"score":461,"play_id":"a51a747d-5e43-41a7-8b4f-e163dd54e188","local_time":"20180529171447","is_prod":false,"is_daily":false,"chose_seed":false,"is_ascension_mode":false,"campfire_upgraded":2,"win_rate":0,"timestamp":1527606887,"campfire_choices":[{"data":"Flex","floor":15,"key":"SMITH"},{"floor":24,"key":"REST"},{"data":"Double Tap","floor":32,"key":"SMITH"}],"path_taken":["M","$","M","M","M","E","?","E","T","M","?","?","?","E","R","BOSS","M","M","$","M","M","E","R","M","T","M","M","?","$","?","R","BOSS","M","M","M","M","M","E"],"build_version":"2018-05-24","seed_source_timestamp":1100177795529776,"purchased_purges":3,"victory":false,"master_deck":["Strike_R","Strike_R","Strike_R+1","Strike_R","Bash","Twin Strike","Cleave+1","Clash","Flex+1","Clash","Pummel","Thunderclap","Shockwave","Rampage","Double Tap+1","Sword Boomerang","Evolve+1","Clash","Iron Wave","Cleave","Pommel Strike","Pummel","Blood for Blood","Wild Strike+1","Twin Strike+1","Reaper","Demon Form","Hemokinesis+1","Flex+1","Disarm+1","Dropkick+1"],"max_hp_per_floor":[80,80,80,80,80,80,80,80,80,80,80,80,85,85,85,85,85,85,85,85,85,85,85,85,85,85,85,85,85,85,85,85,85,85,85,85,85,85,85,85],"relics":["Burning Blood","Meat on the Bone","Paper Frog","Blood Vial","Lantern","Runic Dome","Pantograph","Old Coin","Whetstone","Mark of Pain"],"card_choices":[{"not_picked":["Body Slam","Clash"],"picked":"Twin Strike","floor":1},{"not_picked":["Flex","Wild Strike"],"picked":"Cleave","floor":3},{"not_picked":["Armaments","True Grit"],"picked":"Clash","floor":4},{"not_picked":["Power Through","Limit Break"],"picked":"Flex","floor":5},{"not_picked":["Evolve","Body Slam"],"picked":"Clash","floor":6},{"not_picked":["Feel No Pain","Iron Wave"],"picked":"Pummel","floor":8},{"not_picked":["Disarm","Heavy Blade"],"picked":"Thunderclap","floor":10},{"not_picked":["Inflame","Carnage"],"picked":"Shockwave","floor":11},{"not_picked":["Warcry","Heavy Blade"],"picked":"Rampage","floor":14},{"not_picked":["Impervious","Barricade"],"picked":"Double Tap","floor":16},{"not_picked":["Thunderclap","Headbutt"],"picked":"Sword Boomerang","floor":18},{"not_picked":["Combust","Headbutt"],"picked":"Evolve+1","floor":19},{"not_picked":["Shrug It Off+1","Anger"],"picked":"Cleave","floor":21},{"not_picked":["Power Through","Anger"],"picked":"Pommel Strike","floor":22},{"not_picked":["Impervious","Shrug It Off+1"],"picked":"Pummel","floor":23},{"not_picked":["Perfected Strike","Warcry"],"picked":"Blood for Blood","floor":25},{"not_picked":["Sword Boomerang","Flex"],"picked":"Wild Strike+1","floor":27},{"not_picked":["Clothesline","Anger"],"picked":"Twin Strike+1","floor":28},{"not_picked":["Barricade","Limit Break"],"picked":"Demon Form","floor":33},{"not_picked":["Anger","Body Slam+1"],"picked":"Hemokinesis+1","floor":35},{"not_picked":["Headbutt+1","Thunderclap"],"picked":"Flex+1","floor":36},{"not_picked":["Warcry","Anger+1","Evolve"],"picked":"SKIP","floor":37},{"not_picked":["Feel No Pain","Warcry"],"picked":"Disarm+1","floor":38},{"not_picked":["Searing Blow","Sword Boomerang"],"picked":"Dropkick+1","floor":39}],"player_experience":25715,"potions_floor_usage":[19,33,33,33,33,37,40],"damage_taken":[{"damage":11,"enemies":"Jaw Worm","floor":1,"turns":4},{"damage":10,"enemies":"Small Slimes","floor":3,"turns":4},{"damage":1,"enemies":"Cultist","floor":4,"turns":3},{"damage":2,"enemies":"3 Louse","floor":5,"turns":3},{"damage":19,"enemies":"3 Sentries","floor":6,"turns":6},{"damage":31,"enemies":"Lagavulin","floor":8,"turns":4},{"damage":6,"enemies":"Exordium Wildlife","floor":10,"turns":2},{"damage":0,"enemies":"Red Slaver","floor":11,"turns":1},{"damage":16,"enemies":"3 Sentries","floor":14,"turns":3},{"damage":40,"enemies":"The Guardian","floor":16,"turns":5},{"damage":30,"enemies":"2 Thieves","floor":18,"turns":3},{"damage":19,"enemies":"Shell Parasite","floor":19,"turns":3},{"damage":20,"enemies":"Centurion and Healer","floor":21,"turns":3},{"damage":0,"enemies":"Snecko","floor":22,"turns":2},{"damage":41,"enemies":"Book of Stabbing","floor":23,"turns":4},{"damage":10,"enemies":"Sentry and Sphere","floor":25,"turns":3},{"damage":19,"enemies":"Centurion and Healer","floor":27,"turns":3},{"damage":21,"enemies":"Snake Plant","floor":28,"turns":3},{"damage":65,"enemies":"Collector","floor":33,"turns":7},{"damage":28,"enemies":"3 Darklings","floor":35,"turns":3},{"damage":10,"enemies":"Orb Walker","floor":36,"turns":2},{"damage":50,"enemies":"Maw","floor":37,"turns":5},{"damage":50,"enemies":"Sphere and 2 Shapes","floor":38,"turns":4},{"damage":13,"enemies":"3 Darklings","floor":39,"turns":2},{"damage":96,"enemies":"Giant Head","floor":40,"turns":7}],"relics_obtained":[{"floor":6,"key":"Meat on the Bone"},{"floor":8,"key":"Paper Frog"},{"floor":9,"key":"Blood Vial"},{"floor":14,"key":"Lantern"},{"floor":23,"key":"Pantograph"},{"floor":26,"key":"Old Coin"}],"event_choices":[{"event_name":"Living Wall","player_choice":"Forget","floor":7,"damage_taken":0},{"event_name":"The Cleric","player_choice":"Card Removal","floor":12,"damage_taken":0},{"event_name":"Big Fish","player_choice":"Donut","floor":13,"damage_taken":0},{"event_name":"The Library","player_choice":"Heal","floor":29,"damage_taken":0},{"event_name":"Knowing Skull","player_choice":"GOLD ","floor":31,"damage_taken":0}],"boss_relics":[{"not_picked":["Calling Bell","Tiny House"],"picked":"Runic Dome"},{"not_picked":["White Beast Statue","Orrery"],"picked":"Mark of Pain"}],"items_purged_floors":[2,20,30],"potions_floor_spawned":[5,10,14,16,18,22,23,28,37],"seed_played":"6753395999745904660","killed_by":"Giant Head","ascension_level":0,"potions_obtained":[{"floor":5,"key":"EntropicBrew"},{"floor":10,"key":"Poison Potion"},{"floor":14,"key":"SpeedPotion"},{"floor":16,"key":"EssenceOfSteel"},{"floor":22,"key":"Fire Potion"},{"floor":37,"key":"Dexterity Potion"}],"is_trial":false}