{"gold_per_floor":[114,114,134,146,34,34,54,54,135,310,321,321,339,339,339,441,441,457,457],"floor_reached":19,"playtime":861,"items_purged":["Strike_G"],"score":183,"play_id":"e6faf05a-ed38-4627-b379-8f38e0e02fc9","local_time":"20180916013652","is_ascension_mode":true,"campfire_choices":[{"data":"Bouncing Flask","floor":6,"key":"SMITH"},{"floor":8,"key":"REST"},{"floor":12,"key":"REST"},{"data":"Footwork","floor":15,"key":"SMITH"}],"neow_cost":"TEN_PERCENT_HP_LOSS","seed_source_timestamp":9406959861694,"circlet_count":0,"master_deck":["Survivor","Neutralize","Doppelganger","Riddle With Holes","Blur","Bouncing Flask+1","Poisoned Stab","Footwork+1","Caltrops","Doubt","Bane","Accuracy","Adrenaline","Backflip","Slice","Slice","Noxious Fumes","Underhanded Strike","Cloak And Dagger","Flying Knee","Acrobatics"],"relics":["Ring of the Snake","Mercury Hourglass","Pandora\u0027s Box"],"potions_floor_usage":[7,16],"damage_taken":[{"damage":1,"enemies":"Jaw Worm","floor":1,"turns":4},{"damage":0,"enemies":"2 Louse","floor":3,"turns":3},{"damage":2,"enemies":"Small Slimes","floor":4,"turns":4},{"damage":37,"enemies":"Gremlin Gang","floor":7,"turns":4},{"damage":0,"enemies":"2 Fungi Beasts","floor":11,"turns":4},{"damage":2,"enemies":"Looter","floor":13,"turns":3},{"damage":38,"enemies":"Hexaghost","floor":16,"turns":8},{"damage":37,"enemies":"2 Thieves","floor":18,"turns":4},{"damage":40,"enemies":"Masked Bandits","floor":19,"turns":3}],"seed_played":"-9000178757684616857","potions_obtained":[{"floor":1,"key":"LiquidBronze"},{"floor":11,"key":"LiquidBronze"},{"floor":16,"key":"FearPotion"}],"is_trial":false,"path_per_floor":["M","?","M","M","$","R","M","R","T","?","M","R","M","?","R","B",null,"M"],"character_chosen":"THE_SILENT","items_purchased":["Footwork"],"campfire_rested":2,"item_purchase_floors":[5],"current_hp_per_floor":[62,62,62,60,60,60,23,41,41,41,41,59,57,57,57,19,63,26,0],"gold":457,"neow_bonus":"THREE_RARE_CARDS","is_prod":false,"is_daily":false,"chose_seed":false,"campfire_upgraded":2,"win_rate":0,"timestamp":1537076212,"path_taken":["M","?","M","M","$","R","M","R","T","?","M","R","M","?","R","BOSS","M","?"],"build_version":"2018-09-06","purchased_purges":1,"victory":false,"max_hp_per_floor":[63,63,63,63,63,63,63,63,63,63,63,63,63,63,63,63,63,63,63],"card_choices":[{"not_picked":["Wraith Form v2","Venomology"],"picked":"Doppelganger","floor":0},{"not_picked":["Slice","Flying Knee"],"picked":"Riddle With Holes","floor":1},{"not_picked":["Slice","Blade Dance"],"picked":"Bouncing Flask","floor":3},{"not_picked":["Sucker Punch","Tools of the Trade"],"picked":"Poisoned Stab","floor":4},{"not_picked":["Sucker Punch","Endless Agony"],"picked":"Caltrops","floor":7},{"not_picked":["Skewer","Sucker Punch","Flying Knee"],"picked":"SKIP","floor":11},{"not_picked":["Prepared","Cloak And Dagger"],"picked":"Bane","floor":13},{"not_picked":["Unload","Storm of Steel"],"picked":"Adrenaline","floor":16},{"not_picked":["Flechettes","PiercingWail"],"picked":"Acrobatics","floor":18}],"player_experience":845970,"relics_obtained":[{"floor":9,"key":"Mercury Hourglass"}],"event_choices":[{"event_name":"Living Wall","player_choice":"Change","floor":2,"damage_taken":0},{"event_name":"Liars Game","player_choice":"agreed","floor":10,"damage_taken":0},{"event_name":"Transmorgrifier","player_choice":"Transform","floor":14,"damage_taken":0},{"event_name":"Masked Bandits","player_choice":"Fought Bandits","floor":19,"damage_taken":0}],"is_beta":false,"boss_relics":[{"not_picked":["Orrery","Snecko Eye"],"picked":"Pandora\u0027s Box"}],"items_purged_floors":[5],"is_endless":false,"potions_floor_spawned":[1,11,16],"killed_by":"Masked Bandits","ascension_level":3}