{"gold_per_floor":[209,223,223,235,26,26,38,38,118,118,22,52,227,247,247,318,318,330,248,248,266,285,285,285,285,285,285,210,237,267,31,31,31],"floor_reached":33,"playtime":1928,"items_purged":[],"score":427,"play_id":"31690247-c9ac-4824-9f9c-9438ef9d4a17","local_time":"20190419221801","is_ascension_mode":true,"campfire_choices":[{"data":"The Bomb","floor":6.0,"key":"SMITH"},{"floor":8.0,"key":"REST"},{"data":"Defragment","floor":10.0,"key":"SMITH"},{"data":"Glacier","floor":15,"key":"SMITH"},{"floor":23,"key":"REST"},{"floor":25,"key":"REST"},{"floor":32,"key":"REST"}],"neow_cost":"NONE","seed_source_timestamp":0,"circlet_count":0,"master_deck":["AscendersBane","Strike_B","Strike_B","Strike_B","Strike_B","Defend_B","Defend_B","Defend_B","Defend_B","Zap","Dualcast","Conserve Battery","Sweeping Beam","Rip and Tear","The Bomb+1","Defragment+1","Chill","Bandage Up","Glacier+1","Biased Cognition","Defragment","Blizzard","Impatience","Glacier","Coolheaded","Fusion","The Bomb","Redo","Conserve Battery"],"special_seed":0,"relics":["FrozenCore","Ornamental Fan","Pear","Juzu Bracelet","Dream Catcher"],"potions_floor_usage":[16,16,33],"damage_taken":[{"damage":6.0,"enemies":"Small Slimes","floor":1.0,"turns":3.0},{"damage":0.0,"enemies":"Jaw Worm","floor":2.0,"turns":3.0},{"damage":6.0,"enemies":"2 Louse","floor":4.0,"turns":2.0},{"damage":42.0,"enemies":"Exordium Thugs","floor":7.0,"turns":5.0},{"damage":1.0,"enemies":"3 Louse","floor":14.0,"turns":3.0},{"damage":17,"enemies":"Hexaghost","floor":16,"turns":10},{"damage":8,"enemies":"Shell Parasite","floor":18,"turns":9},{"damage":6,"enemies":"Spheric Guardian","floor":21,"turns":5},{"damage":31,"enemies":"Snecko","floor":22,"turns":8},{"damage":36,"enemies":"Slavers","floor":30,"turns":7},{"damage":56,"enemies":"Champ","floor":33,"turns":19}],"seed_played":"3167862636957085127","potions_obtained":[{"floor":2.0,"key":"Poison Potion"},{"floor":4.0,"key":"EssenceOfSteel"},{"floor":18,"key":"GamblersBrew"}],"is_trial":false,"path_per_floor":["M","M","$","M","$","R","M","R","T","R","$","?","?","M","R","B",null,"M","$","?","M","M","R","?","R","T","?","?","T","E","$","R","B"],"character_chosen":"DEFECT","items_purchased":["The Bomb","Defragment","Bandage Up","Blizzard","The Bomb","Redo"],"campfire_rested":4,"item_purchase_floors":[5,5,11,19,31,31],"current_hp_per_floor":[58,58,58,52,52,52,10,31,31,31,31,31,31,34,34,21,59,55,55,41,39,12,33,20,42,52,52,52,52,20,20,45,0],"gold":31,"neow_bonus":"HUNDRED_GOLD","is_prod":false,"is_daily":false,"chose_seed":false,"campfire_upgraded":3,"win_rate":0,"timestamp":1555726681,"path_taken":["M","M","$","M","$","R","M","R","T","R","$","?","?","M","R","BOSS","M","$","?","?","M","R","?","R","T","?","?","?","E","$","R","BOSS"],"build_version":"2019-01-23","purchased_purges":0,"victory":false,"max_hp_per_floor":[71,71,71,71,71,71,71,71,71,71,71,71,71,71,71,71,71,71,71,71,71,71,71,76,76,86,86,86,86,86,86,86,86],"card_choices":[{"not_picked":["Rebound","Compile Driver"],"picked":"Conserve Battery","floor":1.0},{"not_picked":["Ball Lightning","Hologram"],"picked":"Sweeping Beam","floor":2.0},{"not_picked":["Chaos","Redo"],"picked":"Rip and Tear","floor":4.0},{"not_picked":["Leap","Doom and Gloom"],"picked":"Chill","floor":7.0},{"not_picked":["Coolheaded","Blizzard"],"picked":"Glacier","floor":14.0},{"not_picked":["All For One","Seek"],"picked":"Biased Cognition","floor":16},{"not_picked":["Darkness","Sunder"],"picked":"Defragment","floor":18},{"not_picked":["Doom and Gloom","Storm"],"picked":"Glacier","floor":21},{"not_picked":["Sweeping Beam","Skim"],"picked":"Coolheaded","floor":22},{"not_picked":["Heatsinks","Turbo"],"picked":"Fusion","floor":30},{"not_picked":["Streamline","Beam Cell+1"],"picked":"Conserve Battery","floor":32}],"player_experience":2784060,"relics_obtained":[{"floor":9.0,"key":"Ornamental Fan"},{"floor":26,"key":"Pear"},{"floor":29,"key":"Juzu Bracelet"},{"floor":30,"key":"Dream Catcher"}],"event_choices":[{"damage_healed":0.0,"max_hp_gain":0.0,"max_hp_loss":0.0,"gold_gain":30.0,"event_name":"Dead Adventurer","player_choice":"Searched \u00271\u0027 times","floor":12.0,"gold_loss":0.0,"damage_taken":0.0},{"damage_healed":0.0,"max_hp_gain":0.0,"max_hp_loss":0.0,"gold_gain":175.0,"event_name":"Liars Game","player_choice":"AGREE","floor":13.0,"gold_loss":0.0,"damage_taken":0.0,"cards_obtained":["Doubt"]},{"damage_healed":0,"gold_gain":0,"player_choice":"CARD ","damage_taken":14,"max_hp_gain":0,"max_hp_loss":0,"event_name":"Knowing Skull","floor":20,"potions_obtained":[],"gold_loss":0,"cards_obtained":["Impatience"]},{"damage_healed":0,"gold_gain":0,"player_choice":"Shed Blood","damage_taken":18,"max_hp_gain":5,"max_hp_loss":0,"event_name":"Forgotten Altar","floor":24,"gold_loss":0},{"damage_healed":0,"gold_gain":0,"player_choice":"Ignored","damage_taken":0,"max_hp_gain":0,"max_hp_loss":0,"event_name":"Ghosts","floor":27,"gold_loss":0},{"cards_removed":["Doubt"],"damage_healed":0,"gold_gain":0,"player_choice":"Gave Gold","damage_taken":0,"max_hp_gain":0,"max_hp_loss":0,"event_name":"Beggar","floor":28,"gold_loss":75}],"is_beta":false,"boss_relics":[{"not_picked":["Black Star","Sozu"],"picked":"FrozenCore"}],"items_purged_floors":[],"is_endless":false,"potions_floor_spawned":[2,4,18],"killed_by":"Champ","ascension_level":14}