{"gold_per_floor":[114,189,189,206,131,131,164,179,179,210,210,174,21,39,39,142,142,156,156,156,175,175,175,100,100,127,127,53,53,72,92,92,92],"floor_reached":33,"playtime":1480,"items_purged":["Regret"],"score":331,"play_id":"ff5a6dd5-6014-4f00-b156-a1e31e5e9842","local_time":"20180923014423","is_ascension_mode":true,"campfire_choices":[{"data":"Rage","floor":6,"key":"SMITH"},{"floor":15,"key":"REST"},{"data":"Rampage","floor":23,"key":"SMITH"},{"data":"Bash","floor":25,"key":"SMITH"},{"data":"Wild Strike","floor":27,"key":"SMITH"},{"data":"Reckless Charge","floor":32,"key":"SMITH"}],"neow_cost":"","seed_source_timestamp":146652485853538,"circlet_count":0,"master_deck":["Strike_R","Strike_R","Defend_R","Defend_R+1","Defend_R","Defend_R","Bash+1","Wild Strike+1","Rage+1","Rampage+1","Flex+1","Reckless Charge+1","Intimidate+1","Impervious+1","Warcry+1","Infernal Blade+1","Second Wind+1","Infernal Blade+1","Headbutt+1"],"relics":["Burning Blood","Mercury Hourglass","Pocketwatch","Toxic Egg 2","War Paint","Vajra","Sozu","MutagenicStrength","Lantern","Oddly Smooth Stone"],"potions_floor_usage":[10,16],"damage_taken":[{"damage":0,"enemies":"Small Slimes","floor":1,"turns":3},{"damage":0,"enemies":"2 Louse","floor":4,"turns":2},{"damage":57,"enemies":"Lagavulin","floor":7,"turns":8},{"damage":2,"enemies":"Jaw Worm","floor":8,"turns":3},{"damage":0,"enemies":"Gremlin Nob","floor":10,"turns":3},{"damage":6,"enemies":"Looter","floor":14,"turns":2},{"damage":18,"enemies":"Hexaghost","floor":16,"turns":7},{"damage":9,"enemies":"2 Thieves","floor":18,"turns":4},{"damage":16,"enemies":"Spheric Guardian","floor":21,"turns":4},{"damage":4,"enemies":"Snecko","floor":30,"turns":5},{"damage":7,"enemies":"Shelled Parasite and Fungi","floor":31,"turns":5},{"damage":77,"enemies":"Automaton","floor":33,"turns":10}],"seed_played":"5609689316552282506","potions_obtained":[{"floor":4,"key":"Strength Potion"},{"floor":10,"key":"Strength Potion"}],"is_trial":false,"path_per_floor":["M","?","?","M","$","R","E","M","T","E","?","$","$","M","R","B",null,"M","?","?","M","?","R","?","R","T","R","$","$","M","M","R"],"character_chosen":"IRONCLAD","items_purchased":["Reckless Charge","Vajra","Second Wind+1"],"campfire_rested":1,"item_purchase_floors":[12,13,28],"current_hp_per_floor":[80,69,69,75,75,75,24,28,28,34,27,27,27,27,51,39,80,77,77,77,67,67,67,67,67,67,67,67,67,69,73,73,0],"gold":92,"neow_bonus":"","is_prod":false,"is_daily":false,"chose_seed":false,"campfire_upgraded":5,"win_rate":0,"timestamp":1537681463,"path_taken":["M","?","?","M","$","R","E","M","T","E","?","?","$","M","R","BOSS","M","?","?","?","?","R","?","R","T","R","?","$","?","M","R","BOSS"],"build_version":"2018-09-20","purchased_purges":1,"victory":false,"max_hp_per_floor":[80,80,80,80,80,80,80,80,80,80,80,80,80,80,80,80,80,80,80,80,80,80,80,80,80,80,80,80,80,80,80,80,80],"card_choices":[{"not_picked":["Pommel Strike","Searing Blow"],"picked":"Wild Strike","floor":1},{"not_picked":["Burning Pact","Shrug It Off"],"picked":"Rage","floor":4},{"not_picked":["Bloodletting","Exhume"],"picked":"Rampage","floor":7},{"not_picked":["Wild Strike","Pummel"],"picked":"Flex","floor":8},{"not_picked":["Sword Boomerang","Exhume+1","Corruption"],"picked":"SKIP","floor":10},{"not_picked":["Iron Wave","Dropkick"],"picked":"Intimidate+1","floor":14},{"not_picked":["Brutality","Berserk"],"picked":"Impervious+1","floor":16},{"not_picked":["Searing Blow","Hemokinesis"],"picked":"Warcry+1","floor":18},{"not_picked":["Fire Breathing","Clothesline"],"picked":"Infernal Blade+1","floor":21},{"not_picked":["Havoc+1","Twin Strike"],"picked":"Infernal Blade+1","floor":30},{"not_picked":["Combust","Iron Wave"],"picked":"Headbutt+1","floor":31}],"player_experience":887705,"relics_obtained":[{"floor":7,"key":"Pocketwatch"},{"floor":9,"key":"Toxic Egg 2"},{"floor":10,"key":"War Paint"},{"floor":26,"key":"Oddly Smooth Stone"}],"event_choices":[{"event_name":"World of Goop","player_choice":"Gather Gold","floor":2,"damage_taken":0},{"event_name":"Big Fish","player_choice":"Box","floor":3,"damage_taken":0},{"event_name":"Golden Wing","player_choice":"Card Removal","floor":11,"damage_taken":0},{"event_name":"Drug Dealer","player_choice":"Inject Mutagens","floor":19,"damage_taken":0},{"event_name":"The Mausoleum","player_choice":"Yes","floor":20,"damage_taken":0},{"event_name":"Purifier","player_choice":"One Purge","floor":22,"damage_taken":0},{"event_name":"Beggar","player_choice":"Gave Gold","floor":24,"damage_taken":0}],"is_beta":false,"boss_relics":[{"not_picked":["Snecko Eye","Fusion Hammer"],"picked":"Sozu"}],"items_purged_floors":[5],"is_endless":false,"potions_floor_spawned":[4,10,21,30],"killed_by":"Automaton","ascension_level":4}