{"gold_per_floor":[113,113,113,127,127,157,175,175,175,185,185,204,239,256,256,356,356,367,347,2,18,18,18,18],"floor_reached":24,"playtime":1701,"items_purged":[],"score":206,"play_id":"672171f1-ef3b-46d5-a328-cc7b3eec34ee","local_time":"20180722000426","is_ascension_mode":false,"campfire_choices":[{"floor":8,"key":"REST"},{"data":"Dodge and Roll","floor":11,"key":"SMITH"},{"floor":15,"key":"REST"},{"floor":23,"key":"REST"}],"neow_cost":"NONE","seed_source_timestamp":145255043723897,"circlet_count":0,"master_deck":["Defend_G","Defend_G","Defend_G","Defend_G","Defend_G","Strike_G","Strike_G+1","Strike_G","Strike_G","Strike_G+1","Survivor","Neutralize","Catalyst+1","Acrobatics","Dodge and Roll","Dodge and Roll+1","Deadly Poison","Deflect","After Image","Night Terror","Catalyst+1","Catalyst","Decay"],"relics":["Ring of the Snake","Regal Pillow","Mummified Hand","Ornamental Fan","Blue Candle","Bottled Lightning","Black Star","DollysMirror"],"potions_floor_usage":[6,10,16,16,24],"damage_taken":[{"damage":3,"enemies":"Jaw Worm","floor":1,"turns":5},{"damage":0,"enemies":"Cultist","floor":4,"turns":3},{"damage":15,"enemies":"3 Sentries","floor":6,"turns":9},{"damage":4,"enemies":"2 Louse","floor":7,"turns":3},{"damage":10,"enemies":"Exordium Wildlife","floor":10,"turns":7},{"damage":2,"enemies":"2 Fungi Beasts","floor":12,"turns":6},{"damage":41,"enemies":"Gremlin Nob","floor":13,"turns":6},{"damage":2,"enemies":"Blue Slaver","floor":14,"turns":4},{"damage":16,"enemies":"Hexaghost","floor":16,"turns":15},{"damage":45,"enemies":"3 Byrds","floor":18,"turns":13},{"damage":11,"enemies":"2 Thieves","floor":21,"turns":4},{"damage":60,"enemies":"Book of Stabbing","floor":24,"turns":8}],"seed_played":"-7133172792297144641","potions_obtained":[{"floor":1,"key":"Explosive Potion"},{"floor":6,"key":"Ancient Potion"},{"floor":10,"key":"Dexterity Potion"},{"floor":13,"key":"AttackPotion"},{"floor":19,"key":"Energy Potion"},{"floor":21,"key":"AttackPotion"}],"is_trial":false,"path_per_floor":["M","?","?","M","T","E","M","R","T","M","R","M","E","M","R","B",null,"M","?","$","M","?","R"],"character_chosen":"THE_SILENT","items_purchased":["Night Terror","DollysMirror"],"campfire_rested":3,"item_purchase_floors":[20,20],"current_hp_per_floor":[67,67,53,53,53,38,34,70,70,60,60,58,17,15,51,35,70,25,25,25,14,14,50,0],"gold":18,"neow_bonus":"RANDOM_COMMON_RELIC","is_prod":false,"is_daily":false,"chose_seed":false,"campfire_upgraded":1,"win_rate":0,"timestamp":1532232266,"path_taken":["M","?","?","M","?","E","M","R","T","M","R","M","E","M","R","BOSS","M","?","$","M","?","R","E"],"build_version":"2018-07-19v2","purchased_purges":0,"victory":false,"max_hp_per_floor":[70,70,70,70,70,70,70,70,70,70,70,70,70,70,70,70,70,70,70,70,70,70,70,70],"card_choices":[{"not_picked":["Flechettes","Deflect"],"picked":"Catalyst","floor":1},{"not_picked":["Flying Knee","Dash"],"picked":"Acrobatics","floor":4},{"not_picked":["Heel Hook","Quick Slash"],"picked":"Dodge and Roll","floor":6},{"not_picked":["Bane","Flechettes","Calculated Gamble"],"picked":"SKIP","floor":7},{"not_picked":["Backflip","Tactician"],"picked":"Dodge and Roll","floor":10},{"not_picked":["Predator","Slice","Crippling Poison"],"picked":"SKIP","floor":12},{"not_picked":["Concentrate","Leg Sweep"],"picked":"Deadly Poison","floor":13},{"not_picked":["PiercingWail","Prepared"],"picked":"Deflect","floor":14},{"not_picked":["Unload","Doppelganger"],"picked":"After Image","floor":16},{"not_picked":["Bane","Riddle With Holes+1","Dagger Throw"],"picked":"SKIP","floor":18},{"not_picked":["Eviscerate+1","Tactician+1"],"picked":"Catalyst","floor":21}],"player_experience":416321,"relics_obtained":[{"floor":5,"key":"Mummified Hand"},{"floor":6,"key":"Ornamental Fan"},{"floor":9,"key":"Blue Candle"},{"floor":13,"key":"Bottled Lightning"}],"event_choices":[{"event_name":"Upgrade Shrine","player_choice":"Upgraded","floor":2,"damage_taken":0},{"event_name":"Shining Light","player_choice":"Entered Light","floor":3,"damage_taken":0},{"event_name":"The Woman in Blue","player_choice":"Bought 1 Potion","floor":19,"damage_taken":0},{"event_name":"Forgotten Altar","player_choice":"Smashed Altar","floor":22,"damage_taken":0}],"is_beta":false,"boss_relics":[{"not_picked":["Coffee Dripper","Tiny House"],"picked":"Black Star"}],"items_purged_floors":[],"is_endless":false,"potions_floor_spawned":[1,6,10,13,21],"killed_by":"Book of Stabbing","ascension_level":0}