{"gold_per_floor":[119,47,63,63,83,83,102,102,126,151,151,171,181,356,356,456,456,476,401,412,425,439,439,457,457,457,457],"floor_reached":27,"playtime":2061,"items_purged":[],"score":271,"play_id":"19f17429-feca-40df-9f2f-27087c6f6750","local_time":"20190220163553","is_ascension_mode":true,"campfire_choices":[{"data":"Cloak And Dagger","floor":6.0,"key":"SMITH"},{"data":"Infinite Blades","floor":8.0,"key":"SMITH"},{"floor":15.0,"key":"REST"},{"floor":23.0,"key":"REST"},{"floor":25.0,"key":"REST"}],"neow_cost":"PERCENT_DAMAGE","seed_source_timestamp":0,"circlet_count":0,"master_deck":["Defend_G","Defend_G","Defend_G","Defend_G","Strike_G","Strike_G","Survivor","Neutralize","Deep Breath","Discovery","Accuracy","Accuracy","Finisher","Cloak And Dagger+1","Infinite Blades+1","Blade Dance","Deflect","Acrobatics","Phantasmal Killer","Noxious Fumes+1","Bouncing Flask+1","Poisoned Stab+1","Well Laid Plans","Backflip","Caltrops+1","Footwork","Accuracy"],"special_seed":0,"relics":["Ring of the Snake","Oddly Smooth Stone","Juzu Bracelet","Astrolabe","Ninja Scroll"],"potions_floor_usage":[27],"damage_taken":[{"damage":4.0,"enemies":"Jaw Worm","floor":1.0,"turns":4.0},{"damage":0.0,"enemies":"Cultist","floor":3.0,"turns":3.0},{"damage":0.0,"enemies":"2 Louse","floor":5.0,"turns":4.0},{"damage":3.0,"enemies":"Gremlin Gang","floor":7.0,"turns":5.0},{"damage":21.0,"enemies":"Lagavulin","floor":10.0,"turns":6.0},{"damage":6.0,"enemies":"Exordium Wildlife","floor":12.0,"turns":3.0},{"damage":4.0,"enemies":"2 Fungi Beasts","floor":13.0,"turns":4.0},{"damage":11.0,"enemies":"The Guardian","floor":16.0,"turns":11.0},{"damage":22.0,"enemies":"Shell Parasite","floor":18.0,"turns":7.0},{"damage":20.0,"enemies":"3 Byrds","floor":20.0,"turns":6.0},{"damage":19.0,"enemies":"Snake Plant","floor":21.0,"turns":5.0},{"damage":3.0,"enemies":"Centurion and Healer","floor":22.0,"turns":7.0},{"damage":15.0,"enemies":"Cultist and Chosen","floor":24.0,"turns":4.0},{"damage":39,"enemies":"Book of Stabbing","floor":27,"turns":5}],"seed_played":"-2098677610487235940","potions_obtained":[{"floor":1.0,"key":"SkillPotion"},{"floor":7.0,"key":"AttackPotion"},{"floor":10.0,"key":"FairyPotion"},{"floor":13.0,"key":"FairyPotion"},{"floor":18.0,"key":"Swift Potion"},{"floor":20.0,"key":"Block Potion"},{"floor":22.0,"key":"Poison Potion"}],"is_trial":false,"path_per_floor":["M","$","M","?","M","R","M","R","T","E","?","M","M","?","R","B",null,"M","?","M","M","M","R","M","R","T","E"],"character_chosen":"THE_SILENT","items_purchased":["Accuracy"],"campfire_rested":3,"item_purchase_floors":[2],"current_hp_per_floor":[45,45,45,45,45,45,42,42,42,21,21,15,11,11,32,21,58,36,36,16,7,4,25,10,31,31,0],"gold":457,"neow_bonus":"RANDOM_COLORLESS_2","is_prod":false,"is_daily":false,"chose_seed":false,"campfire_upgraded":2,"win_rate":0,"timestamp":1550698553,"path_taken":["M","$","M","?","?","R","M","R","T","E","?","M","M","?","R","BOSS","M","?","M","M","M","R","M","R","T","E"],"build_version":"2019-01-23","purchased_purges":0,"victory":false,"max_hp_per_floor":[70,70,70,70,70,70,70,70,70,70,70,70,70,70,70,70,70,70,70,70,70,70,70,70,70,70,70],"card_choices":[{"not_picked":["Prepared","Slice"],"picked":"Accuracy","floor":1.0},{"not_picked":["Masterful Stab","Prepared"],"picked":"Finisher","floor":3.0},{"not_picked":["Prepared","Underhanded Strike"],"picked":"Cloak And Dagger","floor":5.0},{"not_picked":["Flying Knee","After Image"],"picked":"Infinite Blades","floor":7.0},{"not_picked":["Sucker Punch","Endless Agony"],"picked":"Blade Dance","floor":10.0},{"not_picked":["Reflex","Dash"],"picked":"Deflect","floor":12.0},{"not_picked":["Backstab","Deadly Poison"],"picked":"Acrobatics","floor":13.0},{"not_picked":["A Thousand Cuts","Glass Knife"],"picked":"Phantasmal Killer","floor":16.0},{"not_picked":["Underhanded Strike","PiercingWail"],"picked":"Well Laid Plans","floor":18.0},{"not_picked":["Slice","Deflect"],"picked":"Backflip","floor":20.0},{"not_picked":["Blade Dance","Deadly Poison"],"picked":"Caltrops+1","floor":21.0},{"not_picked":["Tools of the Trade","Deadly Poison+1"],"picked":"Footwork","floor":22.0},{"not_picked":["Noxious Fumes","Poisoned Stab"],"picked":"Accuracy","floor":24.0}],"player_experience":2185547,"relics_obtained":[{"floor":9.0,"key":"Oddly Smooth Stone"},{"floor":10.0,"key":"Juzu Bracelet"},{"floor":26.0,"key":"Ninja Scroll"}],"event_choices":[{"damage_healed":0.0,"max_hp_gain":0.0,"max_hp_loss":0.0,"gold_gain":0.0,"event_name":"The Woman in Blue","player_choice":"Bought 0 Potions","floor":4.0,"gold_loss":0.0,"damage_taken":0.0},{"cards_removed":["Strike_G"],"damage_healed":0.0,"max_hp_gain":0.0,"max_hp_loss":0.0,"gold_gain":0.0,"event_name":"Bonfire Elementals","player_choice":"Offered Basic","floor":11.0,"gold_loss":0.0,"damage_taken":0.0},{"damage_healed":0.0,"max_hp_gain":0.0,"max_hp_loss":0.0,"gold_gain":175.0,"event_name":"Liars Game","player_choice":"AGREE","floor":14.0,"gold_loss":0.0,"damage_taken":0.0,"cards_obtained":["Doubt"]},{"cards_removed":["Doubt"],"damage_healed":0.0,"max_hp_gain":0.0,"max_hp_loss":0.0,"gold_gain":0.0,"event_name":"Beggar","player_choice":"Gave Gold","floor":19.0,"gold_loss":75.0,"damage_taken":0.0}],"is_beta":false,"boss_relics":[{"not_picked":["Busted Crown","Fusion Hammer"],"picked":"Astrolabe"}],"items_purged_floors":[],"is_endless":false,"potions_floor_spawned":[1,7,10,13,18,20,22],"killed_by":"Book of Stabbing","ascension_level":5}