{"gold_per_floor":[113,113,113,123,223,223,257,270,270,335,52,68,88,122,122,218,218,236,251,251],"floor_reached":20,"playtime":2443,"items_purged":[],"score":229,"play_id":"bca6179b-6d21-49e3-8f17-dd846a8a503c","local_time":"20181226130233","is_ascension_mode":true,"campfire_choices":[{"data":"Neutralize","floor":6,"key":"SMITH"},{"floor":15,"key":"REST"}],"neow_cost":"NONE","seed_source_timestamp":10800989458852,"circlet_count":0,"master_deck":["Defend_G","Defend_G","Defend_G","Defend_G+1","Defend_G","Strike_G","Strike_G","Strike_G","Strike_G","Strike_G+1","Survivor","Neutralize+1","Deflect","Backflip","Terror","Backflip","Slice","Dash","Backstab","Slice","A Thousand Cuts","Shame","Pain","Decay","Slice"],"relics":["Ring of the Snake","Oddly Smooth Stone","Letter Opener","Tiny Chest","Medical Kit","Darkstone Periapt","Calling Bell","Bronze Scales","Matryoshka","Ginger"],"potions_floor_usage":[7,7,10,10,16,20,20],"damage_taken":[{"damage":0,"enemies":"2 Louse","floor":1,"turns":5},{"damage":0,"enemies":"Jaw Worm","floor":4,"turns":5},{"damage":20,"enemies":"Gremlin Nob","floor":7,"turns":5},{"damage":0,"enemies":"Cultist","floor":8,"turns":4},{"damage":4,"enemies":"3 Sentries","floor":10,"turns":7},{"damage":0,"enemies":"Blue Slaver","floor":12,"turns":3},{"damage":3,"enemies":"Exordium Thugs","floor":13,"turns":5},{"damage":5,"enemies":"Lagavulin","floor":14,"turns":7},{"damage":1,"enemies":"The Guardian","floor":16,"turns":11},{"damage":12,"enemies":"Shell Parasite","floor":18,"turns":7},{"damage":14,"enemies":"Chosen","floor":19,"turns":5},{"damage":32,"enemies":"Colosseum Slavers","floor":20,"turns":5},{"damage":36,"enemies":"Colosseum Nobs","floor":20,"turns":7}],"seed_played":"1555971211230369531","potions_obtained":[{"floor":3,"key":"AttackPotion"},{"floor":3,"key":"Strength Potion"},{"floor":3,"key":"PowerPotion"},{"floor":7,"key":"Explosive Potion"},{"floor":8,"key":"SkillPotion"},{"floor":14,"key":"Fire Potion"},{"floor":18,"key":"Dexterity Potion"}],"is_trial":false,"path_per_floor":["M","?","?","M","?","R","E","M","T","E","$","M","M","E","R","B",null,"M","M","?"],"character_chosen":"THE_SILENT","items_purchased":["Medical Kit","Dash"],"campfire_rested":1,"item_purchase_floors":[11,11],"current_hp_per_floor":[70,56,56,56,56,56,36,36,36,32,32,32,29,24,45,44,88,76,62,0],"gold":251,"neow_bonus":"RANDOM_COMMON_RELIC","is_prod":false,"is_daily":false,"chose_seed":false,"campfire_upgraded":1,"win_rate":0,"timestamp":1545850953,"path_taken":["M","?","?","?","?","R","E","M","T","E","?","M","?","E","R","BOSS","M","?","?"],"build_version":"2018-12-20","purchased_purges":0,"victory":false,"max_hp_per_floor":[70,70,70,70,70,70,70,70,70,70,70,70,70,70,70,70,88,88,88,88],"card_choices":[{"not_picked":["Acrobatics","Prepared"],"picked":"Deflect","floor":1},{"not_picked":["Quick Slash","Deflect"],"picked":"Backflip","floor":4},{"not_picked":["Dodge and Roll","Outmaneuver"],"picked":"Terror","floor":7},{"not_picked":["Distraction","Bane"],"picked":"Backflip","floor":8},{"not_picked":["Sucker Punch","Outmaneuver"],"picked":"Slice","floor":10},{"not_picked":["Concentrate","Skewer","Outmaneuver"],"picked":"SKIP","floor":12},{"not_picked":["Deflect","Prepared"],"picked":"Backstab","floor":13},{"not_picked":["Terror","Acrobatics"],"picked":"Slice","floor":14},{"not_picked":["Phantasmal Killer","Unload"],"picked":"A Thousand Cuts","floor":16},{"not_picked":["Choke","Accuracy+1","Riddle With Holes"],"picked":"SKIP","floor":18},{"not_picked":["Eviscerate","Prepared+1"],"picked":"Slice","floor":19}],"player_experience":310404,"relics_obtained":[{"floor":7,"key":"Letter Opener"},{"floor":10,"key":"Tiny Chest"},{"floor":14,"key":"Darkstone Periapt"},{"floor":17,"key":"Bronze Scales"},{"floor":17,"key":"Matryoshka"},{"floor":17,"key":"Ginger"}],"event_choices":[{"damage_healed":0,"gold_gain":0,"player_choice":"Entered Light","damage_taken":14,"max_hp_gain":0,"max_hp_loss":0,"event_name":"Shining Light","floor":2,"gold_loss":0,"cards_upgraded":["Defend_G","Strike_G"]},{"damage_healed":0,"gold_gain":0,"player_choice":"Got Potions","damage_taken":0,"max_hp_gain":0,"max_hp_loss":0,"event_name":"Lab","floor":3,"gold_loss":0},{"damage_healed":0,"gold_gain":100,"player_choice":"Pray","damage_taken":0,"max_hp_gain":0,"max_hp_loss":0,"event_name":"Golden Shrine","floor":5,"gold_loss":0},{"damage_healed":0,"gold_gain":0,"player_choice":"Fight","damage_taken":0,"max_hp_gain":0,"max_hp_loss":0,"event_name":"Colosseum","floor":20,"gold_loss":0},{"damage_healed":0,"gold_gain":0,"player_choice":"Fought Nobs","damage_taken":0,"max_hp_gain":0,"max_hp_loss":0,"event_name":"Colosseum","floor":20,"gold_loss":0}],"is_beta":false,"boss_relics":[{"not_picked":["Philosopher\u0027s Stone","White Beast Statue"],"picked":"Calling Bell"}],"items_purged_floors":[],"is_endless":false,"potions_floor_spawned":[7,8,14,18,20],"killed_by":"Colosseum Nobs","ascension_level":1}