{"gold_per_floor":[366,366,380,64,64,64,81,81,81,81,81,101,114,124,124,124],"floor_reached":16,"playtime":588,"items_purged":[],"score":138,"play_id":"142785b9-a2ca-49b4-aaec-918f68753eba","local_time":"20190327075953","is_ascension_mode":true,"campfire_choices":[{"floor":6,"key":"REST"},{"data":"Dualcast","floor":10,"key":"SMITH"},{"floor":15,"key":"REST"}],"neow_cost":"PERCENT_DAMAGE","seed_source_timestamp":82758793065800,"circlet_count":0,"master_deck":["AscendersBane","Strike_B","Strike_B","Defend_B","Defend_B","Defend_B","Defend_B","Zap","Dualcast+1","Conserve Battery","Double Energy","Redo","Ball Lightning","Regret","Glacier","Core Surge","Glacier"],"relics":["Cracked Core","Ice Cream","Ornamental Fan","Cables","Singing Bowl"],"potions_floor_usage":[12],"damage_taken":[{"damage":14,"enemies":"Jaw Worm","floor":1,"turns":3},{"damage":0,"enemies":"2 Louse","floor":3,"turns":2},{"damage":0,"enemies":"Small Slimes","floor":7,"turns":3},{"damage":35,"enemies":"Gremlin Gang","floor":12,"turns":4},{"damage":2,"enemies":"2 Fungi Beasts","floor":13,"turns":4},{"damage":2,"enemies":"Blue Slaver","floor":14,"turns":5},{"damage":31,"enemies":"Slime Boss","floor":16,"turns":8}],"seed_played":"-3704402607261903697","potions_obtained":[{"floor":3,"key":"Poison Potion"},{"floor":7,"key":"SteroidPotion"}],"is_trial":false,"path_per_floor":["M","?","M","$","?","R","M","?","T","R","?","M","M","M","R","B"],"character_chosen":"DEFECT","items_purchased":["Ice Cream","Redo"],"campfire_rested":2,"item_purchase_floors":[4,4],"current_hp_per_floor":[36,29,29,29,26,48,48,48,48,48,48,13,11,9,31,0],"gold":124,"neow_bonus":"TWO_FIFTY_GOLD","is_prod":false,"is_daily":false,"chose_seed":false,"campfire_upgraded":1,"win_rate":0,"timestamp":1553687993,"path_taken":["M","?","M","$","?","R","M","?","T","R","?","M","M","M","R","BOSS"],"build_version":"2019-01-23","purchased_purges":0,"victory":false,"max_hp_per_floor":[75,75,75,75,75,75,75,75,75,75,75,75,75,75,75,75],"card_choices":[{"not_picked":["Compile Driver","Streamline"],"picked":"Conserve Battery","floor":1},{"not_picked":["Barrage","Beam Cell"],"picked":"Double Energy","floor":3},{"not_picked":["Rebound","Gash"],"picked":"Ball Lightning","floor":7},{"not_picked":["Force Field","Compile Driver"],"picked":"Glacier","floor":12},{"not_picked":["Sweeping Beam","Rebound"],"picked":"Core Surge","floor":13},{"not_picked":["Rebound","Stack"],"picked":"Glacier","floor":14}],"player_experience":2519709,"relics_obtained":[{"floor":9,"key":"Singing Bowl"}],"event_choices":[{"cards_removed":["Strike_B"],"damage_healed":0,"gold_gain":0,"player_choice":"Card Removal","damage_taken":7,"max_hp_gain":0,"max_hp_loss":0,"event_name":"Golden Wing","floor":2,"gold_loss":0},{"damage_healed":0,"gold_gain":0,"player_choice":"Success","damage_taken":3,"relics_obtained":["Ornamental Fan"],"max_hp_gain":0,"max_hp_loss":0,"event_name":"Scrap Ooze","floor":5,"gold_loss":0},{"damage_healed":0,"gold_gain":0,"player_choice":"Box","damage_taken":0,"relics_obtained":["Cables"],"max_hp_gain":0,"max_hp_loss":0,"event_name":"Big Fish","floor":8,"gold_loss":0,"cards_obtained":["Regret"]},{"cards_removed":["Strike_B"],"damage_healed":0,"gold_gain":0,"player_choice":"Offered Basic","damage_taken":0,"max_hp_gain":0,"max_hp_loss":0,"event_name":"Bonfire Elementals","floor":11,"gold_loss":0}],"is_beta":false,"boss_relics":[],"items_purged_floors":[],"is_endless":false,"potions_floor_spawned":[3,7],"killed_by":"Slime Boss","ascension_level":10}