{"gold_per_floor":[112,131,131,149,162,162,162,162,162,162,175,203,12,75,75,196,196,210,229,229,31,46,46],"floor_reached":23,"playtime":1088,"items_purged":["Writhe"],"score":290,"play_id":"62b17511-734f-41cc-8bc9-750943da92c2","local_time":"20190113123018","is_ascension_mode":true,"campfire_choices":[{"data":"Armaments","floor":6,"key":"SMITH"},{"data":"Cleave","floor":8,"key":"SMITH"},{"data":"Bash","floor":10,"key":"SMITH"},{"data":"HandOfGreed","floor":15,"key":"SMITH"}],"neow_cost":"CURSE","seed_source_timestamp":129979311989871,"circlet_count":0,"master_deck":["AscendersBane","Strike_R","Strike_R","Strike_R","Strike_R","Defend_R","Defend_R","Defend_R","Bash+1","Rage","Bloodletting","Havoc","Shrug It Off","Armaments+1","Cleave+1","Rupture","Carnage","HandOfGreed+1","Immolate","Clothesline","Evolve"],"relics":["Burning Blood","Ornamental Fan","The Courier","White Beast Statue","Toolbox"],"potions_floor_usage":[16,16,22,23,23],"damage_taken":[{"damage":0,"enemies":"Small Slimes","floor":1,"turns":4},{"damage":8,"enemies":"2 Louse","floor":2,"turns":3},{"damage":14,"enemies":"Cultist","floor":4,"turns":5},{"damage":11,"enemies":"Looter","floor":5,"turns":5},{"damage":3,"enemies":"Large Slime","floor":11,"turns":6},{"damage":23,"enemies":"Lagavulin","floor":12,"turns":7},{"damage":11,"enemies":"Gremlin Gang","floor":14,"turns":4},{"damage":25,"enemies":"Hexaghost","floor":16,"turns":9},{"damage":5,"enemies":"Chosen","floor":18,"turns":6},{"damage":19,"enemies":"Spheric Guardian","floor":19,"turns":4},{"damage":22,"enemies":"Snake Plant","floor":22,"turns":3},{"damage":65,"enemies":"Slavers","floor":23,"turns":4}],"seed_played":"9071034624488069963","potions_obtained":[{"floor":2,"key":"AttackPotion"},{"floor":11,"key":"Block Potion"},{"floor":14,"key":"Energy Potion"},{"floor":18,"key":"Fire Potion"},{"floor":19,"key":"SteroidPotion"},{"floor":22,"key":"AttackPotion"}],"is_trial":false,"path_per_floor":["M","M","?","M","M","R","?","R","T","R","M","E","$","M","R","B",null,"M","M","?","$","M","E"],"character_chosen":"IRONCLAD","items_purchased":["HandOfGreed","Toolbox","Evolve"],"campfire_rested":0,"item_purchase_floors":[13,21,21],"current_hp_per_floor":[78,76,76,68,63,63,63,63,63,63,66,49,49,44,44,25,66,67,54,80,80,64,0],"gold":46,"neow_bonus":"TRANSFORM_TWO_CARDS","is_prod":false,"is_daily":false,"chose_seed":false,"campfire_upgraded":4,"win_rate":0,"timestamp":1547400618,"path_taken":["M","M","?","M","M","R","?","R","T","R","M","E","$","?","R","BOSS","M","M","?","$","M","E"],"build_version":"2019-01-10","purchased_purges":1,"victory":false,"max_hp_per_floor":[80,80,80,80,80,80,80,80,80,80,80,80,80,80,80,80,80,80,80,80,80,80,80],"card_choices":[{"not_picked":["Warcry","Corruption"],"picked":"Havoc","floor":1},{"not_picked":["Sword Boomerang","Pommel Strike"],"picked":"Shrug It Off","floor":2},{"not_picked":["Clash","Fire Breathing"],"picked":"Armaments","floor":4},{"not_picked":["Metallicize","Perfected Strike"],"picked":"Cleave","floor":5},{"not_picked":["Havoc","Clash"],"picked":"Rupture","floor":11},{"not_picked":["Burning Pact","Armaments"],"picked":"Carnage","floor":12},{"not_picked":["Armaments","Iron Wave","Sword Boomerang"],"picked":"SKIP","floor":14},{"not_picked":["Feed","Fiend Fire"],"picked":"Immolate","floor":16},{"not_picked":["Warcry+1","Sword Boomerang+1","Perfected Strike"],"picked":"SKIP","floor":18},{"not_picked":["Sword Boomerang","Rupture"],"picked":"Clothesline","floor":19},{"not_picked":["Thunderclap+1","Iron Wave","Warcry+1"],"picked":"SKIP","floor":22}],"player_experience":1744076,"relics_obtained":[{"floor":9,"key":"Ornamental Fan"},{"floor":12,"key":"The Courier"}],"event_choices":[{"damage_healed":0,"gold_gain":0,"player_choice":"Ignored","damage_taken":0,"max_hp_gain":0,"max_hp_loss":0,"event_name":"Golden Idol","floor":3,"gold_loss":0},{"damage_healed":0,"gold_gain":0,"player_choice":"Bought 0 Potions","damage_taken":0,"max_hp_gain":0,"max_hp_loss":0,"event_name":"The Woman in Blue","floor":7,"gold_loss":0},{"damage_healed":26,"gold_gain":0,"player_choice":"Heal","damage_taken":0,"max_hp_gain":0,"max_hp_loss":0,"event_name":"The Library","floor":20,"gold_loss":0}],"is_beta":false,"boss_relics":[{"not_picked":["Calling Bell","Tiny House"],"picked":"White Beast Statue"}],"items_purged_floors":[13],"is_endless":false,"potions_floor_spawned":[2,11,14,18,19,22],"killed_by":"Slavers","ascension_level":10}