{"gold_per_floor":[117,129,129,144,144,175,175,206,231,231],"floor_reached":10,"playtime":930,"items_purged":[],"score":103,"play_id":"2e73da7a-f57a-43f4-8d31-562b68cbd58d","local_time":"20190103181830","is_ascension_mode":true,"campfire_choices":[{"data":"Neutralize","floor":7,"key":"SMITH"}],"neow_cost":"NONE","seed_source_timestamp":537728535793422,"circlet_count":0,"master_deck":["Defend_G","Defend_G","Defend_G","Defend_G","Defend_G","Strike_G","Strike_G","Strike_G","Strike_G","Survivor","Neutralize+1","Backflip","Backflip","Quick Slash","Caltrops"],"relics":["Lizard Tail","Omamori","Centennial Puzzle","PreservedInsect","Blood Vial"],"potions_floor_usage":[6,8,10],"damage_taken":[{"damage":0,"enemies":"2 Louse","floor":1,"turns":4},{"damage":2,"enemies":"Jaw Worm","floor":2,"turns":4},{"damage":12,"enemies":"Cultist","floor":4,"turns":6},{"damage":11,"enemies":"3 Sentries","floor":6,"turns":10},{"damage":24,"enemies":"Gremlin Nob","floor":8,"turns":5},{"damage":63,"enemies":"Lagavulin","floor":10,"turns":9}],"seed_played":"-295971400212911435","potions_obtained":[{"floor":1,"key":"Ancient Potion"},{"floor":4,"key":"PowerPotion"},{"floor":6,"key":"GamblersBrew"}],"is_trial":false,"path_per_floor":["M","M","?","M","?","E","R","E","T","E"],"character_chosen":"THE_SILENT","items_purchased":[],"campfire_rested":0,"item_purchase_floors":[],"current_hp_per_floor":[63,61,61,49,49,38,38,14,14,0],"gold":231,"neow_bonus":"BOSS_RELIC","is_prod":false,"is_daily":false,"chose_seed":false,"campfire_upgraded":1,"win_rate":0,"timestamp":1546561110,"path_taken":["M","M","?","M","?","E","R","E","T","E"],"build_version":"2018-12-20","purchased_purges":0,"victory":false,"max_hp_per_floor":[70,70,70,70,70,70,70,70,70,70],"card_choices":[{"not_picked":["Bouncing Flask","Heel Hook"],"picked":"Backflip","floor":1},{"not_picked":["Bane","Deadly Poison"],"picked":"Backflip","floor":2},{"not_picked":["Blur","Masterful Stab","Calculated Gamble"],"picked":"SKIP","floor":4},{"not_picked":["Deadly Poison","Tactician"],"picked":"Quick Slash","floor":6},{"not_picked":["PiercingWail","Blur"],"picked":"Caltrops","floor":8}],"player_experience":445699,"relics_obtained":[{"floor":5,"key":"Omamori"},{"floor":6,"key":"Centennial Puzzle"},{"floor":8,"key":"PreservedInsect"},{"floor":9,"key":"Blood Vial"}],"event_choices":[{"cards_removed":["Strike_G"],"damage_healed":0,"gold_gain":0,"player_choice":"Forget","damage_taken":0,"max_hp_gain":0,"max_hp_loss":0,"event_name":"Living Wall","floor":3,"gold_loss":0},{"damage_healed":0,"gold_gain":0,"player_choice":"Relic","damage_taken":0,"max_hp_gain":0,"max_hp_loss":0,"event_name":"Wheel of Change","floor":5,"gold_loss":0}],"is_beta":false,"boss_relics":[],"items_purged_floors":[],"is_endless":false,"potions_floor_spawned":[1,4,6],"killed_by":"Lagavulin","ascension_level":7}