{"gold_per_floor":[113,113,113,133,133,133,58,58,85,85,119,134,163,133,133,235,235,254,254],"floor_reached":19,"playtime":1098,"items_purged":["Strike_R"],"score":251,"play_id":"e5586986-1aa0-4889-b734-185b33fbfae2","local_time":"20180726202930","is_ascension_mode":true,"campfire_choices":[{"floor":6,"key":"REST"},{"data":"Pummel","floor":8,"key":"SMITH"},{"data":"Bash","floor":10,"key":"SMITH"},{"data":"True Grit","floor":15,"key":"SMITH"}],"neow_cost":"","seed_source_timestamp":3451986404785624,"circlet_count":0,"master_deck":["Strike_R","Strike_R+1","Strike_R","Strike_R","Defend_R","Defend_R","Defend_R+1","Defend_R","Bash+1","Feel No Pain","Pummel+1","Feel No Pain","Shrug It Off","Rupture","True Grit+1","Dark Embrace","Hemokinesis+1"],"relics":["Burning Blood","Regal Pillow","Potion Belt","Gremlin Horn","Self Forming Clay","Runic Cube"],"potions_floor_usage":[11,16,16,16,16,18],"damage_taken":[{"damage":13,"enemies":"Small Slimes","floor":1,"turns":5},{"damage":9,"enemies":"Jaw Worm","floor":4,"turns":4},{"damage":12,"enemies":"Gremlin Nob","floor":11,"turns":4},{"damage":2,"enemies":"2 Louse","floor":12,"turns":3},{"damage":5,"enemies":"3 Sentries","floor":13,"turns":12},{"damage":3,"enemies":"Looter","floor":14,"turns":4},{"damage":67,"enemies":"Hexaghost","floor":16,"turns":16},{"damage":54,"enemies":"3 Byrds","floor":18,"turns":11},{"damage":16,"enemies":"Chosen","floor":19,"turns":4}],"seed_played":"2157943353321009514","potions_obtained":[{"floor":5,"key":"BloodPotion"},{"floor":5,"key":"LiquidBronze"},{"floor":5,"key":"Block Potion"},{"floor":11,"key":"EssenceOfSteel"},{"floor":13,"key":"SpeedPotion"},{"floor":16,"key":"PowerPotion"},{"floor":18,"key":"SteroidPotion"}],"is_trial":false,"path_per_floor":["M","?","?","M","?","R","$","R","T","R","E","M","E","M","R","B",null,"M"],"character_chosen":"IRONCLAD","items_purchased":[],"campfire_rested":1,"item_purchase_floors":[],"current_hp_per_floor":[65,47,31,28,28,67,67,67,67,67,61,65,66,69,69,16,64,16,0],"gold":254,"neow_bonus":"","is_prod":false,"is_daily":false,"chose_seed":false,"campfire_upgraded":3,"win_rate":0,"timestamp":1532629770,"path_taken":["M","?","?","M","?","R","$","R","T","R","E","M","E","M","R","BOSS","M","?"],"build_version":"2018-07-19v2","purchased_purges":1,"victory":false,"max_hp_per_floor":[80,80,80,80,80,80,80,80,80,80,80,80,80,80,80,80,80,80,80],"card_choices":[{"not_picked":["Iron Wave","Sword Boomerang"],"picked":"Feel No Pain","floor":1},{"not_picked":["Twin Strike","Feel No Pain"],"picked":"Pummel","floor":4},{"not_picked":["Iron Wave","Havoc"],"picked":"Feel No Pain","floor":11},{"not_picked":["Body Slam","Clothesline"],"picked":"Shrug It Off","floor":12},{"not_picked":["Perfected Strike","Demon Form"],"picked":"Rupture","floor":13},{"not_picked":["Bloodletting","Clothesline"],"picked":"True Grit","floor":14},{"not_picked":["Demon Form","Feed"],"picked":"Dark Embrace","floor":16},{"not_picked":["Heavy Blade+1","Carnage"],"picked":"Hemokinesis+1","floor":18}],"player_experience":373239,"relics_obtained":[{"floor":9,"key":"Potion Belt"},{"floor":11,"key":"Gremlin Horn"},{"floor":13,"key":"Self Forming Clay"}],"event_choices":[{"event_name":"Scrap Ooze","player_choice":"success","floor":2,"damage_taken":18},{"event_name":"Shining Light","player_choice":"Entered Light","floor":3,"damage_taken":0},{"event_name":"The Lab","player_choice":"Got Potions","floor":5,"damage_taken":0}],"is_beta":false,"boss_relics":[{"not_picked":["Lizard Tail","Snecko Eye"],"picked":"Runic Cube"}],"items_purged_floors":[7],"is_endless":false,"potions_floor_spawned":[11,13,16,18],"killed_by":"Chosen","ascension_level":9}