{"gold_per_floor":[116,116,130,145,170,214,214,257,304,30,53,74,74,52,52,176,176,196,96,11,24,204,242,2,2,2,15,15,56,74,142,142,261,261],"floor_reached":34,"playtime":3113,"items_purged":["Strike_G","Strike_G"],"score":400,"play_id":"8bb1def9-27c7-4762-a607-827b29387482","local_time":"20180719214549","is_ascension_mode":false,"campfire_choices":[{"floor":7,"key":"REST"},{"floor":13,"key":"REST"},{"floor":15,"key":"REST"},{"floor":25,"key":"REST"},{"floor":28,"key":"REST"},{"floor":32,"key":"REST"}],"neow_cost":"","seed_source_timestamp":16138681761417,"circlet_count":0,"master_deck":["Defend_G","Defend_G","Defend_G","Defend_G+1","Defend_G+1","Strike_G","Strike_G","Strike_G","Survivor","Neutralize","Blur","Backstab","After Image","Prepared","Well Laid Plans","Grand Finale","Dagger Throw+1","Acrobatics+1","Slice+1"],"relics":["Ring of the Snake","Golden Idol","Strawberry","Pantograph","War Paint","TwistedFunnel","Fusion Hammer","Bag of Marbles","Meat on the Bone","Singing Bowl","Dead Branch","Bird Faced Urn","Mercury Hourglass","Astrolabe"],"potions_floor_usage":[8,16,16,23,33,33,33],"damage_taken":[{"damage":4,"enemies":"Jaw Worm","floor":1,"turns":4},{"damage":0,"enemies":"2 Louse","floor":3,"turns":2},{"damage":1,"enemies":"Cultist","floor":4,"turns":4},{"damage":22,"enemies":"Exordium Wildlife","floor":5,"turns":6},{"damage":11,"enemies":"Lagavulin","floor":6,"turns":9},{"damage":28,"enemies":"Gremlin Nob","floor":8,"turns":5},{"damage":0,"enemies":"2 Fungi Beasts","floor":11,"turns":3},{"damage":4,"enemies":"Large Slime","floor":12,"turns":6},{"damage":11,"enemies":"The Guardian","floor":16,"turns":9},{"damage":10,"enemies":"Spheric Guardian","floor":18,"turns":6},{"damage":0,"enemies":"Chosen","floor":21,"turns":6},{"damage":16,"enemies":"Slavers","floor":23,"turns":5},{"damage":5,"enemies":"Snecko","floor":27,"turns":6},{"damage":8,"enemies":"Gremlin Leader","floor":29,"turns":8},{"damage":0,"enemies":"Centurion and Healer","floor":30,"turns":6},{"damage":25,"enemies":"Automaton","floor":33,"turns":10}],"seed_played":"6387560237878354082","potions_obtained":[{"floor":1,"key":"Fire Potion"},{"floor":4,"key":"Block Potion"},{"floor":5,"key":"AttackPotion"},{"floor":8,"key":"Poison Potion"},{"floor":23,"key":"LiquidBronze"},{"floor":27,"key":"EssenceOfSteel"},{"floor":30,"key":"PowerPotion"}],"is_trial":false,"path_per_floor":["M","?","M","M","M","E","R","E","T","$","M","M","R","?","R","B",null,"M","$","?","M","?","E","$","R","T","M","R","E","M","T","R","B"],"character_chosen":"THE_SILENT","items_purchased":["TwistedFunnel","Singing Bowl"],"campfire_rested":6,"item_purchase_floors":[10,24],"current_hp_per_floor":[66,49,49,48,26,22,45,17,17,17,17,13,36,36,59,66,77,67,67,67,67,46,30,30,53,53,50,73,67,79,79,83,60,60],"gold":261,"neow_bonus":"","is_prod":false,"is_daily":false,"chose_seed":false,"campfire_upgraded":0,"win_rate":0,"timestamp":1532051149,"path_taken":["M","?","M","M","M","E","R","E","T","$","M","M","R","?","R","BOSS","M","$","?","M","?","E","$","R","T","M","R","E","M","?","R","BOSS"],"build_version":"2018-07-12","purchased_purges":2,"victory":false,"max_hp_per_floor":[70,70,70,70,70,77,77,77,77,77,77,77,77,77,77,77,77,77,77,77,77,77,77,77,77,77,79,79,81,83,83,83,83,83],"card_choices":[{"not_picked":["Skewer","Deflect"],"picked":"Noxious Fumes","floor":1},{"not_picked":["Quick Slash","Infinite Blades","Riddle With Holes"],"picked":"SKIP","floor":3},{"not_picked":["Masterful Stab","Caltrops","Malaise"],"picked":"SKIP","floor":4},{"not_picked":["Backflip","All Out Attack"],"picked":"Noxious Fumes","floor":5},{"not_picked":["Deadly Poison","Dagger Throw"],"picked":"Blur","floor":6},{"not_picked":["Burst","Slice"],"picked":"Backstab","floor":8},{"not_picked":["Deadly Poison","Malaise","Flying Knee"],"picked":"SKIP","floor":11},{"not_picked":["Dodge and Roll","Flechettes"],"picked":"Noxious Fumes","floor":12},{"not_picked":["Burst","Doppelganger"],"picked":"After Image","floor":16},{"not_picked":["Infinite Blades","Quick Slash"],"picked":"Prepared","floor":18},{"not_picked":["Dagger Throw+1","Accuracy"],"picked":"Well Laid Plans","floor":21},{"not_picked":["Riddle With Holes","Night Terror","Sucker Punch+1"],"picked":"SKIP","floor":23},{"not_picked":["Underhanded Strike","Well Laid Plans","Reflex"],"picked":"Singing Bowl","floor":27},{"not_picked":["Deflect","Accuracy","Crippling Poison"],"picked":"Singing Bowl","floor":29},{"not_picked":["Prepared","Slice+1","Flechettes"],"picked":"Singing Bowl","floor":30},{"not_picked":["After Image","Die Die Die"],"picked":"Grand Finale","floor":33}],"player_experience":388171,"relics_obtained":[{"floor":6,"key":"Strawberry"},{"floor":8,"key":"Pantograph"},{"floor":9,"key":"War Paint"},{"floor":23,"key":"Meat on the Bone"},{"floor":26,"key":"Dead Branch"},{"floor":29,"key":"Bird Faced Urn"},{"floor":31,"key":"Mercury Hourglass"}],"event_choices":[{"event_name":"Golden Idol","player_choice":"Take Damage","floor":2,"damage_taken":0},{"event_name":"World of Goop","player_choice":"Left","floor":14,"damage_taken":0},{"event_name":"Addict","player_choice":"Obtained Relic","floor":20,"damage_taken":0},{"event_name":"Knowing Skull","player_choice":"GOLD GOLD ","floor":22,"damage_taken":0}],"boss_relics":[{"not_picked":["Coffee Dripper","Ring of the Serpent"],"picked":"Fusion Hammer"},{"not_picked":["Snecko Eye","Empty Cage"],"picked":"Astrolabe"}],"items_purged_floors":[10,19],"is_endless":false,"potions_floor_spawned":[1,4,5,8,23,27,30],"ascension_level":0}