{"gold_per_floor":[113,113,113,188,207,207,221,238,311,29,60,60,70,85,85,162,162,181,200,54,69,69,69,69,69,69,89,89,160,160],"floor_reached":30,"playtime":1398,"items_purged":["Strike_B"],"score":380,"play_id":"8149f2ea-e69d-4cf9-8e2c-2063e92a7bd6","local_time":"20190331012206","is_ascension_mode":true,"campfire_choices":[{"data":"Dualcast","floor":6,"key":"SMITH"},{"floor":15,"key":"REST"},{"floor":23,"key":"REST"},{"data":"Echo Form","floor":25,"key":"SMITH"}],"neow_cost":"CURSE","seed_source_timestamp":95362244624500,"circlet_count":0,"master_deck":["AscendersBane","Strike_B","Strike_B","Defend_B","Defend_B","Defend_B","Defend_B","Zap","Dualcast+1","Amplify","Conserve Battery","Leap","Heatsinks","Conserve Battery","Apotheosis","Capacitor","Chaos","Tempest","Reboot","White Noise","Reinforced Body","Multi-Cast","Coolheaded","Blizzard","Conserve Battery","Hologram","Storm","Defragment","Echo Form+1","Static Discharge","Barrage","Shame","Stack+1","Writhe"],"relics":["Cracked Core","Shuriken","PreservedInsect","Orrery","Symbiotic Virus","Bottled Tornado","Art of War","Darkstone Periapt"],"potions_floor_usage":[8,11,16,19,24,30],"damage_taken":[{"damage":7,"enemies":"Jaw Worm","floor":1,"turns":3},{"damage":1,"enemies":"Small Slimes","floor":5,"turns":4},{"damage":4,"enemies":"2 Louse","floor":7,"turns":3},{"damage":0,"enemies":"Gremlin Gang","floor":8,"turns":3},{"damage":4,"enemies":"3 Sentries","floor":11,"turns":8},{"damage":17,"enemies":"Exordium Wildlife","floor":13,"turns":4},{"damage":3,"enemies":"Blue Slaver","floor":14,"turns":4},{"damage":27,"enemies":"The Guardian","floor":16,"turns":10},{"damage":9,"enemies":"Shell Parasite","floor":18,"turns":10},{"damage":0,"enemies":"3 Byrds","floor":19,"turns":2},{"damage":32,"enemies":"Snake Plant","floor":21,"turns":5},{"damage":0,"enemies":"Colosseum Slavers","floor":24,"turns":1},{"damage":21,"enemies":"Shelled Parasite and Fungi","floor":27,"turns":6},{"damage":23,"enemies":"Book of Stabbing","floor":30,"turns":4}],"seed_played":"-2336521147019404700","potions_obtained":[{"floor":1,"key":"LiquidBronze"},{"floor":7,"key":"Explosive Potion"},{"floor":8,"key":"Fire Potion"},{"floor":11,"key":"Regen Potion"},{"floor":16,"key":"Energy Potion"},{"floor":27,"key":"LiquidBronze"}],"is_trial":false,"path_per_floor":["M","?","?","?","M","R","M","M","T","$","E","?","M","M","R","B",null,"M","M","$","M","?","R","?","R","T","M","?","T","E"],"character_chosen":"DEFECT","items_purchased":["Apotheosis","Capacitor","Chaos","Static Discharge"],"campfire_rested":2,"item_purchase_floors":[10,10,10,20],"current_hp_per_floor":[61,54,54,47,46,46,42,42,42,42,38,38,21,18,40,28,63,54,54,54,22,22,44,44,44,44,23,23,23,0],"gold":160,"neow_bonus":"THREE_RARE_CARDS","is_prod":false,"is_daily":false,"chose_seed":false,"campfire_upgraded":2,"win_rate":0,"timestamp":1554009726,"path_taken":["M","?","?","?","M","R","M","?","T","$","E","?","?","M","R","BOSS","M","M","$","M","?","R","?","R","T","M","?","?","E"],"build_version":"2019-01-23","purchased_purges":1,"victory":false,"max_hp_per_floor":[75,75,75,75,75,75,75,75,75,75,75,75,75,75,75,75,75,75,75,75,75,75,75,75,75,75,75,75,75,75],"card_choices":[{"not_picked":["Fission","Meteor Strike"],"picked":"Amplify","floor":0},{"not_picked":["Force Field","Fusion"],"picked":"Conserve Battery","floor":1},{"not_picked":["Darkness","Consume"],"picked":"Leap","floor":5},{"not_picked":["Streamline","Coolheaded"],"picked":"Heatsinks","floor":7},{"not_picked":["Compile Driver","All For One"],"picked":"Conserve Battery","floor":8},{"not_picked":["Redo","Steam"],"picked":"Tempest","floor":11},{"not_picked":["Doom and Gloom","Reprogram"],"picked":"White Noise","floor":13},{"not_picked":["Fusion","Coolheaded"],"picked":"Reinforced Body","floor":14},{"not_picked":["Buffer","Core Surge"],"picked":"Multi-Cast","floor":16},{"not_picked":["Leap","Rebound"],"picked":"Coolheaded","floor":17},{"not_picked":["Stack","Compile Driver"],"picked":"Blizzard","floor":17},{"not_picked":["Rebound","Aggregate"],"picked":"Conserve Battery","floor":17},{"not_picked":["Recycle","Steam"],"picked":"Hologram","floor":17},{"not_picked":["Scrape","Heatsinks"],"picked":"Storm","floor":17},{"not_picked":["Auto Shields","Gash"],"picked":"Defragment","floor":18},{"not_picked":["Turbo","Coolheaded"],"picked":"Echo Form","floor":19},{"not_picked":["Streamline","FTL"],"picked":"Barrage","floor":21},{"not_picked":["Cold Snap+1","Scrape"],"picked":"Stack+1","floor":27}],"player_experience":2559499,"relics_obtained":[{"floor":9,"key":"Shuriken"},{"floor":11,"key":"PreservedInsect"},{"floor":26,"key":"Bottled Tornado"},{"floor":29,"key":"Darkstone Periapt"}],"event_choices":[{"cards_removed":["Normality"],"damage_healed":0,"gold_gain":0,"player_choice":"Card Removal","damage_taken":7,"max_hp_gain":0,"max_hp_loss":0,"event_name":"Golden Wing","floor":2,"gold_loss":0},{"damage_healed":0,"gold_gain":0,"player_choice":"Ignored","damage_taken":0,"max_hp_gain":0,"max_hp_loss":0,"event_name":"Shining Light","floor":3,"gold_loss":0},{"damage_healed":0,"gold_gain":75,"player_choice":"Touch","damage_taken":7,"max_hp_gain":0,"max_hp_loss":0,"event_name":"FaceTrader","floor":4,"gold_loss":0},{"damage_healed":0,"gold_gain":0,"cards_transformed":["Strike_B"],"player_choice":"Transformed","damage_taken":0,"max_hp_gain":0,"max_hp_loss":0,"event_name":"Transmorgrifier","floor":12,"gold_loss":0,"cards_obtained":["Reboot"]},{"damage_healed":0,"gold_gain":0,"player_choice":"Stole Relic","damage_taken":0,"relics_obtained":["Symbiotic Virus"],"max_hp_gain":0,"max_hp_loss":0,"event_name":"Addict","floor":22,"gold_loss":0,"cards_obtained":["Shame"]},{"damage_healed":0,"gold_gain":0,"player_choice":"Fight","damage_taken":0,"max_hp_gain":0,"max_hp_loss":0,"event_name":"Colosseum","floor":24,"gold_loss":0},{"damage_healed":0,"gold_gain":0,"player_choice":"Fled From Nobs","damage_taken":0,"max_hp_gain":0,"max_hp_loss":0,"event_name":"Colosseum","floor":24,"gold_loss":0},{"damage_healed":0,"gold_gain":0,"player_choice":"Opened","damage_taken":0,"relics_obtained":["Art of War"],"max_hp_gain":0,"max_hp_loss":0,"event_name":"The Mausoleum","floor":28,"gold_loss":0,"cards_obtained":["Writhe"]}],"is_beta":false,"boss_relics":[{"not_picked":["Snecko Eye","Calling Bell"],"picked":"Orrery"}],"items_purged_floors":[20],"is_endless":false,"potions_floor_spawned":[1,7,8,11,16,18,24,27],"killed_by":"Book of Stabbing","ascension_level":13}