{"path_per_floor":["M","?","?","?","M","$","M","M","T","?","E","M","M","$","R"],"character_chosen":"IRONCLAD","items_purchased":["Thunderclap","Shrug It Off","Metallicize","Art of War"],"gold_per_floor":[413,413,413,413,428,327,338,352,352,352,379,389,405,57,57,57],"floor_reached":16,"campfire_rested":1,"playtime":954,"item_purchase_floors":[6,14,14,14],"current_hp_per_floor":[71,64,64,50,53,53,59,49,49,54,29,32,33,33,56,0],"items_purged":["Defend_R","Strike_R"],"gold":57,"score":143,"play_id":"53a6dd78-4117-4f09-a52f-3fb9017121e5","local_time":"20180610021152","is_prod":false,"is_daily":false,"chose_seed":false,"is_ascension_mode":true,"campfire_upgraded":0,"win_rate":0,"timestamp":1528589512,"campfire_choices":[{"floor":15,"key":"REST"}],"path_taken":["M","?","?","?","M","$","?","M","T","?","E","M","M","$","R","BOSS"],"build_version":"2018-06-07v3","seed_source_timestamp":2088864845310954,"purchased_purges":2,"victory":false,"master_deck":["Strike_R","Strike_R","Strike_R","Defend_R+1","Defend_R","Defend_R","Bash","Feel No Pain+1","True Grit","Thunderclap","Cleave","True Grit","Shrug It Off","Metallicize"],"max_hp_per_floor":[72,72,72,72,72,72,72,72,72,77,77,77,77,77,77,77],"relics":["Burning Blood","Old Coin","Dodecahedron","Magic Flower","Art of War"],"card_choices":[{"not_picked":["Clothesline","Wild Strike"],"picked":"Feel No Pain","floor":1},{"not_picked":["Second Wind","Seeing Red"],"picked":"True Grit","floor":5},{"not_picked":["Flex","Clothesline"],"picked":"Cleave","floor":7},{"not_picked":["Iron Wave","Berserk","Searing Blow"],"picked":"SKIP","floor":8},{"not_picked":["Bloodletting","Sword Boomerang","Headbutt"],"picked":"SKIP","floor":11},{"not_picked":["Perfected Strike","Flex"],"picked":"True Grit","floor":12},{"not_picked":["Havoc","Wild Strike","Reckless Charge"],"picked":"SKIP","floor":13}],"player_experience":290742,"potions_floor_usage":[11,12,13,16],"damage_taken":[{"damage":7,"enemies":"Small Slimes","floor":1,"turns":4},{"damage":3,"enemies":"2 Louse","floor":5,"turns":4},{"damage":0,"enemies":"Jaw Worm","floor":7,"turns":4},{"damage":16,"enemies":"Large Slime","floor":8,"turns":7},{"damage":31,"enemies":"Lagavulin","floor":11,"turns":7},{"damage":6,"enemies":"Exordium Thugs","floor":12,"turns":4},{"damage":8,"enemies":"Exordium Wildlife","floor":13,"turns":6},{"damage":61,"enemies":"Slime Boss","floor":16,"turns":9}],"relics_obtained":[{"floor":9,"key":"Dodecahedron"},{"floor":11,"key":"Magic Flower"}],"event_choices":[{"event_name":"Golden Wing","player_choice":"Card Removal","floor":2,"damage_taken":0},{"event_name":"The Woman in Blue","player_choice":"Bought 0 Potions","floor":3,"damage_taken":0},{"event_name":"Shining Light","player_choice":"Entered Light","floor":4,"damage_taken":0},{"event_name":"Big Fish","player_choice":"Donut","floor":10,"damage_taken":0}],"boss_relics":[],"items_purged_floors":[6,14],"potions_floor_spawned":[8,11,12,13],"seed_played":"-7003058189653079682","killed_by":"Slime Boss","ascension_level":8,"potions_obtained":[{"floor":8,"key":"SteroidPotion"},{"floor":11,"key":"Strength Potion"},{"floor":12,"key":"SkillPotion"},{"floor":13,"key":"Fire Potion"}],"is_trial":false}