{"gold_per_floor":[366,386,79,92,167,167,94,126,126,126,126,26,40,40,40,143,143,153,172,15,15,25,25,25,42,42,59,59,59,0,27,27,124,124,140,7,24,24,24],"floor_reached":39,"playtime":2194,"items_purged":["Strike_B","Shame"],"score":581,"play_id":"4ff9a896-df48-4de0-bb81-14a5387aa0fc","local_time":"20190126230729","is_ascension_mode":true,"campfire_choices":[{"data":"FTL","floor":6,"key":"SMITH"},{"floor":10,"key":"REST"},{"floor":15,"key":"REST"},{"data":"Echo Form","floor":23,"key":"SMITH"},{"data":"Echo Form","floor":29,"key":"SMITH"},{"data":"Buffer","floor":32,"key":"SMITH"}],"neow_cost":"CURSE","seed_source_timestamp":275469806558451,"circlet_count":0,"master_deck":["Zap","Dualcast","Gash","Go for the Eyes","FTL+1","Gash","Static Discharge","Echo Form+1","Dark Shackles","Chill","Machine Learning","Multi-Cast","All For One","Buffer+1","Hello World","Blizzard","Recycle","Reboot","Self Repair","Leap+1","Fusion","Bite","Bite","Bite","Bite","Bite","Chaos","Glacier+1","Electrodynamics","Gash","Bandage Up","Loop","Melter"],"relics":["Cracked Core","Toy Ornithopter","Nunchaku","Symbiotic Virus","Pandora\u0027s Box","Anchor","Mercury Hourglass","Dream Catcher","Inserter"],"potions_floor_usage":[8,22,27,33,33,39],"damage_taken":[{"damage":0,"enemies":"Cultist","floor":1,"turns":3},{"damage":7,"enemies":"Jaw Worm","floor":2,"turns":3},{"damage":6,"enemies":"2 Louse","floor":4,"turns":3},{"damage":21,"enemies":"Gremlin Nob","floor":8,"turns":5},{"damage":15,"enemies":"Exordium Thugs","floor":13,"turns":3},{"damage":16,"enemies":"Slime Boss","floor":16,"turns":8},{"damage":0,"enemies":"Chosen","floor":18,"turns":4},{"damage":31,"enemies":"2 Thieves","floor":19,"turns":4},{"damage":25,"enemies":"Snecko","floor":22,"turns":7},{"damage":9,"enemies":"Centurion and Healer","floor":25,"turns":7},{"damage":21,"enemies":"Sentry and Sphere","floor":27,"turns":5},{"damage":21,"enemies":"Gremlin Leader","floor":31,"turns":8},{"damage":63,"enemies":"Champ","floor":33,"turns":11},{"damage":11,"enemies":"Orb Walker","floor":35,"turns":3},{"damage":9,"enemies":"3 Shapes","floor":37,"turns":6},{"damage":54,"enemies":"Spire Growth","floor":39,"turns":3}],"seed_played":"-2351123546429765380","potions_obtained":[{"floor":4,"key":"Block Potion"},{"floor":13,"key":"SneckoOil"},{"floor":18,"key":"FocusPotion"},{"floor":21,"key":"SkillPotion"},{"floor":21,"key":"FearPotion"},{"floor":25,"key":"Regen Potion"},{"floor":27,"key":"SpeedPotion"},{"floor":31,"key":"Energy Potion"},{"floor":37,"key":"AttackPotion"}],"is_trial":false,"path_per_floor":["M","M","$","M","?","R","$","E","T","R","?","$","M","$","R","B",null,"M","M","$","?","M","R","?","M","T","M","?","R","?","E","R","B",null,"M","$","M","$","M"],"character_chosen":"DEFECT","items_purchased":["Toy Ornithopter","FTL","Echo Form","Anchor","Bandage Up","Loop"],"campfire_rested":2,"item_purchase_floors":[3,3,7,20,36,36],"current_hp_per_floor":[68,61,61,55,44,44,44,28,28,50,50,50,35,35,57,41,67,67,43,43,43,37,37,37,52,52,49,49,49,49,52,52,25,45,47,47,52,52,0],"gold":24,"neow_bonus":"TWO_FIFTY_GOLD","is_prod":false,"is_daily":false,"chose_seed":false,"campfire_upgraded":4,"win_rate":0,"timestamp":1548562049,"path_taken":["M","?","?","M","?","R","$","E","T","R","?","$","?","$","R","BOSS","M","M","$","?","?","R","?","M","T","M","?","R","?","E","R","BOSS","M","$","M","$","M"],"build_version":"2019-01-23","purchased_purges":2,"victory":false,"max_hp_per_floor":[75,75,75,75,75,75,75,75,75,75,75,75,75,75,75,75,75,75,75,75,75,75,75,52,52,52,52,52,52,52,52,52,52,52,52,52,52,52,52],"card_choices":[{"not_picked":["Hologram","Leap"],"picked":"Gash","floor":1},{"not_picked":["Cold Snap","Consume"],"picked":"Go for the Eyes","floor":2},{"not_picked":["Steam","Stack"],"picked":"Gash","floor":4},{"not_picked":["Ball Lightning","Cold Snap"],"picked":"Static Discharge","floor":8},{"not_picked":["Doom and Gloom","Steam"],"picked":"Chill","floor":13},{"not_picked":["Hyperbeam","Core Surge"],"picked":"Machine Learning","floor":16},{"not_picked":["Conserve Battery","Steam"],"picked":"Self Repair","floor":18},{"not_picked":["Hologram+1","Go for the Eyes"],"picked":"Leap+1","floor":19},{"not_picked":["Chill","Ball Lightning"],"picked":"Fusion","floor":22},{"not_picked":["Darkness","Hologram"],"picked":"Chaos","floor":25},{"not_picked":["Reinforced Body","Streamline","Sweeping Beam"],"picked":"SKIP","floor":27},{"not_picked":["Skim","FTL"],"picked":"Glacier+1","floor":31},{"not_picked":["Rainbow","Meteor Strike"],"picked":"Electrodynamics","floor":33},{"not_picked":["Ball Lightning+1","Recycle"],"picked":"Gash","floor":35},{"not_picked":["Hologram","Sunder"],"picked":"Melter","floor":37}],"player_experience":2025849,"relics_obtained":[{"floor":8,"key":"Nunchaku"},{"floor":9,"key":"Symbiotic Virus"},{"floor":26,"key":"Mercury Hourglass"},{"floor":31,"key":"Dream Catcher"}],"event_choices":[{"damage_healed":0,"gold_gain":75,"player_choice":"Gather Gold","damage_taken":11,"max_hp_gain":0,"max_hp_loss":0,"event_name":"World of Goop","floor":5,"gold_loss":0},{"damage_healed":0,"gold_gain":0,"player_choice":"2 cards matched","damage_taken":0,"max_hp_gain":0,"max_hp_loss":0,"event_name":"Match and Keep!","floor":11,"gold_loss":0,"cards_obtained":["Echo Form","Dark Shackles"]},{"damage_healed":0,"gold_gain":0,"player_choice":"Got Potions","damage_taken":0,"max_hp_gain":0,"max_hp_loss":0,"event_name":"Lab","floor":21,"gold_loss":0},{"damage_healed":0,"gold_gain":0,"player_choice":"Became a vampire","damage_taken":0,"max_hp_gain":0,"max_hp_loss":23,"event_name":"Vampires","floor":24,"gold_loss":0,"cards_obtained":["Bite","Bite","Bite","Bite","Bite"]},{"cards_removed":["Echo Form"],"damage_healed":0,"gold_gain":0,"player_choice":"Elegance","damage_taken":0,"max_hp_gain":0,"max_hp_loss":0,"event_name":"Back to Basics","floor":28,"gold_loss":0},{"damage_healed":0,"gold_gain":0,"player_choice":"Paid Fearfully","damage_taken":0,"max_hp_gain":0,"max_hp_loss":0,"event_name":"Masked Bandits","floor":30,"gold_loss":59}],"is_beta":false,"boss_relics":[{"not_picked":["Eternal Feather","Velvet Choker"],"picked":"Pandora\u0027s Box"},{"not_picked":["Cursed Key","Coffee Dripper"],"picked":"Inserter"}],"items_purged_floors":[3,12],"is_endless":false,"potions_floor_spawned":[4,13,18,25,27,31,37],"killed_by":"Spire Growth","ascension_level":8}