{"gold_per_floor":[359,359,434,449,461,461,474,488,542,554,590,602,625,647,659,671],"floor_reached":16,"playtime":722,"items_purged":[],"score":169,"play_id":"d2f5cd8d-0b09-4e38-bacc-986090a9770c","local_time":"20190501195130","is_ascension_mode":true,"campfire_choices":[{"data":"Zap","floor":6,"key":"SMITH"},{"floor":12,"key":"REST"},{"floor":15,"key":"REST"}],"neow_cost":"CURSE","seed_source_timestamp":1289789798391500,"circlet_count":0,"master_deck":["AscendersBane","Strike_B","Strike_B","Strike_B","Strike_B","Defend_B","Defend_B","Defend_B","Defend_B","Zap+1","Dualcast","Conserve Battery","FTL","Melter","Compile Driver","Streamline","Leap","Undo"],"relics":["Cracked Core","MawBank","Odd Mushroom"],"potions_floor_usage":[16],"damage_taken":[{"damage":7,"enemies":"Small Slimes","floor":1,"turns":4},{"damage":4,"enemies":"2 Louse","floor":4,"turns":3},{"damage":1,"enemies":"Cultist","floor":5,"turns":3},{"damage":1,"enemies":"2 Fungi Beasts","floor":7,"turns":3},{"damage":4,"enemies":"Blue Slaver","floor":8,"turns":3},{"damage":16,"enemies":"The Mushroom Lair","floor":11,"turns":5},{"damage":11,"enemies":"Large Slime","floor":13,"turns":4},{"damage":10,"enemies":"Exordium Wildlife","floor":14,"turns":3},{"damage":39,"enemies":"Slime Boss","floor":16,"turns":8}],"seed_played":"-669858661250287303","potions_obtained":[{"floor":4,"key":"LiquidBronze"},{"floor":7,"key":"Strength Potion"},{"floor":14,"key":"PowerPotion"}],"is_trial":false,"path_per_floor":["M","?","?","M","M","R","M","M","T","?","?","R","M","M","R","B"],"character_chosen":"DEFECT","items_purchased":[],"campfire_rested":2,"item_purchase_floors":[],"current_hp_per_floor":[57,50,39,35,34,34,33,29,29,29,13,33,22,12,32,0],"gold":671,"neow_bonus":"TWO_FIFTY_GOLD","is_prod":false,"is_daily":false,"chose_seed":false,"campfire_upgraded":1,"win_rate":0,"timestamp":1556754690,"path_taken":["M","?","?","M","M","R","M","M","T","?","?","R","M","M","R","BOSS"],"build_version":"2019-01-23","purchased_purges":0,"victory":false,"max_hp_per_floor":[71,68,68,68,68,68,68,68,68,68,68,68,68,68,68,68],"card_choices":[{"not_picked":["Recycle","Rebound"],"picked":"Conserve Battery","floor":1},{"not_picked":["Coolheaded","Barrage"],"picked":"FTL","floor":4},{"not_picked":["Go for the Eyes","Reinforced Body"],"picked":"Melter","floor":5},{"not_picked":["Rip and Tear","Rebound","Go for the Eyes"],"picked":"SKIP","floor":7},{"not_picked":["Aggregate","Multi-Cast"],"picked":"Compile Driver","floor":8},{"not_picked":["Steam","Ball Lightning"],"picked":"Streamline","floor":11},{"not_picked":["Barrage","Stack"],"picked":"Leap","floor":13},{"not_picked":["Rip and Tear","Skim"],"picked":"Undo","floor":14}],"player_experience":2869868,"relics_obtained":[{"floor":9,"key":"MawBank"},{"floor":11,"key":"Odd Mushroom"}],"event_choices":[{"cards_removed":["Parasite"],"damage_healed":0,"gold_gain":0,"player_choice":"Card Removal","damage_taken":7,"max_hp_gain":0,"max_hp_loss":0,"event_name":"Golden Wing","floor":2,"gold_loss":0},{"damage_healed":0,"gold_gain":75,"player_choice":"Gather Gold","damage_taken":11,"max_hp_gain":0,"max_hp_loss":0,"event_name":"World of Goop","floor":3,"gold_loss":0},{"damage_healed":0,"gold_gain":0,"player_choice":"Ignored","damage_taken":0,"max_hp_gain":0,"max_hp_loss":0,"event_name":"Golden Idol","floor":10,"gold_loss":0},{"damage_healed":0,"gold_gain":0,"player_choice":"Fought Mushrooms","damage_taken":0,"max_hp_gain":0,"max_hp_loss":0,"event_name":"Mushrooms","floor":11,"gold_loss":0}],"is_beta":false,"boss_relics":[],"items_purged_floors":[],"is_endless":false,"potions_floor_spawned":[4,7,13,14],"killed_by":"Slime Boss","ascension_level":16}