{"gold_per_floor":[11,26,26,26,26,26,41,41,41,41,41,41,66,89,89,185,185,206,169,169,0,0,0,0,24,24,24,24,24,43,43],"floor_reached":31,"playtime":739,"items_purged":[],"score":413,"play_id":"5b998ade-2779-427b-894f-9613e344cfff","local_time":"20190406123715","is_ascension_mode":true,"campfire_choices":[{"floor":6.0,"key":"REST"},{"floor":10.0,"key":"REST"},{"data":"Rage","floor":12.0,"key":"SMITH"},{"data":"Twin Strike","floor":15.0,"key":"SMITH"},{"floor":23.0,"key":"REST"},{"floor":29.0,"key":"REST"}],"neow_cost":"NO_GOLD","seed_source_timestamp":67431399785896,"circlet_count":0,"master_deck":["AscendersBane","Strike_R","Strike_R","Strike_R","Defend_R","Defend_R+1","Defend_R","Defend_R","Bash","Demon Form+1","Twin Strike+1","Sword Boomerang","Wild Strike","Rage+1","Reaper","Whirlwind","Ghostly","Ghostly","Ghostly","Heavy Blade"],"special_seed":0,"relics":["Black Blood","Golden Idol","Oddly Smooth Stone","Strawberry","Shuriken"],"potions_floor_usage":[31,31],"damage_taken":[{"damage":14.0,"enemies":"2 Louse","floor":1.0,"turns":3.0},{"damage":5.0,"enemies":"Small Slimes","floor":2.0,"turns":3.0},{"damage":1.0,"enemies":"Cultist","floor":7.0,"turns":3.0},{"damage":8.0,"enemies":"3 Louse","floor":13.0,"turns":4.0},{"damage":1.0,"enemies":"Blue Slaver","floor":14.0,"turns":2.0},{"damage":18.0,"enemies":"Hexaghost","floor":16.0,"turns":6.0},{"damage":16.0,"enemies":"Spheric Guardian","floor":18.0,"turns":4.0},{"damage":46.0,"enemies":"2 Thieves","floor":19.0,"turns":5.0},{"damage":45.0,"enemies":"Snecko","floor":25.0,"turns":5.0},{"damage":27.0,"enemies":"Snake Plant","floor":30.0,"turns":7.0},{"damage":24,"enemies":"Sentry and Sphere","floor":31,"turns":3}],"seed_played":"3981389259731459894","potions_obtained":[{"floor":1.0,"key":"Weak Potion"},{"floor":2.0,"key":"Fire Potion"},{"floor":13.0,"key":"AttackPotion"},{"floor":14.0,"key":"BloodPotion"},{"floor":19.0,"key":"Swift Potion"},{"floor":25.0,"key":"Energy Potion"},{"floor":30.0,"key":"BloodPotion"}],"is_trial":false,"path_per_floor":["M","M","?","?","?","R","M","?","T","R","$","R","M","M","R","B",null,"M","M","?","?","?","R","$","M","T","?","$","R","M","M"],"character_chosen":"IRONCLAD","items_purchased":[],"campfire_rested":4,"item_purchase_floors":[],"current_hp_per_floor":[60,61,38,12,12,34,39,28,35,59,59,59,57,62,62,50,74,68,32,32,32,32,56,56,21,21,21,21,33,16,0],"gold":43,"neow_bonus":"THREE_RARE_CARDS","is_prod":false,"is_daily":false,"chose_seed":false,"campfire_upgraded":2,"win_rate":0,"timestamp":1554563235,"path_taken":["M","M","?","?","?","R","?","?","T","R","$","R","M","M","R","BOSS","M","M","?","?","?","R","?","?","T","?","$","R","M","M"],"build_version":"2019-01-23","purchased_purges":0,"victory":false,"max_hp_per_floor":[75,75,75,75,75,75,75,75,82,82,82,82,82,82,82,82,82,82,82,82,82,82,82,82,82,82,41,41,41,41,41],"card_choices":[{"not_picked":["Limit Break","Double Tap"],"picked":"Demon Form","floor":0.0},{"not_picked":["Feel No Pain","Havoc"],"picked":"Twin Strike","floor":1.0},{"not_picked":["Armaments","Headbutt"],"picked":"Sword Boomerang","floor":2.0},{"not_picked":["True Grit","Pommel Strike"],"picked":"Rage","floor":7.0},{"not_picked":["Immolate","Sentinel","Rage"],"picked":"SKIP","floor":13.0},{"not_picked":["Rampage","Shockwave","Clothesline"],"picked":"SKIP","floor":14.0},{"not_picked":["Dark Embrace","Immolate"],"picked":"Reaper","floor":16.0},{"not_picked":["Cleave","Warcry"],"picked":"Whirlwind","floor":18.0},{"not_picked":["Pommel Strike","Flex","Cleave+1"],"picked":"SKIP","floor":19.0},{"not_picked":["Searing Blow","Pommel Strike","Flex"],"picked":"SKIP","floor":25.0},{"not_picked":["Armaments","Reckless Charge+1"],"picked":"Heavy Blade","floor":30.0}],"player_experience":1139596,"relics_obtained":[{"floor":9.0,"key":"Strawberry"},{"floor":26.0,"key":"Shuriken"}],"event_choices":[{"damage_healed":0.0,"max_hp_gain":0.0,"max_hp_loss":0.0,"gold_gain":0.0,"event_name":"Shining Light","player_choice":"Entered Light","floor":3.0,"gold_loss":0.0,"damage_taken":23.0,"cards_upgraded":["Demon Form","Defend_R"]},{"damage_healed":0.0,"max_hp_gain":0.0,"max_hp_loss":0.0,"gold_gain":0.0,"event_name":"Golden Idol","player_choice":"Take Damage","floor":4.0,"gold_loss":0.0,"damage_taken":26.0,"relics_obtained":["Golden Idol"]},{"damage_healed":0.0,"max_hp_gain":0.0,"max_hp_loss":0.0,"gold_gain":0.0,"cards_transformed":["Strike_R"],"event_name":"Transmorgrifier","player_choice":"Transformed","floor":5.0,"gold_loss":0.0,"damage_taken":0.0,"cards_obtained":["Wild Strike"]},{"damage_healed":0.0,"max_hp_gain":0.0,"max_hp_loss":0.0,"gold_gain":0.0,"event_name":"Scrap Ooze","player_choice":"Success","floor":8.0,"gold_loss":0.0,"damage_taken":11.0,"relics_obtained":["Oddly Smooth Stone"]},{"cards_removed":["Strike_R"],"damage_healed":0.0,"max_hp_gain":0.0,"max_hp_loss":0.0,"gold_gain":0.0,"event_name":"Back to Basics","player_choice":"Elegance","floor":20.0,"gold_loss":0.0,"damage_taken":0.0},{"damage_healed":0.0,"max_hp_gain":0.0,"max_hp_loss":0.0,"gold_gain":0.0,"event_name":"Masked Bandits","player_choice":"Paid Fearfully","floor":21.0,"gold_loss":169.0,"damage_taken":0.0},{"damage_healed":0.0,"max_hp_gain":0.0,"max_hp_loss":0.0,"gold_gain":0.0,"event_name":"The Mausoleum","player_choice":"Ignored","floor":22.0,"gold_loss":0.0,"damage_taken":0.0},{"damage_healed":0.0,"max_hp_gain":0.0,"max_hp_loss":41.0,"gold_gain":0.0,"event_name":"Ghosts","player_choice":"Became a Ghost","floor":27.0,"gold_loss":0.0,"damage_taken":0.0,"cards_obtained":["Ghostly","Ghostly","Ghostly"]}],"is_beta":false,"boss_relics":[{"not_picked":["Orrery","Eternal Feather"],"picked":"Black Blood"}],"items_purged_floors":[],"is_endless":false,"potions_floor_spawned":[1,2,13,14,19,25,30],"killed_by":"Sentry and Sphere","ascension_level":17}