{"gold_per_floor":[19,19,34,51,65,93,107,166,166,91,91,91,91,111,111,216,216,228,39,39,39,39],"floor_reached":22,"playtime":3301,"items_purged":["Strike_G"],"score":230,"play_id":"3e460988-ad63-45a6-854a-86d63c61fa48","local_time":"20190217181905","is_ascension_mode":true,"campfire_choices":[{"floor":11,"key":"RECALL"},{"floor":13,"key":"REST"},{"data":"After Image","floor":15,"key":"SMITH"}],"neow_cost":"NO_GOLD","seed_source_timestamp":179196212652400,"circlet_count":0,"master_deck":["Defend_G","Defend_G","Defend_G","Defend_G","Defend_G","Strike_G","Strike_G","Strike_G","Strike_G","Survivor","Neutralize","Well Laid Plans","Underhanded Strike","Backflip","Terror","PiercingWail","Deflect","After Image+1","Poisoned Stab","Setup+1","Envenom","Backstab","Panache"],"relics":["Ring of the Snake","Turnip","Anchor","Mummified Hand","Toxic Egg 2","White Beast Statue","MutagenicStrength"],"potions_floor_usage":[6,8,16,16,16,16],"damage_taken":[{"damage":4,"enemies":"Small Slimes","floor":1,"turns":5},{"damage":0,"enemies":"Jaw Worm","floor":3,"turns":4},{"damage":0,"enemies":"Cultist","floor":4,"turns":3},{"damage":3,"enemies":"3 Louse","floor":5,"turns":4},{"damage":19,"enemies":"3 Sentries","floor":6,"turns":14},{"damage":1,"enemies":"Looter","floor":7,"turns":4},{"damage":18,"enemies":"3 Sentries","floor":8,"turns":12},{"damage":7,"enemies":"Exordium Wildlife","floor":14,"turns":7},{"damage":35,"enemies":"The Guardian","floor":16,"turns":21},{"damage":22,"enemies":"Chosen","floor":18,"turns":6},{"damage":35,"enemies":"Spheric Guardian","floor":22,"turns":7}],"seed_played":"-1919976026558646152","potions_obtained":[{"floor":1,"key":"Block Potion"},{"floor":4,"key":"Fire Potion"},{"floor":8,"key":"EntropicBrew"},{"floor":18,"key":"SpeedPotion"}],"is_trial":false,"path_per_floor":["M","?","M","M","M","E","M","?","T","$","R","?","R","M","R","B",null,"M","$","$","?","M"],"character_chosen":"THE_SILENT","items_purchased":["Panache"],"campfire_rested":1,"item_purchase_floors":[19],"current_hp_per_floor":[66,66,66,66,63,44,43,25,25,25,25,25,46,39,39,4,54,32,32,32,32,0],"gold":39,"neow_bonus":"ONE_RARE_RELIC","is_prod":false,"is_daily":false,"chose_seed":false,"campfire_upgraded":1,"win_rate":0,"timestamp":1550445545,"path_taken":["M","?","M","M","M","E","M","?","T","?","R","?","R","M","R","BOSS","M","?","$","?","M"],"build_version":"2019-01-23","purchased_purges":1,"victory":false,"max_hp_per_floor":[70,70,70,70,70,70,70,70,70,70,70,70,70,70,70,70,70,70,70,70,70,70],"card_choices":[{"not_picked":["Choke","Quick Slash"],"picked":"Well Laid Plans","floor":1},{"not_picked":["Choke","Well Laid Plans"],"picked":"Underhanded Strike","floor":3},{"not_picked":["Cloak And Dagger","Distraction"],"picked":"Backflip","floor":4},{"not_picked":["PiercingWail","Catalyst"],"picked":"Terror","floor":5},{"not_picked":["Sucker Punch","Escape Plan"],"picked":"PiercingWail","floor":6},{"not_picked":["Malaise","Dodge and Roll"],"picked":"Deflect","floor":7},{"not_picked":["Accuracy","Deflect+1"],"picked":"Setup+1","floor":14},{"not_picked":["Malaise+1","Die Die Die"],"picked":"Envenom","floor":16},{"not_picked":["Heel Hook","Setup+1"],"picked":"Backstab","floor":18}],"player_experience":2157753,"relics_obtained":[{"floor":6,"key":"Anchor"},{"floor":8,"key":"Mummified Hand"},{"floor":9,"key":"Toxic Egg 2"}],"event_choices":[{"damage_healed":0,"gold_gain":0,"player_choice":"Leave","damage_taken":0,"max_hp_gain":0,"max_hp_loss":0,"event_name":"The Cleric","floor":2,"gold_loss":0},{"damage_healed":0,"gold_gain":0,"player_choice":"Searched \u00271\u0027 times","damage_taken":0,"max_hp_gain":0,"max_hp_loss":0,"event_name":"Dead Adventurer","floor":8,"gold_loss":0},{"damage_healed":0,"gold_gain":0,"player_choice":"2 cards matched","damage_taken":0,"max_hp_gain":0,"max_hp_loss":0,"event_name":"Match and Keep!","floor":12,"gold_loss":0,"cards_obtained":["After Image","Poisoned Stab"]},{"damage_healed":0,"gold_gain":0,"player_choice":"Inject Mutagens","damage_taken":0,"relics_obtained":["MutagenicStrength"],"max_hp_gain":0,"max_hp_loss":0,"event_name":"Drug Dealer","floor":21,"gold_loss":0}],"is_beta":false,"boss_relics":[{"not_picked":["Ectoplasm","Empty Cage"],"picked":"White Beast Statue"}],"items_purged_floors":[10],"is_endless":false,"potions_floor_spawned":[1,4,8,18],"killed_by":"Spheric Guardian","ascension_level":5}