{"gold_per_floor":[119,136,136,149,169,169,194,194,194,204,49,77,77,77,77,181,181,197,1,1,30,130,155,155,155,155,182,182,207,207,222,222,222],"floor_reached":33,"playtime":1770,"items_purged":["Defend_R","Strike_R"],"score":504,"play_id":"322d6b71-f3ff-4fee-8ab0-26c6acef41d6","local_time":"20190509163306","is_ascension_mode":true,"campfire_choices":[{"data":"Shrug It Off","floor":6,"key":"SMITH"},{"data":"Immolate","floor":8,"key":"SMITH"},{"data":"1","floor":13,"key":"LIFT"},{"data":"2","floor":15,"key":"LIFT"},{"data":"Rage","floor":24,"key":"SMITH"},{"data":"Madness","floor":28,"key":"SMITH"},{"data":"3","floor":30,"key":"LIFT"},{"data":"Shrug It Off","floor":32,"key":"SMITH"}],"neow_cost":"PERCENT_DAMAGE","seed_source_timestamp":3465791399519178,"circlet_count":0,"master_deck":["AscendersBane","Strike_R","Strike_R","Strike_R","Strike_R","Defend_R","Bash","Immolate+1","Shrug It Off+1","Shrug It Off+1","Reaper","Metallicize","Berserk","Rage+1","Madness+1","Carnage+1"],"relics":["Burning Blood","Pen Nib","Ornamental Fan","Girya","Runic Pyramid","Red Mask","Mango","Mummified Hand","Du-Vu Doll","Nunchaku","Lantern","Toxic Egg 2"],"potions_floor_usage":[7,12,22,22,33],"damage_taken":[{"damage":3,"enemies":"Small Slimes","floor":1,"turns":2},{"damage":0,"enemies":"Cultist","floor":2,"turns":4},{"damage":6,"enemies":"Jaw Worm","floor":4,"turns":3},{"damage":6,"enemies":"Looter","floor":5,"turns":3},{"damage":10,"enemies":"3 Sentries","floor":7,"turns":4},{"damage":2,"enemies":"2 Fungi Beasts","floor":10,"turns":2},{"damage":35,"enemies":"Lagavulin","floor":12,"turns":6},{"damage":16,"enemies":"Slime Boss","floor":16,"turns":9},{"damage":32,"enemies":"Shell Parasite","floor":18,"turns":6},{"damage":0,"enemies":"Masked Bandits","floor":21,"turns":3},{"damage":26,"enemies":"Colosseum Slavers","floor":22,"turns":4},{"damage":21,"enemies":"Colosseum Nobs","floor":22,"turns":4},{"damage":53,"enemies":"Book of Stabbing","floor":23,"turns":5},{"damage":18,"enemies":"Gremlin Leader","floor":27,"turns":4},{"damage":23,"enemies":"Slavers","floor":29,"turns":3},{"damage":24,"enemies":"3 Byrds","floor":31,"turns":4},{"damage":63,"enemies":"Champ","floor":33,"turns":7}],"seed_played":"-588958722563127229","potions_obtained":[{"floor":1,"key":"LiquidBronze"},{"floor":4,"key":"Fruit Juice"},{"floor":10,"key":"Poison Potion"},{"floor":12,"key":"Regen Potion"},{"floor":31,"key":"Strength Potion"}],"is_trial":false,"path_per_floor":["M","M","?","M","M","R","E","R","T","M","$","E","R","$","R","B",null,"M","$","?","?","?","E","R","?","T","E","R","E","R","M","R","B"],"character_chosen":"IRONCLAD","items_purchased":["Metallicize","Madness"],"campfire_rested":0,"item_purchase_floors":[11,19],"current_hp_per_floor":[54,60,60,60,60,60,61,61,61,65,65,42,42,42,42,38,73,56,56,56,62,77,36,36,69,69,67,67,50,50,39,39,0],"gold":222,"neow_bonus":"THREE_RARE_CARDS","is_prod":false,"is_daily":false,"chose_seed":false,"campfire_upgraded":5,"win_rate":0,"timestamp":1557412386,"path_taken":["M","M","?","M","?","R","E","R","T","M","$","E","R","$","R","BOSS","M","$","?","?","?","E","R","?","T","E","R","E","R","M","R","BOSS"],"build_version":"2019-01-23","purchased_purges":2,"victory":false,"max_hp_per_floor":[80,80,80,80,80,80,85,85,85,85,85,85,85,85,85,85,85,85,85,85,85,99,99,99,99,99,99,99,99,99,99,99,99],"card_choices":[{"not_picked":["Barricade","Brutality"],"picked":"Immolate","floor":0},{"not_picked":["Combust","Havoc"],"picked":"Shrug It Off","floor":1},{"not_picked":["Clash","Heavy Blade"],"picked":"Shrug It Off","floor":2},{"not_picked":["Anger","Flex","Power Through"],"picked":"SKIP","floor":4},{"not_picked":["Battle Trance","Disarm","Flex"],"picked":"SKIP","floor":5},{"not_picked":["Flex","Seeing Red","Twin Strike"],"picked":"SKIP","floor":7},{"not_picked":["Clash","Shrug It Off"],"picked":"Reaper","floor":10},{"not_picked":["Dual Wield","Rupture","Corruption"],"picked":"SKIP","floor":12},{"not_picked":["Brutality","Impervious"],"picked":"Berserk","floor":16},{"not_picked":["True Grit","Burning Pact"],"picked":"Rage","floor":18},{"not_picked":["Shrug It Off","Dual Wield"],"picked":"Carnage+1","floor":23},{"not_picked":["Anger","Warcry+1","Sword Boomerang+1"],"picked":"SKIP","floor":27},{"not_picked":["Dark Embrace","Wild Strike","Warcry"],"picked":"SKIP","floor":29},{"not_picked":["Twin Strike","Headbutt","Wild Strike+1"],"picked":"SKIP","floor":31}],"player_experience":502606,"relics_obtained":[{"floor":7,"key":"Pen Nib"},{"floor":9,"key":"Ornamental Fan"},{"floor":12,"key":"Girya"},{"floor":21,"key":"Red Mask"},{"floor":22,"key":"Mango"},{"floor":22,"key":"Mummified Hand"},{"floor":23,"key":"Du-Vu Doll"},{"floor":26,"key":"Nunchaku"},{"floor":27,"key":"Lantern"},{"floor":29,"key":"Toxic Egg 2"}],"event_choices":[{"cards_removed":["Defend_R"],"damage_healed":0,"gold_gain":0,"player_choice":"Purged","damage_taken":0,"max_hp_gain":0,"max_hp_loss":0,"event_name":"Purifier","floor":3,"gold_loss":0},{"cards_removed":["Defend_R"],"damage_healed":0,"gold_gain":0,"player_choice":"Elegance","damage_taken":0,"max_hp_gain":0,"max_hp_loss":0,"event_name":"Back to Basics","floor":20,"gold_loss":0},{"damage_healed":0,"gold_gain":0,"player_choice":"Fought Bandits","damage_taken":0,"max_hp_gain":0,"max_hp_loss":0,"event_name":"Masked Bandits","floor":21,"gold_loss":0},{"damage_healed":0,"gold_gain":0,"player_choice":"Fight","damage_taken":0,"max_hp_gain":0,"max_hp_loss":0,"event_name":"Colosseum","floor":22,"gold_loss":0},{"damage_healed":0,"gold_gain":0,"player_choice":"Fought Nobs","damage_taken":0,"max_hp_gain":0,"max_hp_loss":0,"event_name":"Colosseum","floor":22,"gold_loss":0},{"damage_healed":33,"gold_gain":0,"player_choice":"Heal","damage_taken":0,"max_hp_gain":0,"max_hp_loss":0,"event_name":"The Library","floor":25,"gold_loss":0}],"is_beta":false,"boss_relics":[{"not_picked":["Orrery","White Beast Statue"],"picked":"Runic Pyramid"}],"items_purged_floors":[11,19],"is_endless":false,"potions_floor_spawned":[1,4,10,12,18,21,31],"killed_by":"Champ","ascension_level":11}