{"gold_per_floor":[116,14,28,203,221,221,238,238,238,138,138,148,148,164,164,164],"floor_reached":16,"playtime":797,"items_purged":["Pain","Doubt"],"score":92,"play_id":"2b43b516-a148-4413-9b4d-f82384e5e07f","local_time":"20180719203205","is_ascension_mode":false,"campfire_choices":[{"data":"Dagger Spray","floor":6,"key":"SMITH"},{"data":"Neutralize","floor":8,"key":"SMITH"},{"data":"Backflip","floor":11,"key":"SMITH"},{"data":"Footwork","floor":13,"key":"SMITH"},{"data":"Backflip","floor":15,"key":"SMITH"}],"neow_cost":"CURSE","seed_source_timestamp":14031570098091,"circlet_count":0,"master_deck":["Defend_G","Defend_G","Defend_G","Defend_G","Defend_G","Strike_G","Strike_G","Strike_G","Strike_G","Strike_G","Survivor","Neutralize+1","Acrobatics","Dagger Spray+1","Backflip+1","Backstab","Backflip+1","Footwork+1","Dagger Throw"],"relics":["Ring of the Snake","Ornamental Fan"],"potions_floor_usage":[16,16,16,16],"damage_taken":[{"damage":15,"enemies":"Cultist","floor":1,"turns":6},{"damage":0,"enemies":"Small Slimes","floor":3,"turns":3},{"damage":17,"enemies":"Jaw Worm","floor":5,"turns":6},{"damage":0,"enemies":"Large Slime","floor":7,"turns":4},{"damage":2,"enemies":"Blue Slaver","floor":12,"turns":3},{"damage":0,"enemies":"2 Fungi Beasts","floor":14,"turns":2},{"damage":50,"enemies":"Hexaghost","floor":16,"turns":18}],"seed_played":"-7743431383353606316","potions_obtained":[{"floor":1,"key":"GhostInAJar"},{"floor":7,"key":"EntropicBrew"}],"is_trial":false,"path_per_floor":["M","$","M","?","M","R","M","R","T","$","R","M","R","M","R"],"character_chosen":"THE_SILENT","items_purchased":["Dagger Spray"],"campfire_rested":0,"item_purchase_floors":[2],"current_hp_per_floor":[69,69,69,69,52,52,52,52,52,52,52,50,50,50,50,0],"gold":164,"neow_bonus":"TWENTY_PERCENT_HP_BONUS","is_prod":false,"is_daily":false,"chose_seed":false,"campfire_upgraded":5,"win_rate":0,"timestamp":1532046725,"path_taken":["M","?","M","?","M","R","M","R","T","$","R","M","R","M","R","BOSS"],"build_version":"2018-07-12","purchased_purges":2,"victory":false,"max_hp_per_floor":[84,84,84,84,84,84,84,84,84,84,84,84,84,84,84,84],"card_choices":[{"not_picked":["Deflect","Expertise"],"picked":"Acrobatics","floor":1},{"not_picked":["Outmaneuver","Sucker Punch"],"picked":"Backflip","floor":3},{"not_picked":["Blur","All Out Attack"],"picked":"Backstab","floor":5},{"not_picked":["Slice","Leg Sweep"],"picked":"Backflip","floor":7},{"not_picked":["All Out Attack","Deadly Poison"],"picked":"Footwork","floor":12},{"not_picked":["Quick Slash","Bane"],"picked":"Dagger Throw","floor":14}],"player_experience":386728,"relics_obtained":[{"floor":9,"key":"Ornamental Fan"}],"event_choices":[{"event_name":"Liars Game","player_choice":"agreed","floor":4,"damage_taken":0}],"boss_relics":[],"items_purged_floors":[2,10],"is_endless":false,"potions_floor_spawned":[1,7],"killed_by":"Hexaghost","ascension_level":0}