{"gold_per_floor":[113,133,35,49,60,90,90,90,102,141,164,176,188,220,232,345,357,382,394,406,418,16,16],"floor_reached":23,"playtime":21522,"items_purged":["Strike_G","Flechettes"],"score":264,"play_id":"a228c195-c803-49b0-8490-1bb3525a2f80","local_time":"20181224102124","is_ascension_mode":true,"campfire_choices":[{"data":"Noxious Fumes","floor":7,"key":"SMITH"},{"floor":12,"key":"REST"},{"floor":15,"key":"REST"}],"neow_cost":"NONE","seed_source_timestamp":199124481636737,"circlet_count":0,"master_deck":["Defend_G","Defend_G","Defend_G","Defend_G","Defend_G","Survivor","Neutralize","Impatience","Poisoned Stab","Deflect","Infinite Blades","Noxious Fumes+1","Poisoned Stab","Dodge and Roll","Caltrops","Adrenaline","Catalyst+1","Bite","Bite+1","Bite","Bite","Bite+1","Noxious Fumes","Noxious Fumes","Well Laid Plans"],"relics":["Ring of the Snake","Shuriken","MawBank","The Courier","Vajra","Ginger","Membership Card","Whetstone","Letter Opener"],"potions_floor_usage":[6,14,23,23],"damage_taken":[{"damage":0,"enemies":"Cultist","floor":1,"turns":3},{"damage":0,"enemies":"Jaw Worm","floor":2,"turns":4},{"damage":0,"enemies":"Small Slimes","floor":4,"turns":3},{"damage":1,"enemies":"2 Fungi Beasts","floor":5,"turns":3},{"damage":21,"enemies":"3 Sentries","floor":6,"turns":7},{"damage":21,"enemies":"Lagavulin","floor":10,"turns":6},{"damage":6,"enemies":"Looter","floor":11,"turns":3},{"damage":3,"enemies":"3 Louse","floor":14,"turns":4},{"damage":36,"enemies":"The Guardian","floor":16,"turns":7},{"damage":16,"enemies":"3 Byrds","floor":18,"turns":4},{"damage":56,"enemies":"Slavers","floor":23,"turns":4}],"seed_played":"197572195916422668","potions_obtained":[{"floor":1,"key":"Regen Potion"},{"floor":4,"key":"Explosive Potion"},{"floor":11,"key":"GamblersBrew"},{"floor":16,"key":"Dexterity Potion"},{"floor":18,"key":"Fire Potion"}],"is_trial":false,"path_per_floor":["M","M","$","M","M","E","R","?","T","E","M","R","?","M","R","B",null,"M","?","?","?","$","E"],"character_chosen":"THE_SILENT","items_purchased":["Deflect","Membership Card","Noxious Fumes","Whetstone","Letter Opener","Well Laid Plans"],"campfire_rested":2,"item_purchase_floors":[3,22,22,22,22,22],"current_hp_per_floor":[70,70,70,70,69,48,48,48,48,27,21,42,42,39,60,24,70,54,49,49,49,49,0],"gold":16,"neow_bonus":"RANDOM_COLORLESS","is_prod":false,"is_daily":false,"chose_seed":false,"campfire_upgraded":1,"win_rate":0,"timestamp":1545668484,"path_taken":["M","M","$","?","M","E","R","?","T","E","?","R","?","M","R","BOSS","M","?","?","?","$","E"],"build_version":"2018-12-20","purchased_purges":2,"victory":false,"max_hp_per_floor":[70,70,70,70,70,70,70,70,70,70,70,70,70,70,70,70,70,70,49,49,49,49,49],"card_choices":[{"not_picked":["Dodge and Roll","Deadly Poison"],"picked":"Poisoned Stab","floor":1},{"not_picked":["Prepared","All Out Attack","Tactician"],"picked":"SKIP","floor":2},{"not_picked":["Outmaneuver","Choke"],"picked":"Infinite Blades","floor":4},{"not_picked":["Choke","Quick Slash"],"picked":"Flechettes","floor":5},{"not_picked":["Terror","A Thousand Cuts"],"picked":"Noxious Fumes","floor":6},{"not_picked":["PiercingWail","Riddle With Holes"],"picked":"Poisoned Stab","floor":10},{"not_picked":["Expertise","Deflect"],"picked":"Dodge and Roll","floor":11},{"not_picked":["Dagger Throw","Unload"],"picked":"Caltrops","floor":14},{"not_picked":["Burst","Storm of Steel"],"picked":"Adrenaline","floor":16},{"not_picked":["Prepared+1","Sucker Punch"],"picked":"Catalyst+1","floor":18}],"player_experience":225643,"relics_obtained":[{"floor":6,"key":"Shuriken"},{"floor":9,"key":"The Courier"},{"floor":10,"key":"Vajra"}],"event_choices":[{"damage_healed":0,"gold_gain":0,"player_choice":"Gave Potion","damage_taken":0,"relics_obtained":["MawBank"],"max_hp_gain":0,"max_hp_loss":0,"event_name":"WeMeetAgain","floor":8,"gold_loss":0},{"damage_healed":0,"gold_gain":0,"player_choice":"Box","damage_taken":0,"relics_obtained":["Ginger"],"max_hp_gain":0,"max_hp_loss":0,"event_name":"Big Fish","floor":13,"gold_loss":0,"cards_obtained":["Regret"]},{"damage_healed":0,"gold_gain":0,"player_choice":"Became a vampire","damage_taken":0,"max_hp_gain":0,"max_hp_loss":21,"event_name":"Vampires","floor":19,"gold_loss":0,"cards_obtained":["Bite","Bite","Bite","Bite","Bite"]},{"damage_healed":0,"gold_gain":0,"player_choice":"Read","damage_taken":0,"max_hp_gain":0,"max_hp_loss":0,"event_name":"The Library","floor":20,"gold_loss":0,"cards_obtained":["Noxious Fumes"]},{"cards_removed":["Regret"],"damage_healed":0,"gold_gain":0,"player_choice":"Elegance","damage_taken":0,"max_hp_gain":0,"max_hp_loss":0,"event_name":"Back to Basics","floor":21,"gold_loss":0}],"is_beta":false,"boss_relics":[{"not_picked":["Coffee Dripper","Runic Dome","Ectoplasm"]}],"items_purged_floors":[3,22],"is_endless":false,"potions_floor_spawned":[1,4,11,16,18],"killed_by":"Slavers","ascension_level":4}