{"gold_per_floor":[113,188,42,56,56,56,68,68,68,84,100,100,132,152,152,152],"floor_reached":16,"playtime":702,"items_purged":["Strike_R"],"score":153,"play_id":"342dc1ba-c3c1-4628-a406-be265052c32b","local_time":"20180728223517","is_ascension_mode":true,"campfire_choices":[{"data":"Metallicize","floor":6,"key":"SMITH"},{"data":"Shrug It Off","floor":8,"key":"SMITH"},{"data":"Cleave","floor":12,"key":"SMITH"},{"data":"Rage","floor":15,"key":"SMITH"}],"neow_cost":"NONE","seed_source_timestamp":3632728552765593,"circlet_count":0,"master_deck":["Strike_R","Strike_R","Strike_R","Strike_R","Defend_R","Defend_R","Defend_R","Defend_R","Bash+1","AscendersBane","Metallicize+1","Cleave+1","Shrug It Off+1","Battle Trance","Rage+1"],"relics":["Burning Blood","CultistMask","Calipers","Omamori"],"potions_floor_usage":[10,16,16],"damage_taken":[{"damage":9,"enemies":"Jaw Worm","floor":1,"turns":4},{"damage":8,"enemies":"Small Slimes","floor":4,"turns":5},{"damage":2,"enemies":"Cultist","floor":7,"turns":3},{"damage":0,"enemies":"Looter","floor":10,"turns":4},{"damage":3,"enemies":"2 Fungi Beasts","floor":11,"turns":4},{"damage":15,"enemies":"Gremlin Nob","floor":13,"turns":4},{"damage":7,"enemies":"Large Slime","floor":14,"turns":7},{"damage":52,"enemies":"Hexaghost","floor":16,"turns":16}],"seed_played":"-647723206200226556","potions_obtained":[{"floor":1,"key":"Dexterity Potion"},{"floor":4,"key":"SteroidPotion"},{"floor":7,"key":"BloodPotion"},{"floor":14,"key":"SpeedPotion"}],"is_trial":false,"path_per_floor":["M","?","$","M","?","R","M","R","T","M","M","R","E","M","R"],"character_chosen":"IRONCLAD","items_purchased":["Metallicize"],"campfire_rested":0,"item_purchase_floors":[3],"current_hp_per_floor":[69,58,58,56,56,56,60,60,60,66,69,69,60,59,59,15],"gold":152,"neow_bonus":"UPGRADE_CARD","is_prod":false,"is_daily":false,"chose_seed":false,"campfire_upgraded":4,"win_rate":0,"timestamp":1532810117,"path_taken":["M","?","$","M","?","R","M","R","T","M","M","R","E","M","R","BOSS"],"build_version":"2018-07-26","purchased_purges":1,"victory":false,"max_hp_per_floor":[80,80,80,80,80,80,80,80,80,80,80,80,80,80,80,80],"card_choices":[{"not_picked":["Flex","Havoc","Iron Wave"],"picked":"SKIP","floor":1},{"not_picked":["Perfected Strike","True Grit"],"picked":"Cleave","floor":4},{"not_picked":["True Grit","Dual Wield"],"picked":"Shrug It Off","floor":7},{"not_picked":["Sword Boomerang","Twin Strike"],"picked":"Battle Trance","floor":10},{"not_picked":["Pommel Strike","Entrench","Battle Trance"],"picked":"SKIP","floor":11},{"not_picked":["Exhume","True Grit","Berserk"],"picked":"SKIP","floor":13},{"not_picked":["Body Slam","Dual Wield"],"picked":"Rage","floor":14}],"player_experience":403250,"relics_obtained":[{"floor":9,"key":"Calipers"},{"floor":13,"key":"Omamori"}],"event_choices":[{"event_name":"World of Goop","player_choice":"Gather Gold","floor":2,"damage_taken":0},{"event_name":"FaceTrader","player_choice":"Trade","floor":5,"damage_taken":0}],"is_beta":false,"boss_relics":[],"items_purged_floors":[3],"is_endless":false,"potions_floor_spawned":[1,4,7,14],"killed_by":"Hexaghost","ascension_level":10}