{"path_per_floor":["M","M","$","M","$","R","E","?","T","E","R","?","R","E","R","B",null,"M","$","?","?","?","R","E","R","T","M","?","R","M","M","R","B",null,"M","M","M","?","?","E","$","R","T","?"],"character_chosen":"IRONCLAD","items_purchased":["Clash","Lantern","Kunai"],"gold_per_floor":[359,375,254,272,16,16,50,50,50,85,85,85,85,112,112,213,213,225,100,25,25,25,25,50,50,50,62,62,62,81,92,92,193,193,208,223,235,286,286,312,56,56,56,56,56],"floor_reached":45,"campfire_rested":2,"playtime":1808,"item_purchase_floors":[3,5,41],"current_hp_per_floor":[72,72,72,72,72,72,58,58,58,55,55,55,55,57,57,34,72,72,72,72,72,72,72,43,43,50,44,44,44,30,32,55,43,79,73,62,25,27,17,12,12,35,35,35,0],"items_purged":["Defend_R","Defend_R","Defend_R"],"gold":56,"score":575,"play_id":"6bf89744-69de-401a-9865-74db1ef93bdb","local_time":"20180606213140","is_prod":false,"is_daily":false,"chose_seed":false,"is_ascension_mode":true,"campfire_upgraded":7,"win_rate":0,"timestamp":1528313500,"campfire_choices":[{"data":"Clash","floor":6,"key":"SMITH"},{"data":"Offering","floor":11,"key":"SMITH"},{"data":"Clash","floor":13,"key":"SMITH"},{"data":"Bash","floor":15,"key":"SMITH"},{"data":"Cleave","floor":23,"key":"SMITH"},{"data":"Exhume","floor":25,"key":"SMITH"},{"data":"Battle Trance","floor":29,"key":"SMITH"},{"floor":32,"key":"REST"},{"floor":42,"key":"REST"}],"path_taken":["M","M","$","M","$","R","E","?","T","E","R","?","R","E","R","BOSS","M","$","?","?","?","R","E","R","T","M","?","R","M","M","R","BOSS","M","M","M","?","?","E","$","R","T","?","E"],"build_version":"2018-05-31","seed_source_timestamp":1812002432009734,"purchased_purges":3,"victory":false,"master_deck":["Strike_R","Strike_R+1","Strike_R+1","Bash+1","Cleave+1","Clash+1","Clash+1","Clash+1","Offering+1","Exhume+1","Battle Trance+1","Pommel Strike+1","Demon Form","Inflame","Madness","Madness"],"max_hp_per_floor":[72,72,72,72,72,72,72,72,72,72,72,72,72,72,72,72,72,72,72,72,72,72,72,72,72,79,79,79,79,79,79,79,79,79,79,79,79,79,79,79,79,79,79,79,79],"relics":["Black Blood","Lantern","Question Card","Whetstone","Juzu Bracelet","Bronze Scales","Matryoshka","Strawberry","Pantograph","Philosopher\u0027s Stone","Prayer Wheel","Ornamental Fan","Kunai","Regal Pillow","Smiling Mask"],"card_choices":[{"not_picked":["Flex","Dropkick","Ghostly Armor"],"picked":"SKIP","floor":1},{"not_picked":["Clothesline","Sword Boomerang"],"picked":"Cleave","floor":2},{"not_picked":["Clothesline","Corruption"],"picked":"Clash","floor":4},{"not_picked":["Headbutt","Clothesline"],"picked":"Clash","floor":7},{"not_picked":["Battle Trance","Second Wind","Iron Wave"],"picked":"Offering","floor":10},{"not_picked":["Heavy Blade","Havoc","Combust","Whirlwind"],"picked":"SKIP","floor":14},{"not_picked":["Feed","Limit Break","Barricade"],"picked":"Exhume","floor":16},{"not_picked":["Battle Trance","Perfected Strike","Infernal Blade","Havoc+1"],"picked":"SKIP","floor":18},{"not_picked":["Berserk","Metallicize","Pommel Strike","Headbutt"],"picked":"SKIP","floor":24},{"not_picked":["Intimidate","Metallicize+1","Entrench","Twin Strike"],"picked":"SKIP","floor":27},{"not_picked":["Twin Strike","True Grit","Perfected Strike"],"picked":"Pommel Strike+1","floor":30},{"not_picked":["Clash","Havoc","Body Slam","Wild Strike+1"],"picked":"SKIP","floor":31},{"not_picked":["Double Tap","Dark Embrace","Reaper"],"picked":"Demon Form","floor":33},{"not_picked":["Havoc+1","Wild Strike","Searing Blow+1"],"picked":"Inflame","floor":35},{"not_picked":["Flex","Entrench+1","Body Slam","Wild Strike"],"picked":"SKIP","floor":36},{"not_picked":["Armaments+1","Infernal Blade+1","Corruption+1","Impervious"],"picked":"SKIP","floor":37},{"not_picked":["Power Through+1","Sentinel","Exhume","Twin Strike"],"picked":"SKIP","floor":40}],"player_experience":215588,"potions_floor_usage":[10,16,18,33,35,36,38,40,40,45],"damage_taken":[{"damage":2,"enemies":"Jaw Worm","floor":1,"turns":3},{"damage":6,"enemies":"Cultist","floor":2,"turns":4},{"damage":6,"enemies":"2 Louse","floor":4,"turns":2},{"damage":20,"enemies":"Lagavulin","floor":7,"turns":3},{"damage":9,"enemies":"3 Sentries","floor":10,"turns":3},{"damage":4,"enemies":"Lagavulin","floor":14,"turns":2},{"damage":29,"enemies":"Hexaghost","floor":16,"turns":4},{"damage":4,"enemies":"3 Byrds","floor":18,"turns":2},{"damage":39,"enemies":"Book of Stabbing","floor":24,"turns":3},{"damage":16,"enemies":"Shell Parasite","floor":27,"turns":2},{"damage":24,"enemies":"Snake Plant","floor":30,"turns":2},{"damage":8,"enemies":"Slaver and Parasite","floor":31,"turns":1},{"damage":46,"enemies":"Automaton","floor":33,"turns":4},{"damage":23,"enemies":"3 Darklings","floor":35,"turns":2},{"damage":26,"enemies":"Orb Walker","floor":36,"turns":2},{"damage":47,"enemies":"Maw","floor":37,"turns":3},{"damage":8,"enemies":"Mysterious Sphere","floor":38,"turns":1},{"damage":15,"enemies":"Giant Head","floor":40,"turns":4},{"damage":57,"enemies":"Nemesis","floor":45,"turns":2}],"relics_obtained":[{"floor":7,"key":"Question Card"},{"floor":9,"key":"Whetstone"},{"floor":10,"key":"Juzu Bracelet"},{"floor":14,"key":"Bronze Scales"},{"floor":24,"key":"Matryoshka"},{"floor":26,"key":"Strawberry"},{"floor":26,"key":"Pantograph"},{"floor":38,"key":"Prayer Wheel"},{"floor":40,"key":"Ornamental Fan"},{"floor":43,"key":"Regal Pillow"},{"floor":43,"key":"Smiling Mask"}],"event_choices":[{"event_name":"The Lab","player_choice":"Got Potions","floor":8,"damage_taken":0},{"event_name":"Liars Game","player_choice":"disagreed","floor":12,"damage_taken":0},{"event_name":"Beggar","player_choice":"Gave Gold","floor":20,"damage_taken":0},{"event_name":"Wheel of Change","player_choice":"Card Removal","floor":21,"damage_taken":0},{"event_name":"Upgrade Shrine","player_choice":"Upgraded","floor":22,"damage_taken":0},{"event_name":"The Library","player_choice":"Read","floor":28,"damage_taken":0},{"event_name":"Mysterious Sphere","player_choice":"Fight","floor":38,"damage_taken":0},{"event_name":"Winding Halls","player_choice":"Embrace Madness","floor":39,"damage_taken":0}],"boss_relics":[{"not_picked":["Astrolabe","White Beast Statue"],"picked":"Black Blood"},{"not_picked":["Eternal Feather","Tiny House"],"picked":"Philosopher\u0027s Stone"}],"items_purged_floors":[3,5,19],"potions_floor_spawned":[7,10,16,24,33,35,37,38],"seed_played":"5587972625036361909","killed_by":"Nemesis","ascension_level":3,"potions_obtained":[{"floor":7,"key":"BloodPotion"},{"floor":8,"key":"EssenceOfSteel"},{"floor":8,"key":"Weak Potion"},{"floor":10,"key":"GamblersBrew"},{"floor":16,"key":"Block Potion"},{"floor":24,"key":"PowerPotion"},{"floor":33,"key":"Regen Potion"},{"floor":35,"key":"Strength Potion"},{"floor":37,"key":"Swift Potion"},{"floor":38,"key":"Weak Potion"}],"is_trial":false}