{"gold_per_floor":[112,129,54,72,90,90,106,132,157,157,57,57,69,79,79,179,179,193,193,209,308,233,233,251,126,126,136,136,136,151,170,170,170],"floor_reached":33,"playtime":779,"items_purged":["Strike_R","Defend_R","Defend_R"],"score":241,"play_id":"a0a8d0b3-5e24-402e-94f7-32cf603e349d","local_time":"20190521222824","is_ascension_mode":false,"campfire_choices":[{"data":"Bash","floor":6.0,"key":"SMITH"},{"floor":10.0,"key":"REST"},{"data":"Strike_R","floor":12.0,"key":"SMITH"},{"data":"Strike_R","floor":15.0,"key":"SMITH"},{"floor":23.0,"key":"REST"},{"floor":28.0,"key":"REST"},{"floor":32,"key":"REST"}],"neow_cost":"NONE","seed_source_timestamp":466565440889827,"circlet_count":0,"master_deck":["Strike_R+1","Strike_R+1","Defend_R","Defend_R","Bash+1","Clash"],"special_seed":0,"relics":["Burning Blood","Odd Mushroom","Happy Flower","Philosopher\u0027s Stone","Boot","MutagenicStrength"],"potions_floor_usage":[30,30,33,33],"damage_taken":[{"damage":1.0,"enemies":"Cultist","floor":1.0,"turns":3.0},{"damage":9.0,"enemies":"Small Slimes","floor":2.0,"turns":4.0},{"damage":5.0,"enemies":"Jaw Worm","floor":4.0,"turns":5.0},{"damage":6.0,"enemies":"2 Fungi Beasts","floor":5.0,"turns":4.0},{"damage":10.0,"enemies":"Exordium Thugs","floor":7.0,"turns":4.0},{"damage":25.0,"enemies":"The Mushroom Lair","floor":8.0,"turns":6.0},{"damage":12.0,"enemies":"Blue Slaver","floor":13.0,"turns":3.0},{"damage":10.0,"enemies":"Looter","floor":14.0,"turns":2.0},{"damage":51.0,"enemies":"Slime Boss","floor":16.0,"turns":10.0},{"damage":8.0,"enemies":"Chosen","floor":18.0,"turns":4.0},{"damage":22.0,"enemies":"Spheric Guardian","floor":20.0,"turns":4.0},{"damage":45.0,"enemies":"Snake Plant","floor":24.0,"turns":4.0},{"damage":25.0,"enemies":"Shelled Parasite and Fungi","floor":27.0,"turns":7.0},{"damage":6,"enemies":"Sentry and Sphere","floor":30,"turns":3},{"damage":25,"enemies":"Cultist and Chosen","floor":31,"turns":5},{"damage":70,"enemies":"Champ","floor":33,"turns":6}],"seed_played":"-2856343899815702870","potions_obtained":[{"floor":1.0,"key":"LiquidBronze"},{"floor":2.0,"key":"Poison Potion"},{"floor":5.0,"key":"Strength Potion"},{"floor":13.0,"key":"SteroidPotion"},{"floor":24.0,"key":"SpeedPotion"},{"floor":27.0,"key":"AttackPotion"},{"floor":30,"key":"AttackPotion"}],"is_trial":false,"path_per_floor":["M","M","$","M","M","R","M","?","T","R","$","R","M","M","R","B",null,"M","?","M","?","?","R","M","$","T","M","R","?","M","M","R","B"],"character_chosen":"IRONCLAD","items_purchased":[],"campfire_rested":4,"item_purchase_floors":[],"current_hp_per_floor":[80,77,77,78,78,78,74,55,55,79,79,79,73,69,69,24,80,78,78,62,62,62,80,41,41,41,22,46,46,46,27,51,0],"gold":170,"neow_bonus":"REMOVE_CARD","is_prod":false,"is_daily":false,"chose_seed":false,"campfire_upgraded":3,"win_rate":0,"timestamp":1558448904,"path_taken":["M","M","$","M","M","R","M","?","T","R","$","R","M","M","R","BOSS","M","?","M","?","?","R","M","$","T","M","R","?","M","M","R","BOSS"],"build_version":"2019-01-23","purchased_purges":3,"victory":false,"max_hp_per_floor":[80,80,80,80,80,80,80,80,80,80,80,80,80,80,80,80,80,80,80,80,80,80,80,80,80,80,80,80,80,80,80,80,80],"card_choices":[{"not_picked":["Sentinel","Clothesline","Warcry"],"picked":"SKIP","floor":1.0},{"not_picked":["Power Through","Fire Breathing","Burning Pact"],"picked":"SKIP","floor":2.0},{"not_picked":["Ghostly Armor","Wild Strike","Reckless Charge"],"picked":"SKIP","floor":4.0},{"not_picked":["Rage","Iron Wave","Entrench"],"picked":"SKIP","floor":5.0},{"not_picked":["Body Slam","Thunderclap","Sentinel"],"picked":"SKIP","floor":7.0},{"not_picked":["Carnage","Cleave","Body Slam"],"picked":"SKIP","floor":13.0},{"not_picked":["Power Through","Corruption","Wild Strike"],"picked":"SKIP","floor":14.0},{"not_picked":["Cleave","Twin Strike+1","Heavy Blade"],"picked":"SKIP","floor":18.0},{"not_picked":["Headbutt","Wild Strike+1","Carnage"],"picked":"SKIP","floor":20.0},{"not_picked":["Seeing Red","Twin Strike","Evolve"],"picked":"SKIP","floor":24.0},{"not_picked":["Havoc","Second Wind+1","Iron Wave"],"picked":"SKIP","floor":27.0},{"not_picked":["Inflame","Dual Wield"],"picked":"Clash","floor":30},{"not_picked":["Havoc","Uppercut+1","Armaments"],"picked":"SKIP","floor":31}],"player_experience":554164,"relics_obtained":[{"floor":8.0,"key":"Odd Mushroom"},{"floor":9.0,"key":"Happy Flower"},{"floor":26.0,"key":"Boot"}],"event_choices":[{"damage_healed":0.0,"max_hp_gain":0.0,"max_hp_loss":0.0,"gold_gain":0.0,"event_name":"Mushrooms","player_choice":"Fought Mushrooms","floor":8.0,"gold_loss":0.0,"damage_taken":0.0},{"damage_healed":0.0,"max_hp_gain":0.0,"max_hp_loss":0.0,"gold_gain":0.0,"event_name":"Cursed Tome","player_choice":"Ignored","floor":19.0,"gold_loss":0.0,"damage_taken":0.0},{"damage_healed":0.0,"max_hp_gain":0.0,"max_hp_loss":0.0,"gold_gain":99.0,"event_name":"Nest","player_choice":"Stole From Cult","floor":21.0,"gold_loss":0.0,"damage_taken":0.0},{"cards_removed":["Strike_R"],"damage_healed":0.0,"max_hp_gain":0.0,"max_hp_loss":0.0,"gold_gain":0.0,"event_name":"Beggar","player_choice":"Gave Gold","floor":22.0,"gold_loss":75.0,"damage_taken":0.0},{"damage_healed":0.0,"max_hp_gain":0.0,"max_hp_loss":0.0,"gold_gain":0.0,"event_name":"Drug Dealer","player_choice":"Inject Mutagens","floor":29.0,"gold_loss":0.0,"damage_taken":0.0,"relics_obtained":["MutagenicStrength"]}],"is_beta":false,"boss_relics":[{"not_picked":["Eternal Feather","Cursed Key"],"picked":"Philosopher\u0027s Stone"}],"items_purged_floors":[3,11,25],"is_endless":false,"potions_floor_spawned":[1,2,5,13,14,24,27,30],"killed_by":"Champ","ascension_level":0}