{"gold_per_floor":[109,129,304,304,317,317,327,307,307,307,188,212,212,224,224,326,326,344,364,364,364,101,101,34,34],"floor_reached":25,"playtime":925,"items_purged":[],"score":265,"play_id":"b43114b3-6b8a-452b-b09b-e881be4348d9","local_time":"20190127152530","is_ascension_mode":true,"campfire_choices":[{"data":"Darkness","floor":6,"key":"SMITH"},{"floor":10,"key":"REST"},{"data":"Dualcast","floor":13,"key":"SMITH"},{"data":"Chaos","floor":15,"key":"SMITH"},{"data":"HandOfGreed","floor":23,"key":"SMITH"}],"neow_cost":"NONE","seed_source_timestamp":335064420548382,"circlet_count":0,"master_deck":["Strike_B","Strike_B","Defend_B","Defend_B","Defend_B","Defend_B","Zap","Dualcast+1","Darkness+1","Chaos+1","Doubt","Pain","Conserve Battery","Melter","Doom and Gloom","FTL","Amplify","Go for the Eyes+1","Steam","Storm","Ball Lightning","HandOfGreed+1","Self Repair","Loop"],"relics":["Cracked Core","WarpedTongs","Symbiotic Virus","Strawberry","White Beast Statue"],"potions_floor_usage":[25,25,25],"damage_taken":[{"damage":4,"enemies":"Small Slimes","floor":1,"turns":3},{"damage":1,"enemies":"Cultist","floor":2,"turns":4},{"damage":6,"enemies":"Jaw Worm","floor":5,"turns":4},{"damage":30,"enemies":"Large Slime","floor":7,"turns":5},{"damage":7,"enemies":"Blue Slaver","floor":14,"turns":4},{"damage":44,"enemies":"The Guardian","floor":16,"turns":9},{"damage":16,"enemies":"Spheric Guardian","floor":18,"turns":3},{"damage":32,"enemies":"Shell Parasite","floor":19,"turns":4},{"damage":53,"enemies":"Cultist and Chosen","floor":25,"turns":5}],"seed_played":"-7941697219663157217","potions_obtained":[{"floor":2,"key":"GamblersBrew"},{"floor":5,"key":"Fire Potion"},{"floor":7,"key":"SteroidPotion"},{"floor":8,"key":"FearPotion"},{"floor":18,"key":"Explosive Potion"}],"is_trial":false,"path_per_floor":["M","M","?","?","M","R","M","?","T","R","$","T","R","M","R","B",null,"M","M","?","?","$","R","$","M"],"character_chosen":"DEFECT","items_purchased":["Doom and Gloom","FTL","HandOfGreed","Self Repair","Loop"],"campfire_rested":1,"item_purchase_floors":[11,11,22,22,24],"current_hp_per_floor":[71,70,70,70,64,64,34,34,34,58,58,65,65,58,58,14,70,54,22,51,51,51,51,51,0],"gold":34,"neow_bonus":"TEN_PERCENT_HP_BONUS","is_prod":false,"is_daily":false,"chose_seed":false,"campfire_upgraded":4,"win_rate":0,"timestamp":1548620730,"path_taken":["M","M","?","?","?","R","M","?","T","R","?","?","R","M","R","BOSS","M","M","?","?","?","R","?","M"],"build_version":"2019-01-23","purchased_purges":0,"victory":false,"max_hp_per_floor":[82,82,82,82,82,82,82,82,82,82,82,89,89,89,89,89,89,89,89,89,89,89,89,89,89],"card_choices":[{"not_picked":["Leap","Compile Driver"],"picked":"Darkness","floor":1},{"not_picked":["Genetic Algorithm","Ball Lightning"],"picked":"Chaos","floor":2},{"not_picked":["Undo","Heatsinks"],"picked":"Conserve Battery","floor":5},{"not_picked":["Gash","Streamline"],"picked":"Melter","floor":7},{"not_picked":["Rip and Tear","Storm","Reprogram"],"picked":"SKIP","floor":14},{"not_picked":["Multi-Cast","Fission"],"picked":"Amplify","floor":16},{"not_picked":["Steam Power+1","Auto Shields"],"picked":"Go for the Eyes+1","floor":18},{"not_picked":["Sunder","Consume"],"picked":"Steam","floor":19}],"player_experience":2034870,"relics_obtained":[{"floor":9,"key":"Symbiotic Virus"},{"floor":12,"key":"Strawberry"}],"event_choices":[{"damage_healed":0,"gold_gain":175,"player_choice":"AGREE","damage_taken":0,"max_hp_gain":0,"max_hp_loss":0,"event_name":"Liars Game","floor":3,"gold_loss":0,"cards_obtained":["Doubt"]},{"damage_healed":0,"gold_gain":0,"player_choice":"Rummage","damage_taken":0,"relics_obtained":["WarpedTongs"],"max_hp_gain":0,"max_hp_loss":0,"event_name":"Accursed Blacksmith","floor":4,"gold_loss":0,"cards_obtained":["Pain"]},{"damage_healed":0,"gold_gain":0,"player_choice":"Bought 1 Potion","damage_taken":0,"max_hp_gain":0,"max_hp_loss":0,"event_name":"The Woman in Blue","floor":8,"gold_loss":0},{"damage_healed":29,"gold_gain":0,"player_choice":"Heal","damage_taken":0,"max_hp_gain":0,"max_hp_loss":0,"event_name":"The Library","floor":20,"gold_loss":0},{"damage_healed":0,"gold_gain":0,"cards_transformed":["Strike_B","Strike_B"],"player_choice":"Became Test Subject","damage_taken":0,"max_hp_gain":0,"max_hp_loss":0,"event_name":"Drug Dealer","floor":21,"gold_loss":0,"cards_obtained":["Storm","Ball Lightning"]}],"is_beta":false,"boss_relics":[{"not_picked":["Black Star","Tiny House"],"picked":"White Beast Statue"}],"items_purged_floors":[],"is_endless":false,"potions_floor_spawned":[2,5,7,18,19],"killed_by":"Cultist and Chosen","ascension_level":8}