{"gold_per_floor":[119,133,133,146,146,146,160,160,186,212,222,222,233,75,75,146,146,161,80,80,100,50,50,69,85,110,110,121,121,121,44,44,123,123,138,148,148,164,164],"floor_reached":39,"playtime":2093,"items_purged":["Pain"],"score":651,"play_id":"8eba44ac-c7d9-4ede-aec9-571f5b8ec811","local_time":"20190419095214","is_ascension_mode":true,"campfire_choices":[{"data":"Sunder","floor":6,"key":"SMITH"},{"data":"Sunder","floor":8,"key":"SMITH"},{"data":"Echo Form","floor":12,"key":"SMITH"},{"floor":15,"key":"REST"},{"floor":23,"key":"REST"},{"floor":29,"key":"REST"},{"data":"Seek","floor":32,"key":"SMITH"}],"neow_cost":"TEN_PERCENT_HP_LOSS","seed_source_timestamp":215598050536400,"circlet_count":0,"master_deck":["AscendersBane","Defend_B","Defend_B","Zap","Dualcast","Sunder+1","Go for the Eyes","Doom and Gloom","Sunder+1","Echo Form+1","Sunder","Undo","Dramatic Entrance","Hyperbeam","Coolheaded+1","Steam Power+1","Core Surge+1","Conserve Battery","Meteor Strike","RitualDagger","Leap","Seek+1","Melter","Core Surge","Leap","Chill","Hyperbeam","Stack+1","Hologram","Decay","Reprogram"],"relics":["Cracked Core","WarpedTongs","Lantern","Vajra","Astrolabe","Happy Flower","Busted Crown"],"potions_floor_usage":[4,21,21,25,33,33,38,39],"damage_taken":[{"damage":6,"enemies":"Jaw Worm","floor":1,"turns":4},{"damage":1,"enemies":"Cultist","floor":2,"turns":3},{"damage":0,"enemies":"2 Louse","floor":4,"turns":1},{"damage":10,"enemies":"Blue Slaver","floor":7,"turns":2},{"damage":14,"enemies":"3 Sentries","floor":10,"turns":3},{"damage":6,"enemies":"Red Slaver","floor":11,"turns":2},{"damage":1,"enemies":"Large Slime","floor":13,"turns":3},{"damage":20,"enemies":"The Guardian","floor":16,"turns":9},{"damage":6,"enemies":"3 Byrds","floor":18,"turns":3},{"damage":9,"enemies":"Shell Parasite","floor":21,"turns":5},{"damage":0,"enemies":"3 Cultists","floor":24,"turns":3},{"damage":29,"enemies":"Shelled Parasite and Fungi","floor":25,"turns":3},{"damage":0,"enemies":"Snecko","floor":28,"turns":3},{"damage":58,"enemies":"Collector","floor":33,"turns":10},{"damage":14,"enemies":"3 Shapes","floor":35,"turns":2},{"damage":11,"enemies":"Orb Walker","floor":36,"turns":2},{"damage":8,"enemies":"Maw","floor":38,"turns":8},{"damage":18,"enemies":"Spire Growth","floor":39,"turns":4}],"seed_played":"-7805401035184480139","potions_obtained":[{"floor":1,"key":"AttackPotion"},{"floor":2,"key":"Dexterity Potion"},{"floor":11,"key":"FearPotion"},{"floor":16,"key":"AttackPotion"},{"floor":21,"key":"Fire Potion"},{"floor":24,"key":"FocusPotion"},{"floor":25,"key":"Swift Potion"},{"floor":36,"key":"SpeedPotion"},{"floor":38,"key":"Dexterity Potion"}],"is_trial":false,"path_per_floor":["M","M","?","M","?","R","M","R","T","E","M","R","M","$","R","B",null,"M","$","?","M","$","R","M","M","T","?","M","R","?","$","R","B",null,"M","M","?","M","M"],"character_chosen":"DEFECT","items_purchased":["Dramatic Entrance","Meteor Strike","Leap","Chill"],"campfire_rested":3,"item_purchase_floors":[14,19,22,31],"current_hp_per_floor":[58,57,57,57,57,57,47,47,47,33,27,27,26,26,45,25,54,48,48,42,33,33,52,52,23,23,23,23,42,64,64,64,6,50,36,25,25,17,0],"gold":164,"neow_bonus":"REMOVE_TWO","is_prod":false,"is_daily":false,"chose_seed":false,"campfire_upgraded":4,"win_rate":0,"timestamp":1555681934,"path_taken":["M","M","?","M","?","R","?","R","T","E","M","R","M","$","R","BOSS","M","$","?","M","$","R","M","M","T","?","?","R","?","?","R","BOSS","M","M","?","M","M"],"build_version":"2019-01-23","purchased_purges":1,"victory":false,"max_hp_per_floor":[64,64,64,64,64,64,64,64,64,64,64,64,64,64,64,64,64,64,64,64,64,64,64,64,64,64,64,64,64,64,64,64,64,64,64,64,64,64,64],"card_choices":[{"not_picked":["Conserve Battery","Chill"],"picked":"Sunder","floor":1},{"not_picked":["Redo","Ball Lightning"],"picked":"Go for the Eyes","floor":2},{"not_picked":["Barrage","Glacier"],"picked":"Doom and Gloom","floor":4},{"not_picked":["Reprogram","Steam Power"],"picked":"Sunder","floor":7},{"not_picked":["Loop","Melter"],"picked":"Echo Form","floor":10},{"not_picked":["Scrape","Streamline"],"picked":"Sunder","floor":11},{"not_picked":["Cold Snap","Hologram"],"picked":"Undo","floor":13},{"not_picked":["All For One","Thunder Strike"],"picked":"Hyperbeam","floor":16},{"not_picked":["Cold Snap","Hologram"],"picked":"Conserve Battery","floor":18},{"not_picked":["Redo","Consume","Coolheaded"],"picked":"SKIP","floor":21},{"not_picked":["Melter","Coolheaded"],"picked":"Seek","floor":24},{"not_picked":["Gash","Ball Lightning"],"picked":"Melter","floor":25},{"not_picked":["Sunder","Reprogram+1"],"picked":"Leap","floor":28},{"not_picked":["Seek","Multi-Cast"],"picked":"Hyperbeam","floor":33},{"not_picked":[],"picked":"Stack+1","floor":35},{"not_picked":[],"picked":"Hologram","floor":36},{"not_picked":[],"picked":"Reprogram","floor":38}],"player_experience":2775607,"relics_obtained":[{"floor":9,"key":"Lantern"},{"floor":10,"key":"Vajra"},{"floor":26,"key":"Happy Flower"}],"event_choices":[{"damage_healed":0,"gold_gain":0,"player_choice":"Ignored","damage_taken":0,"max_hp_gain":0,"max_hp_loss":0,"event_name":"Golden Idol","floor":3,"gold_loss":0},{"damage_healed":0,"gold_gain":0,"player_choice":"Rummage","damage_taken":0,"relics_obtained":["WarpedTongs"],"max_hp_gain":0,"max_hp_loss":0,"event_name":"Accursed Blacksmith","floor":5,"gold_loss":0,"cards_obtained":["Pain"]},{"damage_healed":0,"gold_gain":0,"player_choice":"Joined the Cult","damage_taken":6,"max_hp_gain":0,"max_hp_loss":0,"event_name":"Nest","floor":20,"gold_loss":0,"cards_obtained":["RitualDagger"]},{"damage_healed":0,"gold_gain":0,"cards_transformed":["Strike_B"],"player_choice":"Transformed","damage_taken":0,"max_hp_gain":0,"max_hp_loss":0,"event_name":"Transmorgrifier","floor":27,"gold_loss":0,"cards_obtained":["Core Surge"]},{"damage_healed":22,"gold_gain":0,"player_choice":"Full Heal","damage_taken":0,"max_hp_gain":0,"max_hp_loss":0,"event_name":"Wheel of Change","floor":30,"gold_loss":0},{"damage_healed":0,"gold_gain":0,"player_choice":"Cursed","damage_taken":0,"max_hp_gain":0,"max_hp_loss":0,"event_name":"Wheel of Change","floor":37,"gold_loss":0,"cards_obtained":["Decay"]}],"is_beta":false,"boss_relics":[{"not_picked":["Pandora\u0027s Box","Fusion Hammer"],"picked":"Astrolabe"},{"not_picked":["Runic Dome","Coffee Dripper"],"picked":"Busted Crown"}],"items_purged_floors":[14],"is_endless":false,"potions_floor_spawned":[1,2,11,16,21,24,25,36,38],"killed_by":"Spire Growth","ascension_level":14}