{"gold_per_floor":[109,119,138,138,13,51,66,109,133,33,57,57,95,109,109,233,263,279,293,318,318,318,318,318],"floor_reached":24,"playtime":1146,"items_purged":["Defend_R","Defend_R"],"score":218,"play_id":"8e9f83df-dced-47ac-af46-bb51a1b95106","local_time":"20180727234626","is_ascension_mode":false,"campfire_choices":[{"data":"Armaments","floor":12,"key":"SMITH"},{"floor":15,"key":"REST"},{"floor":23,"key":"REST"}],"neow_cost":"NONE","seed_source_timestamp":65139431118358,"circlet_count":0,"master_deck":["Strike_R","Strike_R","Strike_R","Strike_R","Strike_R","Defend_R","Defend_R","Bash","Immolate","Iron Wave","Wild Strike","Armaments+1","Power Through","Dual Wield","Double Tap","Wild Strike","Immolate","Doubt","Writhe","Normality","Iron Wave"],"relics":["Burning Blood","Golden Idol","Blue Candle","Art of War","Happy Flower","Vajra","Calling Bell","Tiny Chest","Toxic Egg 2","Sundial","Regal Pillow"],"potions_floor_usage":[6,7,16,16],"damage_taken":[{"damage":0,"enemies":"Small Slimes","floor":1,"turns":2},{"damage":8,"enemies":"Jaw Worm","floor":2,"turns":3},{"damage":0,"enemies":"2 Louse","floor":3,"turns":1},{"damage":39,"enemies":"Lagavulin","floor":6,"turns":7},{"damage":1,"enemies":"Exordium Wildlife","floor":7,"turns":3},{"damage":6,"enemies":"3 Sentries","floor":8,"turns":6},{"damage":0,"enemies":"Large Slime","floor":11,"turns":4},{"damage":15,"enemies":"Gremlin Nob","floor":13,"turns":4},{"damage":0,"enemies":"Looter","floor":14,"turns":2},{"damage":56,"enemies":"The Guardian","floor":16,"turns":11},{"damage":20,"enemies":"2 Thieves","floor":18,"turns":3},{"damage":35,"enemies":"3 Byrds","floor":19,"turns":5},{"damage":45,"enemies":"Centurion and Healer","floor":20,"turns":8},{"damage":50,"enemies":"Book of Stabbing","floor":24,"turns":3}],"seed_played":"824061121276574760","potions_obtained":[{"floor":2,"key":"Fruit Juice"},{"floor":6,"key":"Fruit Juice"},{"floor":7,"key":"Strength Potion"},{"floor":8,"key":"EssenceOfSteel"},{"floor":11,"key":"Weak Potion"},{"floor":18,"key":"SneckoOil"}],"is_trial":false,"path_per_floor":["M","M","M","?","$","E","M","E","T","$","M","R","E","M","R","B",null,"M","M","M","?","?","R"],"character_chosen":"IRONCLAD","items_purchased":["Armaments"],"campfire_rested":2,"item_purchase_floors":[5],"current_hp_per_floor":[80,78,80,60,60,32,42,42,42,42,48,48,39,45,72,22,90,76,47,8,8,8,50,0],"gold":318,"neow_bonus":"ONE_RANDOM_RARE_CARD","is_prod":false,"is_daily":false,"chose_seed":false,"campfire_upgraded":1,"win_rate":0,"timestamp":1532749586,"path_taken":["M","M","M","?","$","E","M","E","T","$","M","R","E","M","R","BOSS","M","M","M","?","?","R","E"],"build_version":"2018-07-26","purchased_purges":2,"victory":false,"max_hp_per_floor":[80,80,80,80,80,85,90,90,90,90,90,90,90,90,90,90,90,90,90,90,90,90,90,90],"card_choices":[{"not_picked":["Flex","Clothesline"],"picked":"Iron Wave","floor":1},{"not_picked":["Dual Wield","Twin Strike","Anger"],"picked":"SKIP","floor":2},{"not_picked":["Ghostly Armor","Sword Boomerang"],"picked":"Wild Strike","floor":3},{"not_picked":["Clothesline","Havoc"],"picked":"Power Through","floor":6},{"not_picked":["Warcry","Seeing Red","Entrench"],"picked":"SKIP","floor":7},{"not_picked":["Havoc","Clothesline","Flex"],"picked":"SKIP","floor":8},{"not_picked":["Shrug It Off","Feel No Pain"],"picked":"Dual Wield","floor":11},{"not_picked":["Hemokinesis","Perfected Strike"],"picked":"Double Tap","floor":13},{"not_picked":["Warcry","Twin Strike"],"picked":"Wild Strike","floor":14},{"not_picked":["Berserk","Brutality"],"picked":"Immolate","floor":16},{"not_picked":["Thunderclap","Sword Boomerang","Pommel Strike"],"picked":"SKIP","floor":18},{"not_picked":["Cleave","Pommel Strike","Heavy Blade"],"picked":"SKIP","floor":19},{"not_picked":["Sever Soul","Flex+1"],"picked":"Iron Wave","floor":20}],"player_experience":535547,"relics_obtained":[{"floor":6,"key":"Blue Candle"},{"floor":8,"key":"Art of War"},{"floor":9,"key":"Happy Flower"},{"floor":13,"key":"Vajra"},{"floor":17,"key":"Tiny Chest"},{"floor":17,"key":"Toxic Egg 2"},{"floor":17,"key":"Sundial"}],"event_choices":[{"event_name":"Golden Idol","player_choice":"Take Damage","floor":4,"damage_taken":0},{"event_name":"Drug Dealer","player_choice":"Ignored","floor":21,"damage_taken":0},{"event_name":"WeMeetAgain","player_choice":"Potion","floor":22,"damage_taken":0}],"is_beta":false,"boss_relics":[{"not_picked":["Pandora\u0027s Box","Busted Crown"],"picked":"Calling Bell"}],"items_purged_floors":[5,10],"is_endless":false,"potions_floor_spawned":[2,6,7,8,11,18],"killed_by":"Book of Stabbing","ascension_level":0}