{"path_per_floor":["M","$","M","M","?","R","E","R","T","M","M","?","?","M","R","B"],"character_chosen":"IRONCLAD","items_purchased":[],"gold_per_floor":[117,42,58,68,68,68,96,96,96,113,127,127,127,145,145,270,270],"floor_reached":17,"campfire_rested":0,"playtime":659,"item_purchase_floors":[],"current_hp_per_floor":[46,46,52,57,57,57,38,38,38,44,49,75,55,55,55,23,23],"items_purged":["Defend_R"],"gold":270,"score":157,"play_id":"5573eae7-5b1e-471a-84f1-d70e78e1a38f","local_time":"20180530140749","is_prod":false,"is_daily":false,"chose_seed":false,"is_ascension_mode":false,"campfire_upgraded":0,"win_rate":0,"timestamp":1527682069,"campfire_choices":[{"data":"1","floor":6,"key":"LIFT"},{"data":"2","floor":8,"key":"LIFT"},{"data":"3","floor":15,"key":"LIFT"}],"path_taken":["M","$","M","M","?","R","E","R","T","M","M","?","?","M","R","BOSS"],"build_version":"2018-05-24","seed_source_timestamp":1181734580536830,"purchased_purges":1,"victory":false,"master_deck":["Strike_R","Strike_R","Strike_R","Strike_R","Defend_R","Defend_R","Defend_R","Bash","Thunderclap","Dual Wield","Barricade","Cleave","Sword Boomerang","Double Tap"],"max_hp_per_floor":[80,80,80,80,80,80,80,80,80,80,80,80,80,80,80,80,80],"relics":["Burning Blood","Girya","Red Skull","Kunai","Golden Idol","Orrery"],"card_choices":[{"not_picked":["Body Slam","Hemokinesis"],"picked":"Thunderclap","floor":1},{"not_picked":["True Grit","Perfected Strike"],"picked":"Dual Wield","floor":3},{"not_picked":["Sentinel","Wild Strike","Body Slam"],"picked":"SKIP","floor":4},{"not_picked":["True Grit","Evolve"],"picked":"Barricade","floor":7},{"not_picked":["Heavy Blade","Wild Strike"],"picked":"Cleave","floor":10},{"not_picked":["Thunderclap","True Grit","Heavy Blade"],"picked":"SKIP","floor":11},{"not_picked":["Perfected Strike","Twin Strike"],"picked":"Sword Boomerang","floor":14},{"not_picked":["Offering","Berserk"],"picked":"Double Tap","floor":16}],"player_experience":88419,"potions_floor_usage":[7,16],"damage_taken":[{"damage":0,"enemies":"2 Louse","floor":1,"turns":4},{"damage":0,"enemies":"Small Slimes","floor":3,"turns":3},{"damage":1,"enemies":"Jaw Worm","floor":4,"turns":3},{"damage":25,"enemies":"3 Sentries","floor":7,"turns":6},{"damage":0,"enemies":"Large Slime","floor":10,"turns":3},{"damage":1,"enemies":"Exordium Wildlife","floor":11,"turns":2},{"damage":6,"enemies":"3 Louse","floor":14,"turns":3},{"damage":38,"enemies":"The Guardian","floor":16,"turns":6}],"relics_obtained":[{"floor":7,"key":"Red Skull"},{"floor":9,"key":"Kunai"}],"event_choices":[{"event_name":"Living Wall","player_choice":"Forget","floor":5,"damage_taken":0},{"event_name":"Big Fish","player_choice":"Banana","floor":12,"damage_taken":0},{"event_name":"Golden Idol","player_choice":"Take Damage","floor":13,"damage_taken":0}],"boss_relics":[{"not_picked":["Cursed Key","Tiny House"],"picked":"Orrery"}],"items_purged_floors":[2],"potions_floor_spawned":[1,10,11,16],"seed_played":"3467572868619859004","ascension_level":0,"potions_obtained":[{"floor":1,"key":"SteroidPotion"},{"floor":10,"key":"SteroidPotion"},{"floor":11,"key":"SpeedPotion"},{"floor":16,"key":"BloodPotion"}],"is_trial":false}