{"gold_per_floor":[117,133,133,144,160,186,186,220,220,220,231,231],"floor_reached":12,"playtime":535,"items_purged":[],"score":126,"play_id":"3712dcb1-5165-49bf-ae13-ce324a39f751","local_time":"20190209233654","is_ascension_mode":true,"campfire_choices":[{"floor":7,"key":"REST"},{"floor":10,"key":"REST"}],"neow_cost":"NONE","seed_source_timestamp":374239414741195,"circlet_count":0,"master_deck":["Strike_B","Strike_B","Strike_B","Strike_B","Defend_B","Defend_B","Defend_B","Zap","Dualcast","Conserve Battery","Ball Lightning","Purity","Creative AI","Storm","Thunder Strike","BootSequence","Fission","Cold Snap"],"relics":["Cracked Core","Gambling Chip","Ornamental Fan","Matryoshka"],"potions_floor_usage":[8,12],"damage_taken":[{"damage":15,"enemies":"Small Slimes","floor":1,"turns":4},{"damage":0,"enemies":"Cultist","floor":2,"turns":3},{"damage":2,"enemies":"2 Louse","floor":4,"turns":2},{"damage":6,"enemies":"Looter","floor":5,"turns":3},{"damage":33,"enemies":"Lagavulin","floor":6,"turns":6},{"damage":23,"enemies":"3 Sentries","floor":8,"turns":5},{"damage":12,"enemies":"Blue Slaver","floor":11,"turns":3},{"damage":25,"enemies":"Gremlin Nob","floor":12,"turns":3}],"seed_played":"-1064221862127064967","potions_obtained":[{"floor":2,"key":"FocusPotion"},{"floor":8,"key":"EssenceOfSteel"},{"floor":11,"key":"SteroidPotion"}],"is_trial":false,"path_per_floor":["M","M","?","M","M","E","R","E","T","R","M","E"],"character_chosen":"DEFECT","items_purchased":[],"campfire_rested":2,"item_purchase_floors":[],"current_hp_per_floor":[53,53,53,51,45,12,34,11,11,33,21,0],"gold":231,"neow_bonus":"REMOVE_CARD","is_prod":false,"is_daily":false,"chose_seed":false,"campfire_upgraded":0,"win_rate":0,"timestamp":1549773414,"path_taken":["M","M","?","M","?","E","R","E","T","R","M","E"],"build_version":"2019-01-23","purchased_purges":0,"victory":false,"max_hp_per_floor":[75,75,75,75,75,75,75,75,75,75,75,75],"card_choices":[{"not_picked":["Ball Lightning","Compile Driver"],"picked":"Conserve Battery","floor":1},{"not_picked":["Turbo","Streamline"],"picked":"Ball Lightning","floor":2},{"not_picked":["Turbo","Ball Lightning"],"picked":"Storm","floor":4},{"not_picked":["Turbo","Chill"],"picked":"Thunder Strike","floor":5},{"not_picked":["Hologram","Sunder"],"picked":"BootSequence","floor":6},{"not_picked":["Melter","Core Surge"],"picked":"Fission","floor":8},{"not_picked":["Stack","Redo"],"picked":"Cold Snap","floor":11}],"player_experience":598030,"relics_obtained":[{"floor":6,"key":"Gambling Chip"},{"floor":8,"key":"Ornamental Fan"},{"floor":9,"key":"Matryoshka"}],"event_choices":[{"damage_healed":0,"gold_gain":0,"player_choice":"2 cards matched","damage_taken":0,"max_hp_gain":0,"max_hp_loss":0,"event_name":"Match and Keep!","floor":3,"gold_loss":0,"cards_obtained":["Purity","Creative AI"]}],"is_beta":false,"boss_relics":[],"items_purged_floors":[],"is_endless":false,"potions_floor_spawned":[2,8,11],"killed_by":"Gremlin Nob","ascension_level":8}