{"gold_per_floor":[109,109,34,51,66,66,86,86,86,161,37,37,70,88,88,163,163,178,190,240,85,105,105,174,188,213,213,18,37,37,49,49,49],"floor_reached":33,"playtime":1649,"items_purged":["Strike_R","Strike_R","Strike_R"],"score":494,"play_id":"231e59d8-5b5c-4aa4-a98d-8debf302d574","local_time":"20190506185014","is_ascension_mode":true,"campfire_choices":[{"data":"True Grit","floor":6,"key":"SMITH"},{"data":"Rampage","floor":8,"key":"SMITH"},{"data":"Armaments","floor":15,"key":"SMITH"},{"data":"Double Tap","floor":23,"key":"SMITH"},{"floor":27,"key":"REST"},{"floor":32,"key":"REST"}],"neow_cost":"CURSE","seed_source_timestamp":951163380231279,"circlet_count":0,"master_deck":["AscendersBane","Strike_R","Defend_R","Defend_R","Defend_R","Defend_R","Bash","Rampage+1","True Grit+1","Headbutt","Warcry","Armaments+1","Clash","Double Tap+1","Rampage","True Grit","Shrug It Off","Thinking Ahead","Sentinel"],"relics":["Burning Blood","Thread and Needle","Sundial","Bottled Lightning","Runic Pyramid","The Courier","Centennial Puzzle"],"potions_floor_usage":[13,19,25],"damage_taken":[{"damage":7,"enemies":"Jaw Worm","floor":1,"turns":4},{"damage":3,"enemies":"Small Slimes","floor":4,"turns":3},{"damage":3,"enemies":"2 Louse","floor":5,"turns":3},{"damage":6,"enemies":"Exordium Thugs","floor":7,"turns":5},{"damage":5,"enemies":"Lagavulin","floor":13,"turns":6},{"damage":4,"enemies":"3 Louse","floor":14,"turns":5},{"damage":35,"enemies":"The Guardian","floor":16,"turns":10},{"damage":22,"enemies":"Spheric Guardian","floor":18,"turns":6},{"damage":40,"enemies":"3 Byrds","floor":19,"turns":6},{"damage":4,"enemies":"Centurion and Healer","floor":22,"turns":5},{"damage":9,"enemies":"Snake Plant","floor":25,"turns":4},{"damage":5,"enemies":"Sentry and Sphere","floor":29,"turns":6},{"damage":31,"enemies":"3 Cultists","floor":31,"turns":7},{"damage":86,"enemies":"Collector","floor":33,"turns":6}],"seed_played":"-4657688473370379244","potions_obtained":[{"floor":4,"key":"BloodPotion"},{"floor":5,"key":"Weak Potion"},{"floor":22,"key":"Swift Potion"},{"floor":29,"key":"FairyPotion"}],"is_trial":false,"path_per_floor":["M","?","$","M","M","R","M","R","T","?","$","?","E","M","R","B",null,"M","M","?","$","M","R","T","M","T","R","$","M","?","M","R","B"],"character_chosen":"IRONCLAD","items_purchased":["Warcry","True Grit","Shrug It Off","Thinking Ahead"],"campfire_rested":2,"item_purchase_floors":[11,21,28,28],"current_hp_per_floor":[67,60,60,63,66,66,66,66,66,55,55,55,56,58,58,29,61,45,18,18,18,20,20,20,17,17,38,38,39,53,28,49,0],"gold":49,"neow_bonus":"ONE_RARE_RELIC","is_prod":false,"is_daily":false,"chose_seed":false,"campfire_upgraded":4,"win_rate":0,"timestamp":1557177614,"path_taken":["M","?","$","M","M","R","M","R","T","?","$","?","E","M","R","BOSS","M","M","?","$","M","R","?","M","T","R","$","M","?","M","R","BOSS"],"build_version":"2019-01-23","purchased_purges":3,"victory":false,"max_hp_per_floor":[75,72,72,72,72,72,72,72,72,72,72,72,72,72,72,72,72,72,72,72,72,72,72,72,72,72,72,72,72,72,72,72,72],"card_choices":[{"not_picked":["Havoc","Twin Strike"],"picked":"Rampage","floor":1},{"not_picked":["Headbutt","Clothesline"],"picked":"True Grit","floor":4},{"not_picked":["Sever Soul","Flex"],"picked":"Headbutt","floor":5},{"not_picked":["Body Slam","Sever Soul","Wild Strike"],"picked":"SKIP","floor":7},{"not_picked":["Whirlwind","Havoc"],"picked":"Armaments","floor":13},{"not_picked":["Flex","Body Slam"],"picked":"Clash","floor":14},{"not_picked":["Bludgeon","Fiend Fire"],"picked":"Double Tap","floor":16},{"not_picked":["Second Wind","Warcry"],"picked":"Rampage","floor":18},{"not_picked":["Wild Strike","Sever Soul","Dropkick"],"picked":"SKIP","floor":19},{"not_picked":["Armaments","Blood for Blood+1","Feel No Pain"],"picked":"SKIP","floor":22},{"not_picked":["Perfected Strike","Havoc","Sword Boomerang"],"picked":"SKIP","floor":25},{"not_picked":["Wild Strike","Heavy Blade"],"picked":"Sentinel","floor":29},{"not_picked":["Pommel Strike","Second Wind","Shrug It Off"],"picked":"SKIP","floor":31}],"player_experience":1173149,"relics_obtained":[{"floor":9,"key":"Sundial"},{"floor":13,"key":"Bottled Lightning"},{"floor":24,"key":"The Courier"},{"floor":26,"key":"Centennial Puzzle"}],"event_choices":[{"cards_removed":["Parasite"],"damage_healed":0,"gold_gain":0,"player_choice":"Card Removal","damage_taken":7,"max_hp_gain":0,"max_hp_loss":0,"event_name":"Golden Wing","floor":2,"gold_loss":0},{"damage_healed":0,"gold_gain":75,"player_choice":"Gather Gold","damage_taken":11,"max_hp_gain":0,"max_hp_loss":0,"event_name":"World of Goop","floor":10,"gold_loss":0},{"cards_removed":["Strike_R"],"damage_healed":0,"gold_gain":0,"player_choice":"Forget","damage_taken":0,"max_hp_gain":0,"max_hp_loss":0,"event_name":"Living Wall","floor":12,"gold_loss":0},{"damage_healed":0,"gold_gain":50,"player_choice":"Stole From Cult","damage_taken":0,"max_hp_gain":0,"max_hp_loss":0,"event_name":"Nest","floor":20,"gold_loss":0},{"damage_healed":14,"gold_gain":0,"player_choice":"Heal","damage_taken":0,"max_hp_gain":0,"max_hp_loss":0,"event_name":"The Library","floor":30,"gold_loss":0}],"is_beta":false,"boss_relics":[{"not_picked":["Black Blood","Runic Dome"],"picked":"Runic Pyramid"}],"items_purged_floors":[3,11,21],"is_endless":false,"potions_floor_spawned":[4,5,22,29],"killed_by":"Collector","ascension_level":20}