{"gold_per_floor":[366,37,112,112,123,123,148,148,148,148,168,197,210,173,173,248,248,261,276,1,14,14,14,29,29,29,46,46,58,75,95,95,169,169,185,14,33,33,45,45,25,25],"floor_reached":42,"playtime":2538,"items_purged":["Regret","Pain"],"score":763,"play_id":"8c9b5915-67cf-47e1-8a09-82923276d482","local_time":"20190520165617","is_ascension_mode":true,"campfire_choices":[{"data":"Lockon","floor":6.0,"key":"SMITH"},{"floor":8.0,"key":"REST"},{"data":"Zap","floor":10.0,"key":"SMITH"},{"data":"Static Discharge","floor":15.0,"key":"SMITH"},{"floor":23,"key":"REST"},{"floor":25,"key":"REST"},{"floor":28,"key":"REST"},{"floor":32,"key":"REST"},{"floor":40,"key":"REST"}],"neow_cost":"CURSE","seed_source_timestamp":0,"circlet_count":0,"master_deck":["AscendersBane","Defend_B","Defend_B","Defend_B","Defend_B","Zap+1","Dualcast","Conserve Battery","Self Repair","Lockon+1","Core Surge","Ball Lightning","Coolheaded","White Noise","Biased Cognition","Coolheaded","Static Discharge+1","Thunder Strike","Scrape+1","Redo+1","Tempest+1","Melter","Force Field","Hello World","Coolheaded","Blizzard","Cold Snap","Heatsinks","Storm","Force Field","Creative AI","Chill","Leap","Heatsinks","Go for the Eyes+1","Reprogram","Leap","Biased Cognition","Ball Lightning+1","Lockon+1","Storm","Barrage+1","Cold Snap+1","Chill","Tempest+1","Lockon+1","Recycle"],"special_seed":0,"relics":["Cracked Core","Runic Capacitor","FossilizedHelix","Prayer Wheel","Blood Vial","Astrolabe","Membership Card","WarpedTongs","Molten Egg 2","Inserter","Bronze Scales"],"potions_floor_usage":[24,27,31,33],"damage_taken":[{"damage":5.0,"enemies":"Cultist","floor":1.0,"turns":4.0},{"damage":0.0,"enemies":"2 Louse","floor":5.0,"turns":3.0},{"damage":46.0,"enemies":"Gremlin Nob","floor":7.0,"turns":5.0},{"damage":0.0,"enemies":"Jaw Worm","floor":11.0,"turns":3.0},{"damage":6.0,"enemies":"Lagavulin","floor":12.0,"turns":7.0},{"damage":18.0,"enemies":"Lots of Slimes","floor":13.0,"turns":4.0},{"damage":13.0,"enemies":"Hexaghost","floor":16.0,"turns":9.0},{"damage":22,"enemies":"2 Thieves","floor":18,"turns":3},{"damage":22,"enemies":"Shell Parasite","floor":19,"turns":4},{"damage":16,"enemies":"Sentry and Sphere","floor":21,"turns":5},{"damage":6,"enemies":"Centurion and Healer","floor":24,"turns":4},{"damage":39,"enemies":"3 Cultists","floor":27,"turns":5},{"damage":17,"enemies":"Snecko","floor":29,"turns":6},{"damage":21,"enemies":"Snake Plant","floor":30,"turns":4},{"damage":19,"enemies":"Shelled Parasite and Fungi","floor":31,"turns":4},{"damage":41,"enemies":"Champ","floor":33,"turns":8},{"damage":15,"enemies":"Orb Walker","floor":35,"turns":6},{"damage":22,"enemies":"3 Darklings","floor":37,"turns":4},{"damage":43,"enemies":"Jaw Worm Horde","floor":39,"turns":5},{"damage":43,"enemies":"Reptomancer","floor":42,"turns":2}],"seed_played":"5207153377006429156","potions_obtained":[{"floor":1.0,"key":"Fruit Juice"},{"floor":11.0,"key":"Weak Potion"},{"floor":12.0,"key":"Swift Potion"},{"floor":19,"key":"Dexterity Potion"},{"floor":27,"key":"FocusPotion"},{"floor":29,"key":"Block Potion"},{"floor":35,"key":"FairyPotion"}],"is_trial":false,"path_per_floor":["M","$","?","?","M","R","E","R","T","R","M","E","M","$","R","B",null,"M","M","$","M","?","R","M","R","T","M","R","M","M","M","R","B",null,"M","$","M","?","M","R","$","E"],"character_chosen":"DEFECT","items_purchased":["Runic Capacitor","Self Repair","Static Discharge","Membership Card","Coolheaded","Blizzard","Bronze Scales","Storm","Recycle"],"campfire_rested":6,"item_purchase_floors":[2,2,14,20,20,20,36,36,41],"current_hp_per_floor":[64,64,53,53,60,60,21,43,43,43,50,51,42,42,42,38,67,54,34,34,27,27,49,52,74,74,44,66,58,46,29,51,19,62,49,49,36,36,7,29,29,0],"gold":25,"neow_bonus":"TWO_FIFTY_GOLD","is_prod":false,"is_daily":false,"chose_seed":false,"campfire_upgraded":3,"win_rate":0,"timestamp":1558385777,"path_taken":["M","$","?","?","M","R","E","R","T","R","?","E","M","$","R","BOSS","M","M","$","?","?","R","M","R","T","M","R","M","?","M","R","BOSS","M","$","?","?","?","R","$","E"],"build_version":"2019-01-23","purchased_purges":2,"victory":false,"max_hp_per_floor":[76,76,76,76,76,76,76,76,76,76,76,76,76,76,76,76,76,76,76,76,76,76,76,76,76,76,76,76,76,76,76,76,76,76,76,76,76,76,76,76,76,76],"card_choices":[{"not_picked":["Compile Driver","Rebound"],"picked":"Conserve Battery","floor":1.0},{"not_picked":["Steam","Conserve Battery"],"picked":"Lockon","floor":5.0},{"not_picked":["Sweeping Beam","Buffer"],"picked":"Core Surge","floor":7.0},{"not_picked":["Lockon","Gash"],"picked":"Ball Lightning","floor":11.0},{"not_picked":["Beam Cell","Streamline"],"picked":"Coolheaded","floor":11.0},{"not_picked":["Leap","Tempest"],"picked":"White Noise","floor":12.0},{"not_picked":["Conserve Battery","Tempest"],"picked":"Biased Cognition","floor":13.0},{"not_picked":["Turbo","Undo"],"picked":"Coolheaded","floor":13.0},{"not_picked":["Buffer","Multi-Cast"],"picked":"Thunder Strike","floor":16.0},{"not_picked":["Leap","Redo"],"picked":"Melter","floor":18},{"not_picked":["Streamline+1","Redo","Rip and Tear"],"picked":"SKIP","floor":18},{"not_picked":["Coolheaded","Undo"],"picked":"Force Field","floor":19},{"not_picked":["Hologram","Sweeping Beam"],"picked":"Hello World","floor":19},{"not_picked":["Compile Driver+1","Streamline+1"],"picked":"Cold Snap","floor":21},{"not_picked":["Coolheaded","Leap"],"picked":"Heatsinks","floor":21},{"not_picked":["Barrage","Fusion"],"picked":"Storm","floor":24},{"not_picked":["Barrage","Ball Lightning"],"picked":"Force Field","floor":24},{"not_picked":["Cold Snap+1","Rebound+1"],"picked":"Creative AI","floor":27},{"not_picked":["Ball Lightning+1","Skim+1"],"picked":"Chill","floor":27},{"not_picked":["Redo","Genetic Algorithm"],"picked":"Leap","floor":29},{"not_picked":["Auto Shields+1","Turbo","Rebound+1"],"picked":"SKIP","floor":29},{"not_picked":["Go for the Eyes+1","Rainbow"],"picked":"Heatsinks","floor":30},{"not_picked":["Leap","Genetic Algorithm"],"picked":"Go for the Eyes+1","floor":30},{"not_picked":["Beam Cell+1","Scrape+1"],"picked":"Reprogram","floor":31},{"not_picked":["Hello World","Auto Shields"],"picked":"Leap","floor":31},{"not_picked":["Creative AI","Amplify"],"picked":"Biased Cognition","floor":33},{"not_picked":["Consume","Streamline+1"],"picked":"Ball Lightning+1","floor":35},{"not_picked":["Genetic Algorithm","Aggregate"],"picked":"Lockon+1","floor":35},{"not_picked":["Conserve Battery+1","Capacitor"],"picked":"Barrage+1","floor":37},{"not_picked":["Rip and Tear+1","Steam"],"picked":"Cold Snap+1","floor":37},{"not_picked":["Recycle+1","White Noise"],"picked":"Tempest+1","floor":39},{"not_picked":["Reinforced Body","Cold Snap+1"],"picked":"Lockon+1","floor":39}],"player_experience":2920574,"relics_obtained":[{"floor":7.0,"key":"FossilizedHelix"},{"floor":9.0,"key":"Prayer Wheel"},{"floor":12.0,"key":"Blood Vial"},{"floor":26,"key":"Molten Egg 2"}],"event_choices":[{"damage_healed":0.0,"max_hp_gain":0.0,"max_hp_loss":0.0,"gold_gain":75.0,"event_name":"World of Goop","player_choice":"Gather Gold","floor":3.0,"gold_loss":0.0,"damage_taken":11.0},{"cards_removed":["Strike_B"],"damage_healed":0.0,"max_hp_gain":0.0,"max_hp_loss":0.0,"gold_gain":0.0,"event_name":"Purifier","player_choice":"Purged","floor":4.0,"gold_loss":0.0,"damage_taken":0.0},{"damage_healed":0,"gold_gain":0,"player_choice":"Rummage","damage_taken":0,"relics_obtained":["WarpedTongs"],"max_hp_gain":0,"max_hp_loss":0,"event_name":"Accursed Blacksmith","floor":22,"gold_loss":0,"cards_obtained":["Pain"]},{"damage_healed":0,"gold_gain":0,"player_choice":"1 cards matched","damage_taken":0,"max_hp_gain":0,"max_hp_loss":0,"event_name":"Match and Keep!","floor":38,"gold_loss":0,"cards_obtained":["Chill"]}],"is_beta":false,"boss_relics":[{"not_picked":["Black Star","Lizard Tail"],"picked":"Astrolabe"},{"not_picked":["Fusion Hammer","Snecko Eye"],"picked":"Inserter"}],"items_purged_floors":[2,36],"is_endless":false,"potions_floor_spawned":[1,11,12,19,27,29,35],"killed_by":"Reptomancer","ascension_level":16}