{"gold_per_floor":[119,132,132,149,149,183,183,32,83,115,15,77,77,87,87,185,185,195,220,220,135,135,164,3,32,57,70,86,119,119,139,139,244,244,261,278,278,278,80,80,114,189,189,201,233,246,256,281,281,281],"floor_reached":51,"playtime":5343,"items_purged":["Strike_B","Strike_B","Strike_B","Defend_B"],"score":868,"play_id":"25e655e2-476a-43e7-9f80-7b89f98bd693","local_time":"20181208144908","is_ascension_mode":true,"campfire_choices":[{"data":"Zap","floor":13,"key":"SMITH"},{"floor":15,"key":"REST"},{"data":"Redo","floor":30,"key":"SMITH"},{"floor":32,"key":"REST"},{"data":"Rainbow","floor":40,"key":"SMITH"},{"floor":49,"key":"REST"}],"neow_cost":"NONE","seed_source_timestamp":158345024355283,"circlet_count":0,"master_deck":["Defend_B","Defend_B+1","Defend_B","Zap+1","Dualcast","Glacier+1","Doom and Gloom","Cold Snap","White Noise","Gash+1","All For One+1","Go for the Eyes+1","Redo+1","Blizzard+1","Beam Cell+1","FTL+1","Rainbow+1","Madness","Madness","Go for the Eyes+1","Chill+1","Seek"],"relics":["Cracked Core","Ornamental Fan","War Paint","Boot","Molten Egg 2","Gremlin Horn","Sozu","Red Mask","Bag of Preparation","Mummified Hand","Unceasing Top","Pantograph","Lantern","Shuriken","Black Star","Bronze Scales","Dream Catcher","Pocketwatch","Potion Belt","PreservedInsect","Blood Vial","Torii"],"potions_floor_usage":[5,6,10,10,12,12],"damage_taken":[{"damage":0,"enemies":"2 Louse","floor":1,"turns":3},{"damage":0,"enemies":"Cultist","floor":2,"turns":3},{"damage":0,"enemies":"Jaw Worm","floor":4,"turns":4},{"damage":0,"enemies":"Exordium Wildlife","floor":5,"turns":1},{"damage":22,"enemies":"3 Sentries","floor":6,"turns":4},{"damage":4,"enemies":"Lagavulin","floor":10,"turns":7},{"damage":23,"enemies":"Gremlin Nob","floor":12,"turns":4},{"damage":1,"enemies":"Blue Slaver","floor":14,"turns":3},{"damage":14,"enemies":"Slime Boss","floor":16,"turns":10},{"damage":4,"enemies":"3 Byrds","floor":18,"turns":4},{"damage":5,"enemies":"Masked Bandits","floor":19,"turns":4},{"damage":14,"enemies":"Slavers","floor":23,"turns":5},{"damage":2,"enemies":"Book of Stabbing","floor":25,"turns":7},{"damage":0,"enemies":"Spheric Guardian","floor":27,"turns":3},{"damage":0,"enemies":"3 Cultists","floor":28,"turns":4},{"damage":0,"enemies":"Slavers","floor":29,"turns":5},{"damage":8,"enemies":"Snake Plant","floor":31,"turns":3},{"damage":17,"enemies":"Collector","floor":33,"turns":7},{"damage":1,"enemies":"3 Shapes","floor":35,"turns":2},{"damage":0,"enemies":"Orb Walker","floor":36,"turns":2},{"damage":3,"enemies":"Reptomancer","floor":41,"turns":5},{"damage":0,"enemies":"Writhing Mass","floor":44,"turns":3},{"damage":11,"enemies":"Nemesis","floor":45,"turns":6},{"damage":0,"enemies":"3 Darklings","floor":46,"turns":2},{"damage":0,"enemies":"Transient","floor":47,"turns":5},{"damage":0,"enemies":"Giant Head","floor":48,"turns":5},{"damage":38,"enemies":"Awakened One","floor":50,"turns":12}],"seed_played":"1840106496682950118","potions_obtained":[{"floor":0,"key":"Explosive Potion"},{"floor":0,"key":"SmokeBomb"},{"floor":0,"key":"FearPotion"},{"floor":1,"key":"FocusPotion"},{"floor":7,"key":"FearPotion"},{"floor":7,"key":"PowerPotion"},{"floor":7,"key":"EssenceOfSteel"},{"floor":10,"key":"SteroidPotion"},{"floor":12,"key":"FairyPotion"}],"is_trial":false,"path_per_floor":["M","M","?","M","M","E","?","$","T","E","$","?","R","M","R","B",null,"M","?","?","?","T","E","$","E","T","M","M","E","R","M","R","B",null,"M","M","?","?","$","R","E","?","T","M","E","M","M","E","R","B",null],"character_chosen":"DEFECT","items_purchased":["White Noise","Blizzard+1","Go for the Eyes+1"],"campfire_rested":3,"item_purchase_floors":[8,24,39],"current_hp_per_floor":[75,75,75,75,75,53,53,53,53,49,49,26,26,25,47,33,75,71,66,66,66,66,52,52,50,50,50,50,50,50,42,64,58,75,74,74,65,65,65,65,62,55,55,55,44,44,44,44,66,37],"gold":281,"neow_bonus":"THREE_SMALL_POTIONS","is_prod":false,"is_daily":false,"chose_seed":false,"campfire_upgraded":3,"win_rate":0,"timestamp":1544302148,"path_taken":["M","M","?","?","M","E","?","?","T","E","$","?","R","?","R","BOSS","M","?","?","?","?","E","$","E","T","?","M","E","R","M","R","BOSS","M","?","?","?","$","R","E","?","T","M","E","M","M","E","R","BOSS"],"build_version":"2018-12-06","purchased_purges":4,"victory":true,"max_hp_per_floor":[75,75,75,75,75,75,75,75,75,75,75,75,75,75,75,75,75,75,75,75,75,75,75,75,75,75,75,75,75,75,75,75,75,75,75,75,75,75,75,75,75,75,75,75,75,75,75,75,75,75],"card_choices":[{"not_picked":["Sunder","Streamline"],"picked":"Glacier","floor":1},{"not_picked":["Redo","Scrape"],"picked":"Doom and Gloom","floor":2},{"not_picked":["Ball Lightning","Sunder"],"picked":"Cold Snap","floor":4},{"not_picked":["Compile Driver","Glacier","Reprogram"],"picked":"SKIP","floor":6},{"not_picked":["Steam Power","Melter","Coolheaded"],"picked":"SKIP","floor":10},{"not_picked":["Go for the Eyes+1","Rebound+1"],"picked":"Gash+1","floor":12},{"not_picked":["Rebound+1","Streamline+1","Doom and Gloom+1"],"picked":"SKIP","floor":14},{"not_picked":["Amplify","Hyperbeam+1"],"picked":"All For One+1","floor":16},{"not_picked":["Compile Driver+1","Fusion+1","Sweeping Beam+1"],"picked":"SKIP","floor":18},{"not_picked":["Coolheaded+1","Static Discharge"],"picked":"Go for the Eyes+1","floor":19},{"not_picked":["Fission","Stack"],"picked":"Redo","floor":23},{"not_picked":["All For One+1","Lockon+1"],"picked":"Go for the Eyes+1","floor":25},{"not_picked":["Conserve Battery","Ball Lightning+1"],"picked":"Beam Cell+1","floor":27},{"not_picked":["Darkness+1","Steam Power"],"picked":"FTL+1","floor":28},{"not_picked":["Aggregate","Turbo","Streamline+1"],"picked":"SKIP","floor":29},{"not_picked":["Rebound+1","Doom and Gloom+1","Redo"],"picked":"SKIP","floor":31},{"not_picked":["Thunder Strike+1","Fission"],"picked":"Rainbow","floor":33},{"not_picked":["Streamline+1","Rebound+1","Steam"],"picked":"SKIP","floor":35},{"not_picked":["Scrape+1","Barrage+1","Ball Lightning+1"],"picked":"SKIP","floor":36},{"not_picked":["Steam","Compile Driver+1"],"picked":"Chill+1","floor":41},{"not_picked":["Blizzard+1","Compile Driver+1","Ball Lightning+1"],"picked":"SKIP","floor":44},{"not_picked":["Tempest","Ball Lightning+1"],"picked":"Seek","floor":45},{"not_picked":["Ball Lightning+1","Sweeping Beam+1","Steam Power+1"],"picked":"SKIP","floor":46},{"not_picked":["Consume","Static Discharge","Cold Snap+1"],"picked":"SKIP","floor":47},{"not_picked":["Rebound+1","Fusion","Leap+1"],"picked":"SKIP","floor":48}],"player_experience":100050,"relics_obtained":[{"floor":6,"key":"War Paint"},{"floor":9,"key":"Boot"},{"floor":10,"key":"Molten Egg 2"},{"floor":12,"key":"Gremlin Horn"},{"floor":19,"key":"Red Mask"},{"floor":22,"key":"Mummified Hand"},{"floor":23,"key":"Unceasing Top"},{"floor":25,"key":"Pantograph"},{"floor":26,"key":"Lantern"},{"floor":29,"key":"Shuriken"},{"floor":41,"key":"Bronze Scales"},{"floor":41,"key":"Dream Catcher"},{"floor":43,"key":"Pocketwatch"},{"floor":45,"key":"Potion Belt"},{"floor":45,"key":"PreservedInsect"},{"floor":48,"key":"Blood Vial"},{"floor":48,"key":"Torii"}],"event_choices":[{"damage_healed":0,"gold_gain":0,"player_choice":"Gave Potion","damage_taken":0,"relics_obtained":["Ornamental Fan"],"max_hp_gain":0,"max_hp_loss":0,"event_name":"WeMeetAgain","floor":3,"gold_loss":0},{"damage_healed":0,"gold_gain":0,"player_choice":"Got Potions","damage_taken":0,"max_hp_gain":0,"max_hp_loss":0,"event_name":"Lab","floor":7,"gold_loss":0},{"damage_healed":0,"gold_gain":30,"player_choice":"Searched \u00273\u0027 times","damage_taken":0,"max_hp_gain":0,"max_hp_loss":0,"event_name":"Dead Adventurer","floor":12,"gold_loss":0},{"damage_healed":0,"gold_gain":0,"player_choice":"Fought Bandits","damage_taken":0,"max_hp_gain":0,"max_hp_loss":0,"event_name":"Masked Bandits","floor":19,"gold_loss":0},{"cards_removed":["Strike_B"],"damage_healed":0,"gold_gain":0,"player_choice":"Elegance","damage_taken":0,"max_hp_gain":0,"max_hp_loss":0,"event_name":"Back to Basics","floor":20,"gold_loss":0},{"damage_healed":0,"gold_gain":0,"player_choice":"Obtained Relic","damage_taken":0,"relics_obtained":["Bag of Preparation"],"max_hp_gain":0,"max_hp_loss":0,"event_name":"Addict","floor":21,"gold_loss":85},{"damage_healed":0,"gold_gain":0,"player_choice":"Embrace Madness","damage_taken":9,"max_hp_gain":0,"max_hp_loss":0,"event_name":"Winding Halls","floor":37,"gold_loss":0,"cards_obtained":["Madness","Madness"]},{"cards_removed":["Go for the Eyes"],"damage_healed":0,"gold_gain":0,"player_choice":"Removed Attack","damage_taken":0,"max_hp_gain":0,"max_hp_loss":0,"event_name":"Falling","floor":38,"gold_loss":0},{"damage_healed":0,"gold_gain":75,"player_choice":"Touch","damage_taken":7,"max_hp_gain":0,"max_hp_loss":0,"event_name":"FaceTrader","floor":42,"gold_loss":0}],"is_beta":false,"boss_relics":[{"not_picked":["Velvet Choker","Runic Pyramid"],"picked":"Sozu"},{"not_picked":["Empty Cage","Cursed Key"],"picked":"Black Star"}],"items_purged_floors":[8,11,24,39],"is_endless":false,"potions_floor_spawned":[1,2,10,12,18,19,27,31,33,44,45,48],"ascension_level":1}