{"gold_per_floor":[118,118,118,118,118,118,169,199,199,218,218,242,167,167,167,297,297,315,336,351,351],"floor_reached":21,"playtime":572,"items_purged":["Strike_R"],"score":167,"play_id":"c24de94f-e61b-4355-9466-8d9b23643c09","local_time":"20190522101311","is_ascension_mode":false,"campfire_choices":[{"data":"Bash","floor":6,"key":"SMITH"},{"data":"Shrug It Off","floor":11,"key":"SMITH"},{"data":"Finesse","floor":15,"key":"SMITH"}],"neow_cost":"NONE","seed_source_timestamp":509132767942664,"circlet_count":0,"master_deck":["Strike_R","Strike_R","Strike_R+1","Strike_R","Defend_R","Defend_R+1","Defend_R","Bash+1","Finesse+1","Shrug It Off+1","Clash"],"relics":["Burning Blood","Du-Vu Doll","Golden Idol","Oddly Smooth Stone","Gambling Chip","Matryoshka","Orrery"],"potions_floor_usage":[16,16],"damage_taken":[{"damage":4,"enemies":"2 Louse","floor":1,"turns":3},{"damage":0,"enemies":"Small Slimes","floor":10,"turns":2},{"damage":0,"enemies":"Cultist","floor":12,"turns":2},{"damage":83,"enemies":"Hexaghost","floor":16,"turns":13},{"damage":7,"enemies":"Spheric Guardian","floor":18,"turns":4},{"damage":31,"enemies":"2 Thieves","floor":19,"turns":4},{"damage":9,"enemies":"Snake Plant","floor":20,"turns":5},{"damage":63,"enemies":"3 Cultists","floor":21,"turns":9}],"seed_played":"3078602351234337263","potions_obtained":[{"floor":1,"key":"Regen Potion"},{"floor":10,"key":"Dexterity Potion"},{"floor":12,"key":"Regen Potion"},{"floor":18,"key":"EssenceOfSteel"}],"is_trial":false,"path_per_floor":["M","$","?","?","?","R","T","?","T","M","R","M","$","?","R","B",null,"M","M","M","M"],"character_chosen":"IRONCLAD","items_purchased":[],"campfire_rested":0,"item_purchase_floors":[],"current_hp_per_floor":[80,80,64,52,32,32,32,32,32,38,38,44,44,44,44,22,80,79,54,51,0],"gold":351,"neow_bonus":"RANDOM_COLORLESS","is_prod":false,"is_daily":false,"chose_seed":false,"campfire_upgraded":3,"win_rate":0,"timestamp":1558491191,"path_taken":["M","$","?","?","?","R","?","?","T","M","R","M","$","?","R","BOSS","M","M","M","M"],"build_version":"2019-01-23","purchased_purges":1,"victory":false,"max_hp_per_floor":[80,80,80,80,80,80,80,80,80,80,80,80,80,80,80,80,80,80,80,80,80],"card_choices":[{"not_picked":["Warcry","Whirlwind","Havoc"],"picked":"SKIP","floor":1},{"not_picked":["Pommel Strike","Burning Pact"],"picked":"Shrug It Off","floor":10},{"not_picked":["Headbutt","Iron Wave","Rage"],"picked":"SKIP","floor":12},{"not_picked":["Dual Wield","Spot Weakness"],"picked":"Clash","floor":17},{"not_picked":["Dual Wield","Reckless Charge","Flex+1"],"picked":"SKIP","floor":18},{"not_picked":["Spot Weakness","Thunderclap","True Grit"],"picked":"SKIP","floor":19},{"not_picked":["Twin Strike","Pommel Strike+1","Perfected Strike"],"picked":"SKIP","floor":20}],"player_experience":561283,"relics_obtained":[{"floor":7,"key":"Oddly Smooth Stone"},{"floor":9,"key":"Matryoshka"}],"event_choices":[{"damage_healed":0,"gold_gain":0,"player_choice":"Entered Light","damage_taken":16,"max_hp_gain":0,"max_hp_loss":0,"event_name":"Shining Light","floor":3,"gold_loss":0,"cards_upgraded":["Defend_R","Strike_R"]},{"damage_healed":0,"gold_gain":0,"player_choice":"Success","damage_taken":12,"relics_obtained":["Du-Vu Doll"],"max_hp_gain":0,"max_hp_loss":0,"event_name":"Scrap Ooze","floor":4,"gold_loss":0},{"damage_healed":0,"gold_gain":0,"player_choice":"Take Damage","damage_taken":20,"relics_obtained":["Golden Idol"],"max_hp_gain":0,"max_hp_loss":0,"event_name":"Golden Idol","floor":5,"gold_loss":0},{"damage_healed":0,"gold_gain":30,"player_choice":"Searched \u00272\u0027 times","damage_taken":0,"relics_obtained":["Gambling Chip"],"max_hp_gain":0,"max_hp_loss":0,"event_name":"Dead Adventurer","floor":8,"gold_loss":0},{"cards_removed":["Defend_R"],"damage_healed":0,"gold_gain":0,"player_choice":"Forget","damage_taken":0,"max_hp_gain":0,"max_hp_loss":0,"event_name":"Living Wall","floor":14,"gold_loss":0}],"is_beta":false,"boss_relics":[{"not_picked":["Fusion Hammer","Mark of Pain"],"picked":"Orrery"}],"items_purged_floors":[13],"is_endless":false,"potions_floor_spawned":[1,10,12,18],"killed_by":"3 Cultists","ascension_level":0}