{"gold_per_floor":[114,114,130,130,44,73,73,87,110,130,142,142,67,80,80,154,154,168,157,168,185,185,185,185,185],"floor_reached":25,"playtime":1049,"items_purged":["Regret"],"score":365,"play_id":"9371ea9d-f4df-42ea-b309-072011193d9d","local_time":"20190503033047","is_ascension_mode":true,"campfire_choices":[{"floor":12,"key":"REST"},{"floor":15,"key":"REST"},{"floor":23,"key":"REST"}],"neow_cost":"PERCENT_DAMAGE","seed_source_timestamp":1403429296347200,"circlet_count":0,"master_deck":["AscendersBane","Strike_B","Strike_B","Strike_B","Strike_B","Defend_B","Defend_B","Defend_B","Defend_B","Zap","Dualcast","Flash of Steel","Defragment","Barrage","Defragment","Conserve Battery","Defragment","Ball Lightning","Capacitor","Barrage","Buffer","Steam","Force Field","Heatsinks+1","Lockon"],"relics":["Cracked Core","Potion Belt","Art of War","Boot","Ancient Tea Set","Odd Mushroom","White Beast Statue"],"potions_floor_usage":[10,14,19,20,21,21,21,25],"damage_taken":[{"damage":6,"enemies":"2 Louse","floor":1,"turns":2},{"damage":1,"enemies":"Cultist","floor":3,"turns":3},{"damage":45,"enemies":"3 Sentries","floor":6,"turns":8},{"damage":2,"enemies":"Jaw Worm","floor":8,"turns":3},{"damage":31,"enemies":"The Mushroom Lair","floor":10,"turns":5},{"damage":1,"enemies":"2 Fungi Beasts","floor":11,"turns":3},{"damage":5,"enemies":"Exordium Wildlife","floor":14,"turns":3},{"damage":29,"enemies":"Hexaghost","floor":16,"turns":9},{"damage":6,"enemies":"Spheric Guardian","floor":18,"turns":3},{"damage":17,"enemies":"2 Thieves","floor":19,"turns":4},{"damage":15,"enemies":"Cultist and Chosen","floor":20,"turns":6},{"damage":29,"enemies":"Shelled Parasite and Fungi","floor":21,"turns":6},{"damage":26,"enemies":"Snake Plant","floor":25,"turns":2}],"seed_played":"2717056790162383981","potions_obtained":[{"floor":1,"key":"Regen Potion"},{"floor":3,"key":"SteroidPotion"},{"floor":11,"key":"PowerPotion"},{"floor":14,"key":"Swift Potion"},{"floor":18,"key":"Regen Potion"},{"floor":19,"key":"SkillPotion"},{"floor":20,"key":"Weak Potion"},{"floor":21,"key":"Energy Potion"}],"is_trial":false,"path_per_floor":["M","?","M","?","$","E","?","M","T","?","M","R","$","M","R","B",null,"M","M","M","M","?","R","?","M"],"character_chosen":"DEFECT","items_purchased":["Defragment"],"campfire_rested":3,"item_purchase_floors":[5],"current_hp_per_floor":[40,71,70,70,70,25,25,23,23,6,5,26,26,21,42,13,57,51,48,33,4,4,25,25,0],"gold":185,"neow_bonus":"RANDOM_COLORLESS_2","is_prod":false,"is_daily":false,"chose_seed":false,"campfire_upgraded":0,"win_rate":0,"timestamp":1556868647,"path_taken":["M","?","?","?","$","E","?","M","T","?","M","R","?","M","R","BOSS","M","M","?","M","?","R","?","?"],"build_version":"2019-01-23","purchased_purges":1,"victory":false,"max_hp_per_floor":[71,71,71,71,71,71,71,71,71,71,71,71,71,71,71,71,71,71,71,71,71,71,71,71,71],"card_choices":[{"not_picked":["BootSequence","Cold Snap"],"picked":"Defragment","floor":1},{"not_picked":["Beam Cell","Consume"],"picked":"Barrage","floor":3},{"not_picked":["Turbo","Leap"],"picked":"Conserve Battery","floor":6},{"not_picked":["Leap","Redo"],"picked":"Defragment","floor":8},{"not_picked":["Compile Driver","Double Energy"],"picked":"Ball Lightning","floor":10},{"not_picked":["Turbo","Genetic Algorithm"],"picked":"Capacitor","floor":11},{"not_picked":["Coolheaded","Steam"],"picked":"Barrage","floor":14},{"not_picked":["Core Surge","Meteor Strike"],"picked":"Buffer","floor":16},{"not_picked":["Beam Cell","Go for the Eyes"],"picked":"Steam","floor":18},{"not_picked":["Sweeping Beam","Beam Cell"],"picked":"Force Field","floor":19},{"not_picked":["Sweeping Beam","Ball Lightning+1"],"picked":"Heatsinks+1","floor":20},{"not_picked":["Stack","Sweeping Beam+1"],"picked":"Lockon","floor":21}],"player_experience":2877305,"relics_obtained":[{"floor":6,"key":"Art of War"},{"floor":9,"key":"Ancient Tea Set"},{"floor":10,"key":"Odd Mushroom"}],"event_choices":[{"cards_removed":["PanicButton"],"damage_healed":31,"gold_gain":0,"player_choice":"Offered Uncommon","damage_taken":0,"max_hp_gain":0,"max_hp_loss":0,"event_name":"Bonfire Elementals","floor":2,"gold_loss":0},{"damage_healed":0,"gold_gain":0,"player_choice":"Box","damage_taken":0,"relics_obtained":["Potion Belt"],"max_hp_gain":0,"max_hp_loss":0,"event_name":"Big Fish","floor":4,"gold_loss":0,"cards_obtained":["Regret"]},{"damage_healed":0,"gold_gain":0,"player_choice":"Searched \u00271\u0027 times","damage_taken":0,"relics_obtained":["Boot"],"max_hp_gain":0,"max_hp_loss":0,"event_name":"Dead Adventurer","floor":7,"gold_loss":0},{"damage_healed":0,"gold_gain":0,"player_choice":"Fought Mushrooms","damage_taken":0,"max_hp_gain":0,"max_hp_loss":0,"event_name":"Mushrooms","floor":10,"gold_loss":0},{"damage_healed":0,"gold_gain":0,"player_choice":"Ignored","damage_taken":0,"max_hp_gain":0,"max_hp_loss":0,"event_name":"Beggar","floor":22,"gold_loss":0},{"damage_healed":0,"gold_gain":0,"player_choice":"Ignored","damage_taken":0,"max_hp_gain":0,"max_hp_loss":0,"event_name":"Vampires","floor":24,"gold_loss":0}],"is_beta":false,"boss_relics":[{"not_picked":["Velvet Choker","Empty Cage"],"picked":"White Beast Statue"}],"items_purged_floors":[13],"is_endless":false,"potions_floor_spawned":[1,3,11,14,18,19,20,21],"killed_by":"Snake Plant","ascension_level":16}