{"gold_per_floor":[116,41,41,41,116,148,148,148,148,108,123,138,166,176,176,273,273,290,310,210,310,32,32,43,43,43,43,63,77,77,91,91,193,193,210,225,75,89,102,135,135,135,215,245,245,277,277,287,287,287,287,287,34,67,67],"floor_reached":56,"playtime":7906,"items_purged":["Strike_R","Strike_R","Strike_R","Strike_R","Bash"],"score":1250,"play_id":"c3a83a84-65c2-488a-bbb5-5ce592e46beb","local_time":"20181226225349","is_ascension_mode":false,"campfire_choices":[{"data":"Metallicize","floor":7,"key":"SMITH"},{"data":"Demon Form","floor":15,"key":"SMITH"},{"data":"Limit Break","floor":23,"key":"SMITH"},{"floor":25,"key":"REST"},{"data":"Spot Weakness","floor":32,"key":"SMITH"},{"data":"Inflame","floor":41,"key":"SMITH"},{"data":"Demon Form","floor":45,"key":"SMITH"},{"floor":47,"key":"RECALL"},{"data":"Defend_R","floor":49,"key":"SMITH"},{"data":"Inflame","floor":52,"key":"SMITH"}],"neow_cost":"NONE","seed_source_timestamp":697211325920369,"circlet_count":0,"master_deck":["Strike_R+1","Defend_R","Defend_R","Defend_R+1","Defend_R+1","Metallicize+1","Body Slam+1","Heavy Blade+1","Demon Form+1","Body Slam+1","Limit Break+1","Whirlwind+1","Flame Barrier+1","Inflame+1","Pummel+1","Bash+1","Reaper+1","Spot Weakness+1","Heavy Blade+1","Demon Form+1","Metallicize+1","Flex+1","Rage+1","Inflame+1","Pummel+1"],"relics":["Burning Blood","Oddly Smooth Stone","Molten Egg 2","Bottled Flame","Runic Pyramid","Magic Flower","Self Forming Clay","Bird Faced Urn","Sozu","Lantern","Singing Bowl","Bag of Marbles","PreservedInsect","Happy Flower"],"potions_floor_usage":[11,13,16,16,16,19,28,33,33],"damage_taken":[{"damage":7,"enemies":"Small Slimes","floor":1,"turns":5},{"damage":24,"enemies":"Gremlin Nob","floor":6,"turns":5},{"damage":2,"enemies":"2 Louse","floor":11,"turns":3},{"damage":1,"enemies":"Jaw Worm","floor":12,"turns":4},{"damage":13,"enemies":"3 Sentries","floor":13,"turns":12},{"damage":1,"enemies":"3 Louse","floor":14,"turns":5},{"damage":2,"enemies":"Hexaghost","floor":16,"turns":7},{"damage":10,"enemies":"Spheric Guardian","floor":18,"turns":8},{"damage":0,"enemies":"3 Byrds","floor":19,"turns":7},{"damage":14,"enemies":"Colosseum Slavers","floor":21,"turns":5},{"damage":53,"enemies":"Colosseum Nobs","floor":21,"turns":5},{"damage":2,"enemies":"Snecko","floor":24,"turns":3},{"damage":24,"enemies":"Sentry and Sphere","floor":28,"turns":6},{"damage":21,"enemies":"Snake Plant","floor":29,"turns":4},{"damage":0,"enemies":"Snecko","floor":31,"turns":2},{"damage":15,"enemies":"Champ","floor":33,"turns":8},{"damage":7,"enemies":"Orb Walker","floor":35,"turns":4},{"damage":20,"enemies":"3 Shapes","floor":36,"turns":6},{"damage":13,"enemies":"Sphere and 2 Shapes","floor":38,"turns":7},{"damage":18,"enemies":"Transient","floor":39,"turns":5},{"damage":28,"enemies":"Nemesis","floor":40,"turns":5},{"damage":22,"enemies":"Reptomancer","floor":44,"turns":5},{"damage":0,"enemies":"Giant Head","floor":46,"turns":6},{"damage":1,"enemies":"Jaw Worm Horde","floor":48,"turns":2},{"damage":73,"enemies":"Time Eater","floor":50,"turns":8},{"damage":23,"enemies":"Shield and Spear","floor":54,"turns":5},{"damage":121,"enemies":"The Heart","floor":55,"turns":8}],"seed_played":"4840743598980553101","potions_obtained":[{"floor":10,"key":"Dexterity Potion"},{"floor":10,"key":"BloodPotion"},{"floor":10,"key":"FearPotion"},{"floor":12,"key":"Dexterity Potion"},{"floor":13,"key":"Block Potion"},{"floor":18,"key":"LiquidBronze"},{"floor":21,"key":"AttackPotion"},{"floor":29,"key":"LiquidBronze"},{"floor":31,"key":"Weak Potion"}],"is_trial":false,"path_per_floor":["M","$","?","?","?","E","R","?","T","?","M","M","E","M","R","B",null,"M","M","$","?","$","R","M","R","T","?","M","M","$","M","R","B",null,"M","M","$","M","M","E","R","?","T","E","R","E","R","M","R","B",null,"R","$","E","B",null],"character_chosen":"IRONCLAD","items_purchased":["Inflame","Pummel+1","Pummel+1"],"campfire_rested":1,"item_purchase_floors":[22,22,53],"current_hp_per_floor":[79,79,84,84,73,55,55,38,38,38,50,55,48,53,53,57,85,81,85,85,30,30,30,37,62,62,62,67,72,72,84,84,85,85,85,85,85,85,82,69,69,69,69,87,87,87,87,87,87,68,87,87,87,89,54],"gold":67,"neow_bonus":"RANDOM_COMMON_RELIC","is_prod":false,"is_daily":false,"chose_seed":false,"campfire_upgraded":8,"win_rate":0,"timestamp":1545882829,"path_taken":["M","$","?","?","?","E","R","?","T","?","M","M","E","M","R","BOSS","M","M","?","?","$","R","M","R","T","?","M","M","$","?","R","BOSS","M","?","$","M","M","E","R","?","T","E","R","E","R","M","R","BOSS","R","$","E","BOSS"],"build_version":"2018-12-20","purchased_purges":5,"victory":true,"max_hp_per_floor":[80,80,85,85,85,85,85,85,85,85,85,85,85,85,85,85,85,85,85,85,85,85,85,85,85,85,85,85,85,85,85,85,85,85,85,85,85,85,85,85,85,85,85,87,87,87,87,87,87,87,87,87,87,89,89],"card_choices":[{"not_picked":["Wild Strike","Infernal Blade","Twin Strike"],"picked":"SKIP","floor":1},{"not_picked":["Heavy Blade","Fiend Fire"],"picked":"Metallicize","floor":6},{"not_picked":["Second Wind","Armaments"],"picked":"Body Slam+1","floor":11},{"not_picked":["Clash+1","Intimidate"],"picked":"Heavy Blade+1","floor":12},{"not_picked":["Perfected Strike+1","Body Slam+1"],"picked":"Demon Form","floor":13},{"not_picked":["True Grit","Headbutt+1"],"picked":"Body Slam+1","floor":14},{"not_picked":["Bludgeon+1","Barricade"],"picked":"Limit Break","floor":16},{"not_picked":["Anger+1","Flex"],"picked":"Whirlwind+1","floor":18},{"not_picked":["Armaments","Searing Blow+1"],"picked":"Flame Barrier+1","floor":19},{"not_picked":["Combust","Twin Strike+1"],"picked":"Ghostly Armor","floor":24},{"not_picked":["Seeing Red+1","Battle Trance+1"],"picked":"Spot Weakness","floor":28},{"not_picked":["Flex","Warcry"],"picked":"Heavy Blade+1","floor":29},{"not_picked":["Entrench","Twin Strike+1","Burning Pact"],"picked":"SKIP","floor":31},{"not_picked":["Juggernaut","Fiend Fire+1"],"picked":"Demon Form","floor":33},{"not_picked":["Anger+1","True Grit+1","Cleave+1"],"picked":"SKIP","floor":35},{"not_picked":["Iron Wave+1","True Grit+1"],"picked":"Metallicize+1","floor":36},{"not_picked":["Havoc+1","Clothesline+1","Sword Boomerang+1"],"picked":"SKIP","floor":38},{"not_picked":["Whirlwind+1","Clash+1","Twin Strike+1"],"picked":"SKIP","floor":39},{"not_picked":["Twin Strike+1","Burning Pact"],"picked":"Flex+1","floor":40},{"not_picked":["Exhume","Reckless Charge+1","Hemokinesis+1"],"picked":"Singing Bowl","floor":44},{"not_picked":["Flex+1","Entrench+1"],"picked":"Rage+1","floor":46},{"not_picked":["Anger+1","Sword Boomerang+1"],"picked":"Inflame","floor":48},{"not_picked":["Clash+1","Warcry+1","Burning Pact+1"],"picked":"Singing Bowl","floor":54}],"player_experience":567179,"relics_obtained":[{"floor":6,"key":"Molten Egg 2"},{"floor":13,"key":"Bottled Flame"},{"floor":21,"key":"Magic Flower"},{"floor":21,"key":"Self Forming Clay"},{"floor":26,"key":"Bird Faced Urn"},{"floor":40,"key":"Lantern"},{"floor":43,"key":"Singing Bowl"},{"floor":44,"key":"Bag of Marbles"},{"floor":46,"key":"PreservedInsect"},{"floor":54,"key":"Happy Flower"}],"event_choices":[{"damage_healed":0,"gold_gain":0,"player_choice":"Donut","damage_taken":0,"max_hp_gain":5,"max_hp_loss":0,"event_name":"Big Fish","floor":3,"gold_loss":0},{"damage_healed":0,"gold_gain":0,"player_choice":"Leave","damage_taken":0,"max_hp_gain":0,"max_hp_loss":0,"event_name":"The Cleric","floor":4,"gold_loss":0},{"damage_healed":0,"gold_gain":75,"player_choice":"Gather Gold","damage_taken":11,"max_hp_gain":0,"max_hp_loss":0,"event_name":"World of Goop","floor":5,"gold_loss":0},{"damage_healed":0,"gold_gain":0,"player_choice":"Entered Light","damage_taken":17,"max_hp_gain":0,"max_hp_loss":0,"event_name":"Shining Light","floor":8,"gold_loss":0,"cards_upgraded":["Strike_R","Defend_R"]},{"damage_healed":0,"gold_gain":0,"player_choice":"Bought 3 Potions","damage_taken":0,"max_hp_gain":0,"max_hp_loss":0,"event_name":"The Woman in Blue","floor":10,"gold_loss":0},{"damage_healed":0,"gold_gain":0,"player_choice":"Fight","damage_taken":0,"max_hp_gain":0,"max_hp_loss":0,"event_name":"Colosseum","floor":21,"gold_loss":0},{"damage_healed":0,"gold_gain":0,"player_choice":"Fought Nobs","damage_taken":0,"max_hp_gain":0,"max_hp_loss":0,"event_name":"Colosseum","floor":21,"gold_loss":0},{"damage_healed":0,"gold_gain":0,"player_choice":"2 cards matched","damage_taken":0,"max_hp_gain":0,"max_hp_loss":0,"event_name":"Match and Keep!","floor":27,"gold_loss":0,"cards_obtained":["Bash","Reaper"]},{"cards_removed":["Ghostly Armor"],"damage_healed":0,"gold_gain":0,"player_choice":"Removed Skill","damage_taken":0,"max_hp_gain":0,"max_hp_loss":0,"event_name":"Falling","floor":42,"gold_loss":0}],"is_beta":false,"boss_relics":[{"not_picked":["Astrolabe","White Beast Statue"],"picked":"Runic Pyramid"},{"not_picked":["Velvet Choker","Calling Bell"],"picked":"Sozu"}],"items_purged_floors":[2,20,22,37,53],"is_endless":false,"potions_floor_spawned":[12,13,14,18,21,29,31,36,39,40,54],"ascension_level":0}