{"gold_per_floor":[112,131,131,145,70,99,99,99,178,195,228,248,248,111,111,216,216,236,51,51,151,151],"floor_reached":22,"playtime":1010,"items_purged":["Strike_R","Strike_R"],"score":192,"play_id":"56d70f3d-2333-4844-b9ff-ad0f79360f39","local_time":"20190421161007","is_ascension_mode":false,"campfire_choices":[{"floor":8,"key":"REST"},{"floor":13,"key":"REST"},{"data":"Armaments","floor":15,"key":"SMITH"}],"neow_cost":"NONE","seed_source_timestamp":508684431843700,"circlet_count":0,"master_deck":["Strike_R","Strike_R","Strike_R","Defend_R","Defend_R","Defend_R","Defend_R","Bash","Armaments+1","Headbutt","Entrench","Rampage","Combust","Searing Blow","Fiend Fire","Apotheosis","Power Through"],"relics":["Burning Blood","NeowsBlessing","Dodecahedron","Letter Opener","WingedGreaves","Mummified Hand","Art of War","Cursed Key","Champion Belt","Sundial"],"potions_floor_usage":[16,16],"damage_taken":[{"damage":0,"enemies":"Cultist","floor":1,"turns":1},{"damage":0,"enemies":"2 Louse","floor":2,"turns":1},{"damage":0,"enemies":"Jaw Worm","floor":4,"turns":1},{"damage":39,"enemies":"3 Sentries","floor":6,"turns":10},{"damage":4,"enemies":"Blue Slaver","floor":10,"turns":6},{"damage":36,"enemies":"Gremlin Nob","floor":11,"turns":5},{"damage":15,"enemies":"Exordium Wildlife","floor":12,"turns":5},{"damage":50,"enemies":"The Guardian","floor":16,"turns":9},{"damage":13,"enemies":"Chosen","floor":18,"turns":6},{"damage":32,"enemies":"Colosseum Slavers","floor":21,"turns":4},{"damage":45,"enemies":"Colosseum Nobs","floor":21,"turns":6},{"damage":15,"enemies":"Spheric Guardian","floor":22,"turns":3}],"seed_played":"6910054516547643311","potions_obtained":[{"floor":2,"key":"Explosive Potion"},{"floor":6,"key":"SneckoOil"},{"floor":10,"key":"EssenceOfSteel"},{"floor":16,"key":"Ancient Potion"}],"is_trial":false,"path_per_floor":["M","M","T","M","$","E","?","R","T","M","E","M","R","$","R","B",null,"M","$","?","?","M"],"character_chosen":"IRONCLAD","items_purchased":["Searing Blow","Apotheosis"],"campfire_rested":2,"item_purchase_floors":[14,19],"current_hp_per_floor":[80,80,80,80,80,47,47,71,71,73,43,34,58,58,58,14,80,73,73,73,8,0],"gold":151,"neow_bonus":"THREE_ENEMY_KILL","is_prod":false,"is_daily":false,"chose_seed":false,"campfire_upgraded":1,"win_rate":0,"timestamp":1555877407,"path_taken":["M","?","?","M","$","E","?","R","T","?","E","M","R","?","R","BOSS","M","$","?","?","M"],"build_version":"2019-01-23","purchased_purges":2,"victory":false,"max_hp_per_floor":[80,80,80,80,80,80,80,80,80,80,80,80,80,80,80,80,80,80,80,80,80,80],"card_choices":[{"not_picked":["Hemokinesis","Warcry"],"picked":"Armaments","floor":1},{"not_picked":["Rupture","Warcry","Clash"],"picked":"SKIP","floor":2},{"not_picked":["Anger","Armaments"],"picked":"Headbutt","floor":4},{"not_picked":["Twin Strike","Clothesline"],"picked":"Entrench","floor":6},{"not_picked":["Shockwave","Twin Strike","Headbutt"],"picked":"SKIP","floor":10},{"not_picked":["Perfected Strike","Dual Wield"],"picked":"Rampage","floor":11},{"not_picked":["Clash","Spot Weakness"],"picked":"Combust","floor":12},{"not_picked":["Bludgeon","Immolate"],"picked":"Fiend Fire","floor":16},{"not_picked":["Clothesline","True Grit+1","Clash"],"picked":"SKIP","floor":18},{"not_picked":["Spot Weakness","Second Wind"],"picked":"Power Through","floor":21}],"player_experience":199065,"relics_obtained":[{"floor":3,"key":"Dodecahedron"},{"floor":6,"key":"Letter Opener"},{"floor":9,"key":"Mummified Hand"},{"floor":11,"key":"Art of War"},{"floor":21,"key":"Champion Belt"},{"floor":21,"key":"Sundial"}],"event_choices":[{"damage_healed":0,"gold_gain":0,"player_choice":"Gave Potion","damage_taken":0,"relics_obtained":["WingedGreaves"],"max_hp_gain":0,"max_hp_loss":0,"event_name":"WeMeetAgain","floor":7,"gold_loss":0},{"damage_healed":0,"gold_gain":0,"player_choice":"Ignored","damage_taken":0,"max_hp_gain":0,"max_hp_loss":0,"event_name":"Beggar","floor":20,"gold_loss":0},{"damage_healed":0,"gold_gain":0,"player_choice":"Fight","damage_taken":0,"max_hp_gain":0,"max_hp_loss":0,"event_name":"Colosseum","floor":21,"gold_loss":0},{"damage_healed":0,"gold_gain":0,"player_choice":"Fought Nobs","damage_taken":0,"max_hp_gain":0,"max_hp_loss":0,"event_name":"Colosseum","floor":21,"gold_loss":0}],"is_beta":false,"boss_relics":[{"not_picked":["Coffee Dripper","Runic Cube"],"picked":"Cursed Key"}],"items_purged_floors":[5,14],"is_endless":false,"potions_floor_spawned":[2,6,10,16,21],"killed_by":"Spheric Guardian","ascension_level":0}