{"gold_per_floor":[110,35,51,69,87,119,131,166,202,174,205,217,229,259,271,381,393,422,533,616,647,659],"floor_reached":22,"playtime":4460,"items_purged":["Strike_R"],"score":186,"play_id":"543c966b-2d4f-4081-8ae0-82f3a0ad50ad","local_time":"20190224194446","is_ascension_mode":false,"campfire_choices":[{"data":"Armaments","floor":7,"key":"SMITH"},{"data":"Bash","floor":12,"key":"SMITH"},{"floor":15,"key":"REST"}],"neow_cost":"","seed_source_timestamp":709072473558686,"circlet_count":0,"master_deck":["Strike_R","Strike_R","Strike_R","Defend_R","Defend_R","Defend_R","Defend_R","Bash+1","Armaments+1","Body Slam","Shrug It Off","Cleave","Searing Blow","Body Slam","Sword Boomerang","Cleave","Barricade","Shrug It Off"],"relics":["Burning Blood","MawBank","Odd Mushroom","Potion Belt","Mark of Pain","Self Forming Clay"],"potions_floor_usage":[6,14,14,16,16,21,21,22],"damage_taken":[{"damage":2,"enemies":"Cultist","floor":1,"turns":5},{"damage":7,"enemies":"Small Slimes","floor":3,"turns":4},{"damage":1,"enemies":"Jaw Worm","floor":4,"turns":5},{"damage":11,"enemies":"Lots of Slimes","floor":5,"turns":6},{"damage":52,"enemies":"Lagavulin","floor":6,"turns":13},{"damage":17,"enemies":"The Mushroom Lair","floor":8,"turns":5},{"damage":0,"enemies":"2 Fungi Beasts","floor":11,"turns":4},{"damage":9,"enemies":"Gremlin Gang","floor":14,"turns":4},{"damage":42,"enemies":"The Guardian","floor":16,"turns":10},{"damage":72,"enemies":"3 Byrds","floor":18,"turns":7},{"damage":14,"enemies":"Shell Parasite","floor":21,"turns":6},{"damage":23,"enemies":"3 Cultists","floor":22,"turns":4}],"seed_played":"-5771787875491689857","potions_obtained":[{"floor":3,"key":"EssenceOfSteel"},{"floor":5,"key":"SteroidPotion"},{"floor":8,"key":"Ancient Potion"},{"floor":10,"key":"SteroidPotion"},{"floor":10,"key":"AttackPotion"},{"floor":10,"key":"Energy Potion"},{"floor":16,"key":"Regen Potion"},{"floor":21,"key":"Explosive Potion"}],"is_trial":false,"path_per_floor":["M","$","M","M","M","E","R","?","T","?","M","R","?","M","R","B",null,"M","?","T","M","M"],"character_chosen":"IRONCLAD","items_purchased":[],"campfire_rested":1,"item_purchase_floors":[],"current_hp_per_floor":[80,80,79,80,75,29,29,18,18,18,24,24,24,21,45,9,80,14,14,14,15,0],"gold":659,"neow_bonus":"","is_prod":false,"is_daily":false,"chose_seed":false,"campfire_upgraded":2,"win_rate":0.0,"timestamp":1551033886,"path_taken":["M","$","M","M","?","E","R","?","T","?","?","R","?","?","R","BOSS","M","?","?","M","M"],"build_version":"2019-01-23","purchased_purges":1,"victory":false,"max_hp_per_floor":[80,80,80,80,80,80,80,80,80,80,80,80,80,80,80,80,80,80,80,80,80,80],"card_choices":[{"not_picked":["Flex","Anger"],"picked":"Armaments","floor":1},{"not_picked":["Pommel Strike","Corruption"],"picked":"Body Slam","floor":3},{"not_picked":["Clash","Anger","Bloodletting"],"picked":"SKIP","floor":4},{"not_picked":["Clash","Headbutt"],"picked":"Shrug It Off","floor":5},{"not_picked":["Twin Strike","Clothesline"],"picked":"Cleave","floor":6},{"not_picked":["Fiend Fire","Warcry"],"picked":"Searing Blow","floor":8},{"not_picked":["Perfected Strike","Clash"],"picked":"Body Slam","floor":11},{"not_picked":["Rampage","Warcry"],"picked":"Cleave","floor":14},{"not_picked":["Impervious","Brutality"],"picked":"Barricade","floor":16},{"not_picked":["Sever Soul+1","Iron Wave","Hemokinesis+1"],"picked":"SKIP","floor":18},{"not_picked":["Iron Wave","Infernal Blade+1"],"picked":"Shrug It Off","floor":21}],"player_experience":0,"relics_obtained":[{"floor":6,"key":"MawBank"},{"floor":8,"key":"Odd Mushroom"},{"floor":9,"key":"Potion Belt"},{"floor":20,"key":"Self Forming Clay"}],"event_choices":[{"damage_healed":0,"gold_gain":0,"player_choice":"Fought Mushrooms","damage_taken":0,"max_hp_gain":0,"max_hp_loss":0,"event_name":"Mushrooms","floor":8,"gold_loss":0},{"damage_healed":0,"gold_gain":0,"player_choice":"Bought 3 Potions","damage_taken":0,"max_hp_gain":0,"max_hp_loss":0,"event_name":"The Woman in Blue","floor":10,"gold_loss":0},{"damage_healed":0,"gold_gain":0,"cards_transformed":["Strike_R"],"player_choice":"Transformed","damage_taken":0,"max_hp_gain":0,"max_hp_loss":0,"event_name":"Transmorgrifier","floor":13,"gold_loss":0,"cards_obtained":["Sword Boomerang"]},{"damage_healed":0,"gold_gain":99,"player_choice":"Stole From Cult","damage_taken":0,"max_hp_gain":0,"max_hp_loss":0,"event_name":"Nest","floor":19,"gold_loss":0}],"is_beta":false,"boss_relics":[{"not_picked":["Eternal Feather","Ectoplasm"],"picked":"Mark of Pain"}],"items_purged_floors":[2],"is_endless":false,"potions_floor_spawned":[3,5,8,16,21],"killed_by":"3 Cultists","ascension_level":0}