{"gold_per_floor":[12,30,30,50,50,50,68,100,126,126,146,161,161,49,49,146,146,158,158,168,5,24,24,57,57,106,118,118,135,160,172,172,272,272,292,167,180,180,180,180,214,214,214,214,0,25,25],"floor_reached":47,"playtime":5380,"items_purged":["Reflex","Outmaneuver"],"score":603,"play_id":"6c855625-dcf0-4bf9-a84d-1cefa22fde04","local_time":"20190301190859","is_ascension_mode":true,"campfire_choices":[{"data":"Blur","floor":6,"key":"SMITH"},{"floor":10,"key":"REST"},{"data":"Footwork","floor":15,"key":"SMITH"},{"data":"Envenom","floor":23,"key":"SMITH"},{"floor":25,"key":"REST"},{"data":"Adrenaline","floor":28,"key":"SMITH"},{"floor":32,"key":"REST"},{"data":"Caltrops","floor":40,"key":"SMITH"},{"floor":42,"key":"REST"},{"floor":44,"key":"REST"}],"neow_cost":"NO_GOLD","seed_source_timestamp":824269989785622,"circlet_count":0,"master_deck":["Survivor","Blur+1","Infinite Blades","Noxious Fumes","Footwork+1","Backflip","Backflip","Accuracy","Corpse Explosion","Caltrops+1","Envenom+1","Adrenaline+1","Backflip","Bouncing Flask","Terror","Burst","Malaise","Predator+1","Crippling Poison","Malaise","Catalyst+1","Catalyst","Finesse","Normality"],"relics":["Ring of the Snake","Snake Skull","Art of War","Bronze Scales","Pandora\u0027s Box","MutagenicStrength","Lantern","Smiling Mask","Boot","Cursed Key","Oddly Smooth Stone","Bag of Preparation","Red Mask","Bag of Marbles"],"potions_floor_usage":[8,16,16,16,29,30,33,46,47],"damage_taken":[{"damage":9,"enemies":"2 Louse","floor":1,"turns":7},{"damage":4,"enemies":"Jaw Worm","floor":2,"turns":9},{"damage":1,"enemies":"Small Slimes","floor":4,"turns":5},{"damage":0,"enemies":"Blue Slaver","floor":7,"turns":6},{"damage":35,"enemies":"Gremlin Nob","floor":8,"turns":7},{"damage":0,"enemies":"3 Louse","floor":11,"turns":5},{"damage":0,"enemies":"Large Slime","floor":12,"turns":9},{"damage":11,"enemies":"The Guardian","floor":16,"turns":9},{"damage":12,"enemies":"Chosen","floor":18,"turns":5},{"damage":0,"enemies":"Spheric Guardian","floor":20,"turns":3},{"damage":8,"enemies":"Snake Plant","floor":22,"turns":4},{"damage":31,"enemies":"Slavers","floor":24,"turns":6},{"damage":0,"enemies":"3 Cultists","floor":27,"turns":3},{"damage":11,"enemies":"Snecko","floor":29,"turns":4},{"damage":9,"enemies":"Gremlin Leader","floor":30,"turns":7},{"damage":19,"enemies":"Centurion and Healer","floor":31,"turns":5},{"damage":4,"enemies":"Champ","floor":33,"turns":11},{"damage":0,"enemies":"3 Shapes","floor":35,"turns":6},{"damage":40,"enemies":"3 Darklings","floor":37,"turns":5},{"damage":47,"enemies":"Nemesis","floor":41,"turns":5},{"damage":25,"enemies":"Reptomancer","floor":46,"turns":5},{"damage":36,"enemies":"2 Orb Walkers","floor":47,"turns":3}],"seed_played":"-8038431286090879555","potions_obtained":[{"floor":1,"key":"Energy Potion"},{"floor":7,"key":"Explosive Potion"},{"floor":8,"key":"PowerPotion"},{"floor":11,"key":"AttackPotion"},{"floor":12,"key":"Poison Potion"},{"floor":18,"key":"FairyPotion"},{"floor":27,"key":"Swift Potion"},{"floor":29,"key":"Block Potion"},{"floor":31,"key":"GhostInAJar"},{"floor":41,"key":"SkillPotion"},{"floor":46,"key":"AttackPotion"}],"is_trial":false,"path_per_floor":["M","M","?","M","?","R","M","E","T","R","M","M","?","$","R","B",null,"M","?","M","$","M","R","E","R","T","M","R","M","E","M","R","B",null,"M","$","M","?","?","R","E","R","T","R","?","E","?"],"character_chosen":"THE_SILENT","items_purchased":["Accuracy","Malaise","Catalyst"],"campfire_rested":5,"item_purchase_floors":[14,21,36],"current_hp_per_floor":[61,57,57,56,61,61,61,26,26,48,48,48,36,36,36,25,75,63,63,63,63,55,55,24,46,46,46,46,35,26,7,29,25,75,75,75,35,35,35,35,7,29,29,51,51,26,0],"gold":25,"neow_bonus":"TRANSFORM_TWO_CARDS","is_prod":false,"is_daily":false,"chose_seed":false,"campfire_upgraded":5,"win_rate":0,"timestamp":1551463739,"path_taken":["M","M","?","M","?","R","M","E","T","R","M","M","?","$","R","BOSS","M","?","M","$","M","R","E","R","T","M","R","M","E","M","R","BOSS","M","$","M","?","?","R","E","R","T","R","?","E","?"],"build_version":"2019-01-23","purchased_purges":2,"victory":false,"max_hp_per_floor":[70,70,70,70,75,75,75,75,75,75,75,75,75,75,75,75,75,75,75,75,75,75,75,75,75,75,75,75,75,75,75,75,75,75,75,75,75,75,75,75,75,75,75,75,75,75,75],"card_choices":[{"not_picked":["Infinite Blades","Acrobatics"],"picked":"Blur","floor":1},{"not_picked":["Skewer","Flying Knee"],"picked":"Infinite Blades","floor":2},{"not_picked":["Escape Plan","Backflip"],"picked":"Noxious Fumes","floor":4},{"not_picked":["Backflip","Dagger Spray"],"picked":"Footwork","floor":7},{"not_picked":["Setup","Eviscerate"],"picked":"Backflip","floor":8},{"not_picked":["Escape Plan","Prepared"],"picked":"Backflip","floor":11},{"not_picked":["Bane","Expertise","Escape Plan"],"picked":"SKIP","floor":12},{"not_picked":["Bane","Expertise","Escape Plan"],"picked":"SKIP","floor":12},{"not_picked":["Burst","Venomology"],"picked":"Corpse Explosion","floor":16},{"not_picked":["Deadly Poison+1","Dagger Throw","Underhanded Strike"],"picked":"SKIP","floor":18},{"not_picked":["Bane+1","PiercingWail","Flying Knee"],"picked":"SKIP","floor":20},{"not_picked":["Dodge and Roll","Quick Slash"],"picked":"Predator+1","floor":22},{"not_picked":["Quick Slash","Terror"],"picked":"Crippling Poison","floor":24},{"not_picked":["Underhanded Strike+1","Endless Agony","Reflex"],"picked":"SKIP","floor":27},{"not_picked":["Deadly Poison","PiercingWail+1","Dagger Throw"],"picked":"SKIP","floor":29},{"not_picked":["Masterful Stab","Adrenaline","Dagger Spray"],"picked":"SKIP","floor":30},{"not_picked":["Dodge and Roll","Outmaneuver","Acrobatics+1"],"picked":"SKIP","floor":31},{"not_picked":["Night Terror","Venomology"],"picked":"Malaise","floor":33},{"not_picked":["Terror+1","Escape Plan+1"],"picked":"Catalyst+1","floor":35},{"not_picked":["Deflect+1","Slice+1","PiercingWail"],"picked":"SKIP","floor":37},{"not_picked":["Transmutation","Swift Strike"],"picked":"Finesse","floor":38},{"not_picked":["Masterful Stab+1","Predator+1","Reflex"],"picked":"SKIP","floor":41},{"not_picked":["Deflect","Bane+1","Finisher+1"],"picked":"SKIP","floor":46}],"player_experience":729928,"relics_obtained":[{"floor":8,"key":"Snake Skull"},{"floor":9,"key":"Art of War"},{"floor":24,"key":"Lantern"},{"floor":26,"key":"Smiling Mask"},{"floor":30,"key":"Boot"},{"floor":41,"key":"Oddly Smooth Stone"},{"floor":43,"key":"Bag of Preparation"},{"floor":46,"key":"Bag of Marbles"}],"event_choices":[{"cards_removed":["Strike_G"],"damage_healed":0,"gold_gain":0,"player_choice":"Forget","damage_taken":0,"max_hp_gain":0,"max_hp_loss":0,"event_name":"Living Wall","floor":3,"gold_loss":0},{"damage_healed":0,"gold_gain":0,"player_choice":"Donut","damage_taken":0,"max_hp_gain":5,"max_hp_loss":0,"event_name":"Big Fish","floor":5,"gold_loss":0},{"damage_healed":0,"gold_gain":0,"player_choice":"Success","damage_taken":12,"relics_obtained":["Bronze Scales"],"max_hp_gain":0,"max_hp_loss":0,"event_name":"Scrap Ooze","floor":13,"gold_loss":0},{"damage_healed":0,"gold_gain":0,"player_choice":"Inject Mutagens","damage_taken":0,"relics_obtained":["MutagenicStrength"],"max_hp_gain":0,"max_hp_loss":0,"event_name":"Drug Dealer","floor":19,"gold_loss":0},{"damage_healed":0,"gold_gain":0,"player_choice":"Memory 1","damage_taken":0,"max_hp_gain":0,"max_hp_loss":0,"event_name":"SensoryStone","floor":38,"gold_loss":0},{"cards_removed":["Neutralize"],"damage_healed":0,"gold_gain":0,"player_choice":"Removed Attack","damage_taken":0,"max_hp_gain":0,"max_hp_loss":0,"event_name":"Falling","floor":39,"gold_loss":0},{"damage_healed":0,"gold_gain":0,"player_choice":"Paid","damage_taken":0,"relics_obtained":["Red Mask"],"max_hp_gain":0,"max_hp_loss":0,"event_name":"Tomb of Lord Red Mask","floor":45,"gold_loss":214},{"damage_healed":0,"gold_gain":0,"player_choice":"Fight","damage_taken":0,"max_hp_gain":0,"max_hp_loss":0,"event_name":"Mysterious Sphere","floor":47,"gold_loss":0}],"is_beta":false,"boss_relics":[{"not_picked":["Lizard Tail","Empty Cage"],"picked":"Pandora\u0027s Box"},{"not_picked":["HoveringKite","Snecko Eye"],"picked":"Cursed Key"}],"items_purged_floors":[14,36],"is_endless":false,"potions_floor_spawned":[1,7,8,11,12,18,27,29,31,41,46],"killed_by":"2 Orb Walkers","ascension_level":2}