{"gold_per_floor":[118,118,132,207,224,251,251,251,275,275,50,70,89,12,12,108,108,127,140,150,250,250,250,264,295,349,349,361,361,374,390,390,486,486,505,505,93,105,122,136,136,136,136,136,136,154,254,265,265,265],"floor_reached":50,"playtime":2608,"items_purged":["Defend_R","Strike_R"],"score":466,"play_id":"39639c39-322f-4566-868e-21bd4e65d573","local_time":"20190424133249","is_ascension_mode":false,"campfire_choices":[{"data":"Uppercut","floor":7,"key":"SMITH"},{"data":"Trip","floor":10,"key":"SMITH"},{"data":"Rampage","floor":15,"key":"SMITH"},{"data":"Flame Barrier","floor":23,"key":"SMITH"},{"floor":27,"key":"RECALL"},{"floor":32,"key":"REST"},{"data":"Offering","floor":42,"key":"SMITH"},{"floor":44,"key":"REST"},{"floor":49,"key":"REST"}],"neow_cost":"NONE","seed_source_timestamp":756848210260500,"circlet_count":0,"master_deck":["Strike_R","Strike_R","Strike_R","Strike_R","Defend_R","Defend_R","Defend_R","Bash","Trip+1","Flame Barrier","Flame Barrier","Uppercut+1","Ghostly Armor","Flame Barrier+1","Rampage+1","Offering+1","Headbutt","Battle Trance+1","Exhume","Warcry+1","Flash of Steel","Reaper"],"relics":["Burning Blood","Strawberry","Question Card","Happy Flower","PreservedInsect","Busted Crown","Calipers","Shuriken","The Courier","Bag of Preparation","Cursed Key","Mercury Hourglass","Oddly Smooth Stone","Ice Cream"],"potions_floor_usage":[6,6,20,21,21,33,33,47,50,50],"damage_taken":[{"damage":6,"enemies":"Cultist","floor":1,"turns":3},{"damage":6,"enemies":"Jaw Worm","floor":3,"turns":3},{"damage":0,"enemies":"Small Slimes","floor":5,"turns":3},{"damage":28,"enemies":"3 Sentries","floor":6,"turns":7},{"damage":0,"enemies":"3 Louse","floor":12,"turns":4},{"damage":4,"enemies":"Large Slime","floor":13,"turns":6},{"damage":9,"enemies":"The Guardian","floor":16,"turns":10},{"damage":6,"enemies":"2 Thieves","floor":18,"turns":4},{"damage":11,"enemies":"Spheric Guardian","floor":19,"turns":4},{"damage":27,"enemies":"Shelled Parasite and Fungi","floor":20,"turns":5},{"damage":21,"enemies":"Colosseum Slavers","floor":21,"turns":6},{"damage":6,"enemies":"Colosseum Nobs","floor":21,"turns":4},{"damage":22,"enemies":"3 Cultists","floor":24,"turns":6},{"damage":21,"enemies":"Book of Stabbing","floor":25,"turns":5},{"damage":12,"enemies":"Snake Plant","floor":28,"turns":3},{"damage":0,"enemies":"Snecko","floor":30,"turns":3},{"damage":14,"enemies":"Centurion and Healer","floor":31,"turns":6},{"damage":41,"enemies":"Champ","floor":33,"turns":10},{"damage":0,"enemies":"Orb Walker","floor":35,"turns":3},{"damage":0,"enemies":"3 Shapes","floor":38,"turns":3},{"damage":15,"enemies":"Maw","floor":39,"turns":7},{"damage":17,"enemies":"4 Shapes","floor":40,"turns":5},{"damage":25,"enemies":"Spire Growth","floor":46,"turns":5},{"damage":8,"enemies":"Mind Bloom Boss Battle","floor":47,"turns":5},{"damage":0,"enemies":"Transient","floor":48,"turns":5},{"damage":117,"enemies":"Donu and Deca","floor":50,"turns":9}],"seed_played":"-920440975312980264","potions_obtained":[{"floor":1,"key":"Block Potion"},{"floor":5,"key":"PowerPotion"},{"floor":16,"key":"PowerPotion"},{"floor":18,"key":"Explosive Potion"},{"floor":20,"key":"Poison Potion"},{"floor":21,"key":"LiquidBronze"},{"floor":30,"key":"Poison Potion"},{"floor":31,"key":"Weak Potion"},{"floor":33,"key":"Dexterity Potion"},{"floor":39,"key":"Strength Potion"},{"floor":47,"key":"Block Potion"}],"is_trial":false,"path_per_floor":["M","?","M","?","M","E","R","?","T","R","$","M","M","$","R","B",null,"M","M","M","?","?","R","M","E","T","R","M","?","M","M","R","B",null,"M","?","$","M","M","M","?","R","T","R","?","M","?","M","R","B"],"character_chosen":"IRONCLAD","items_purchased":["PreservedInsect","Rampage","Mercury Hourglass","Oddly Smooth Stone"],"campfire_rested":3,"item_purchase_floors":[11,14,37,37],"current_hp_per_floor":[80,85,85,74,80,65,65,62,62,62,62,68,70,70,70,67,92,92,87,66,51,81,81,65,50,50,50,44,44,50,42,69,34,92,92,92,92,92,83,72,72,72,72,92,92,73,71,77,92,0],"gold":265,"neow_bonus":"RANDOM_COLORLESS","is_prod":false,"is_daily":false,"chose_seed":false,"campfire_upgraded":5,"win_rate":0,"timestamp":1556127169,"path_taken":["M","?","M","?","M","E","R","?","T","R","$","M","M","$","R","BOSS","M","M","M","?","?","R","M","E","T","R","M","?","M","?","R","BOSS","M","?","$","?","M","M","?","R","T","R","?","?","?","M","R","BOSS"],"build_version":"2019-01-23","purchased_purges":2,"victory":false,"max_hp_per_floor":[80,85,85,85,85,92,92,92,92,92,92,92,92,92,92,92,92,92,92,92,92,92,92,92,92,92,92,92,92,92,92,92,92,92,92,92,92,92,92,92,92,92,92,92,92,92,92,92,92,92],"card_choices":[{"not_picked":["Anger","Corruption"],"picked":"Flame Barrier","floor":1},{"not_picked":["Combust","Anger"],"picked":"Flame Barrier","floor":3},{"not_picked":["Headbutt","Clothesline"],"picked":"Uppercut","floor":5},{"not_picked":["Power Through","Exhume"],"picked":"Ghostly Armor","floor":6},{"not_picked":["Reckless Charge","Anger","Twin Strike","Evolve"],"picked":"SKIP","floor":12},{"not_picked":["Sword Boomerang","Wild Strike","Burning Pact"],"picked":"Flame Barrier","floor":13},{"not_picked":["Limit Break","Berserk","Dark Embrace"],"picked":"Offering","floor":16},{"not_picked":["Armaments"],"picked":"Headbutt","floor":18},{"not_picked":["Sever Soul","Havoc+1"],"picked":"SKIP","floor":19},{"not_picked":["True Grit","Hemokinesis"],"picked":"SKIP","floor":20},{"not_picked":["Iron Wave","Fire Breathing+1"],"picked":"SKIP","floor":24},{"not_picked":["Anger+1"],"picked":"Battle Trance+1","floor":25},{"not_picked":["Dual Wield+1","Armaments"],"picked":"SKIP","floor":28},{"not_picked":["Body Slam","Pummel"],"picked":"SKIP","floor":30},{"not_picked":["Cleave","Thunderclap"],"picked":"SKIP","floor":31},{"not_picked":["Limit Break"],"picked":"Exhume","floor":33},{"not_picked":["Inflame","Rage+1"],"picked":"SKIP","floor":35},{"not_picked":["Cleave+1","Battle Trance"],"picked":"SKIP","floor":38},{"not_picked":["Corruption+1"],"picked":"Warcry+1","floor":39},{"not_picked":["Twin Strike","Havoc"],"picked":"SKIP","floor":40},{"not_picked":["Panacea"],"picked":"Flash of Steel","floor":41},{"not_picked":["Clothesline+1","Uppercut+1"],"picked":"SKIP","floor":46},{"not_picked":["Wild Strike"],"picked":"Reaper","floor":48}],"player_experience":228593,"relics_obtained":[{"floor":6,"key":"Strawberry"},{"floor":9,"key":"Happy Flower"},{"floor":21,"key":"Calipers"},{"floor":21,"key":"Shuriken"},{"floor":25,"key":"The Courier"},{"floor":26,"key":"Bag of Preparation"},{"floor":47,"key":"Ice Cream"}],"event_choices":[{"damage_healed":0,"gold_gain":0,"player_choice":"Donut","damage_taken":0,"max_hp_gain":5,"max_hp_loss":0,"event_name":"Big Fish","floor":2,"gold_loss":0},{"damage_healed":0,"gold_gain":75,"player_choice":"Gather Gold","damage_taken":11,"max_hp_gain":0,"max_hp_loss":0,"event_name":"World of Goop","floor":4,"gold_loss":0},{"damage_healed":0,"gold_gain":0,"player_choice":"Success","damage_taken":3,"relics_obtained":["Question Card"],"max_hp_gain":0,"max_hp_loss":0,"event_name":"Scrap Ooze","floor":8,"gold_loss":0},{"damage_healed":0,"gold_gain":0,"player_choice":"Fight","damage_taken":0,"max_hp_gain":0,"max_hp_loss":0,"event_name":"Colosseum","floor":21,"gold_loss":0},{"damage_healed":0,"gold_gain":0,"player_choice":"Fought Nobs","damage_taken":0,"max_hp_gain":0,"max_hp_loss":0,"event_name":"Colosseum","floor":21,"gold_loss":0},{"damage_healed":30,"gold_gain":0,"player_choice":"Heal","damage_taken":0,"max_hp_gain":0,"max_hp_loss":0,"event_name":"The Library","floor":22,"gold_loss":0},{"damage_healed":0,"gold_gain":0,"player_choice":"Ignored","damage_taken":0,"max_hp_gain":0,"max_hp_loss":0,"event_name":"Vampires","floor":29,"gold_loss":0},{"damage_healed":0,"gold_gain":0,"player_choice":"Ignored","damage_taken":0,"max_hp_gain":0,"max_hp_loss":0,"event_name":"Duplicator","floor":36,"gold_loss":0},{"damage_healed":0,"gold_gain":0,"player_choice":"Memory 1","damage_taken":0,"max_hp_gain":0,"max_hp_loss":0,"event_name":"SensoryStone","floor":41,"gold_loss":0},{"cards_removed":["Regret"],"damage_healed":0,"gold_gain":0,"player_choice":"Removed Curses","damage_taken":0,"max_hp_gain":0,"max_hp_loss":0,"event_name":"Fountain of Cleansing","floor":45,"gold_loss":0},{"damage_healed":0,"gold_gain":0,"player_choice":"Fight","damage_taken":0,"max_hp_gain":0,"max_hp_loss":0,"event_name":"MindBloom","floor":47,"gold_loss":0}],"is_beta":false,"boss_relics":[{"not_picked":["Sozu","Orrery"],"picked":"Busted Crown"},{"not_picked":["Runic Cube","Tiny House"],"picked":"Cursed Key"}],"items_purged_floors":[11,37],"is_endless":false,"potions_floor_spawned":[1,5,16,18,20,21,30,31,33,39,40,46,47,48],"killed_by":"Donu and Deca","ascension_level":0}