{"gold_per_floor":[116,136,136,61,78,78,78,78,78,93,116,134,134,174,174,298,298,317,303,128,144,163,163,188,221,248,248],"floor_reached":27,"playtime":10090,"items_purged":["Strike_G","Strike_G"],"score":261,"play_id":"d0035d2f-7a9a-4850-b3af-00ccbac0beab","local_time":"20190301153832","is_ascension_mode":true,"campfire_choices":[{"floor":6,"key":"RECALL"},{"floor":13,"key":"REST"},{"floor":15,"key":"REST"},{"floor":23,"key":"REST"}],"neow_cost":"NONE","seed_source_timestamp":806930863363654,"circlet_count":0,"master_deck":["Defend_G","Defend_G","Defend_G","Defend_G","Defend_G","Strike_G","Strike_G","Strike_G","Survivor","Neutralize","Predator","Infinite Blades","Dash","Accuracy","Venomology","Backflip+1","Blade Dance+1","Infinite Blades","Night Terror","Dodge and Roll+1"],"relics":["Fusion Hammer","Golden Idol","Art of War","Pen Nib","WristBlade","Torii","Ancient Tea Set"],"potions_floor_usage":[10,14,16,18,19,21,22,22,22,25,25],"damage_taken":[{"damage":0,"enemies":"Cultist","floor":1,"turns":4},{"damage":0,"enemies":"Small Slimes","floor":2,"turns":3},{"damage":0,"enemies":"2 Louse","floor":5,"turns":2},{"damage":13,"enemies":"Gremlin Gang","floor":10,"turns":7},{"damage":0,"enemies":"2 Fungi Beasts","floor":11,"turns":2},{"damage":2,"enemies":"Large Slime","floor":12,"turns":6},{"damage":12,"enemies":"3 Sentries","floor":14,"turns":8},{"damage":10,"enemies":"The Guardian","floor":16,"turns":15},{"damage":5,"enemies":"Shell Parasite","floor":18,"turns":6},{"damage":11,"enemies":"2 Thieves","floor":19,"turns":4},{"damage":23,"enemies":"Centurion and Healer","floor":21,"turns":4},{"damage":3,"enemies":"Snake Plant","floor":22,"turns":5},{"damage":21,"enemies":"Snecko","floor":24,"turns":4},{"damage":26,"enemies":"Gremlin Leader","floor":25,"turns":6},{"damage":8,"enemies":"Slavers","floor":27,"turns":1}],"seed_played":"3004967115248673499","potions_obtained":[{"floor":1,"key":"Block Potion"},{"floor":10,"key":"Energy Potion"},{"floor":12,"key":"Strength Potion"},{"floor":14,"key":"Block Potion"},{"floor":21,"key":"Block Potion"},{"floor":24,"key":"SpeedPotion"}],"is_trial":false,"path_per_floor":["M","M","?","$","M","R","?","?","T","M","M","M","R","E","R","B",null,"M","M","$","M","M","R","M","E","T","E"],"character_chosen":"THE_SILENT","items_purchased":["Infinite Blades"],"campfire_rested":3,"item_purchase_floors":[20],"current_hp_per_floor":[70,70,75,75,75,75,57,50,50,37,37,35,57,45,67,57,75,70,59,59,36,33,55,34,8,8,0],"gold":248,"neow_bonus":"BOSS_RELIC","is_prod":false,"is_daily":false,"chose_seed":false,"campfire_upgraded":0,"win_rate":0,"timestamp":1551451112,"path_taken":["M","?","?","$","M","R","?","?","T","M","?","M","R","E","R","BOSS","M","M","$","M","M","R","M","E","T","E"],"build_version":"2019-01-23","purchased_purges":2,"victory":false,"max_hp_per_floor":[70,70,75,75,75,75,75,75,75,75,75,75,75,75,75,75,75,75,75,75,75,75,75,75,75,75,75],"card_choices":[{"not_picked":["Bane","Prepared"],"picked":"Predator","floor":1},{"not_picked":["Finisher","Slice","Flying Knee"],"picked":"SKIP","floor":2},{"not_picked":["Catalyst","Tactician"],"picked":"Infinite Blades","floor":5},{"not_picked":["Bouncing Flask","Tools of the Trade"],"picked":"Dash","floor":10},{"not_picked":["PiercingWail","Dagger Throw"],"picked":"Accuracy","floor":11},{"not_picked":["Distraction","Acrobatics","Flying Knee"],"picked":"SKIP","floor":12},{"not_picked":["Expertise","Dagger Spray","Flying Knee"],"picked":"SKIP","floor":14},{"not_picked":["Phantasmal Killer","Bullet Time"],"picked":"Venomology","floor":16},{"not_picked":["Dodge and Roll+1","Quick Slash"],"picked":"Backflip+1","floor":18},{"not_picked":["Masterful Stab","Dash"],"picked":"Blade Dance+1","floor":19},{"not_picked":["Bane","Dodge and Roll","Backflip"],"picked":"SKIP","floor":21},{"not_picked":["Bane","Distraction","Dagger Spray"],"picked":"SKIP","floor":22},{"not_picked":["Prepared","Setup"],"picked":"Night Terror","floor":24},{"not_picked":["Slice","Flechettes"],"picked":"Dodge and Roll+1","floor":25}],"player_experience":712623,"relics_obtained":[{"floor":9,"key":"Art of War"},{"floor":14,"key":"Pen Nib"},{"floor":25,"key":"Torii"},{"floor":26,"key":"Ancient Tea Set"}],"event_choices":[{"damage_healed":0,"gold_gain":0,"player_choice":"Donut","damage_taken":0,"max_hp_gain":5,"max_hp_loss":0,"event_name":"Big Fish","floor":3,"gold_loss":0},{"damage_healed":0,"gold_gain":0,"player_choice":"Take Damage","damage_taken":18,"relics_obtained":["Golden Idol"],"max_hp_gain":0,"max_hp_loss":0,"event_name":"Golden Idol","floor":7,"gold_loss":0},{"damage_healed":0,"gold_gain":0,"player_choice":"Damaged","damage_taken":7,"max_hp_gain":0,"max_hp_loss":0,"event_name":"Wheel of Change","floor":8,"gold_loss":0}],"is_beta":false,"boss_relics":[{"not_picked":["Snecko Eye","Sozu"],"picked":"WristBlade"}],"items_purged_floors":[4,20],"is_endless":false,"potions_floor_spawned":[1,10,12,14,21,24],"killed_by":"Slavers","ascension_level":2}