{"gold_per_floor":[116,116,116,128,142,154,154,187,187,187,77,77,88,88,88,185,185,200,200,200,217,217,217,250,250,250,267,282,282],"floor_reached":29,"playtime":3605,"items_purged":["Strike_B"],"score":377,"play_id":"c3b96d9d-67c8-46c4-9920-4ea1c45ceba8","local_time":"20190225190750","is_ascension_mode":true,"campfire_choices":[{"data":"White Noise","floor":7,"key":"SMITH"},{"floor":10,"key":"REST"},{"data":"Sunder","floor":12,"key":"SMITH"},{"data":"Glacier","floor":15,"key":"SMITH"},{"data":"Creative AI","floor":23,"key":"SMITH"},{"floor":25,"key":"REST"}],"neow_cost":"NONE","seed_source_timestamp":736971191200915,"circlet_count":0,"master_deck":["AscendersBane","Strike_B","Strike_B","Defend_B","Defend_B","Defend_B","Defend_B","Zap","Dualcast","Meteor Strike","White Noise+1","Conserve Battery","Sunder+1","Loop","Trip","Coolheaded","Glacier+1","Creative AI+1","Chill","White Noise+1","Sunder+1"],"relics":["FrozenCore","Letter Opener","Bottled Lightning","Matryoshka","Nilry\u0027s Codex","Ornamental Fan","Bronze Scales","Pantograph"],"potions_floor_usage":[13,16,16,18,24,29],"damage_taken":[{"damage":2,"enemies":"2 Louse","floor":1,"turns":2},{"damage":9,"enemies":"Jaw Worm","floor":4,"turns":4},{"damage":1,"enemies":"Cultist","floor":5,"turns":3},{"damage":7,"enemies":"Looter","floor":6,"turns":3},{"damage":27,"enemies":"Lagavulin","floor":8,"turns":8},{"damage":3,"enemies":"Exordium Thugs","floor":13,"turns":2},{"damage":15,"enemies":"Hexaghost","floor":16,"turns":11},{"damage":15,"enemies":"2 Thieves","floor":18,"turns":4},{"damage":8,"enemies":"Chosen","floor":21,"turns":7},{"damage":34,"enemies":"Gremlin Leader","floor":24,"turns":9},{"damage":16,"enemies":"Snecko","floor":27,"turns":6},{"damage":8,"enemies":"Sentry and Sphere","floor":28,"turns":13},{"damage":12,"enemies":"Slavers","floor":29,"turns":1}],"seed_played":"-7212025477154117211","potions_obtained":[{"floor":4,"key":"LiquidBronze"},{"floor":8,"key":"SneckoOil"},{"floor":13,"key":"Strength Potion"},{"floor":16,"key":"Explosive Potion"},{"floor":21,"key":"Poison Potion"},{"floor":28,"key":"SkillPotion"}],"is_trial":false,"path_per_floor":["M","?","T","M","M","M","R","E","T","R","$","R","M","?","R","B",null,"M","?","?","M","?","R","E","R","T","M","M","E"],"character_chosen":"DEFECT","items_purchased":["Sunder"],"campfire_rested":2,"item_purchase_floors":[11],"current_hp_per_floor":[66,59,59,50,49,42,42,15,15,37,37,37,34,34,34,19,61,46,71,55,47,47,47,13,35,35,19,11,0],"gold":282,"neow_bonus":"ONE_RANDOM_RARE_CARD","is_prod":false,"is_daily":false,"chose_seed":false,"campfire_upgraded":4,"win_rate":0,"timestamp":1551118070,"path_taken":["M","?","?","M","M","M","R","E","T","R","$","R","M","?","R","BOSS","M","?","?","M","?","R","E","R","T","M","M","E"],"build_version":"2019-01-23","purchased_purges":1,"victory":false,"max_hp_per_floor":[75,75,75,75,75,75,75,75,75,75,75,75,75,75,75,75,75,75,75,75,75,75,75,75,75,75,75,75,75],"card_choices":[{"not_picked":["Rebound","Stack"],"picked":"White Noise","floor":1},{"not_picked":["Barrage","Streamline","Go for the Eyes"],"picked":"SKIP","floor":4},{"not_picked":["Force Field","Sweeping Beam"],"picked":"Conserve Battery","floor":5},{"not_picked":["Stack","Fusion","Leap"],"picked":"SKIP","floor":6},{"not_picked":["Leap","Lockon","Redo"],"picked":"SKIP","floor":8},{"not_picked":["Chaos","Undo"],"picked":"Loop","floor":13},{"not_picked":["Fission","Multi-Cast"],"picked":"Creative AI","floor":16},{"not_picked":["Steam+1","Stack","Turbo"],"picked":"SKIP","floor":18},{"not_picked":["Redo","Sweeping Beam"],"picked":"Chill","floor":21},{"not_picked":["Steam","Sweeping Beam","Rebound"],"picked":"SKIP","floor":24},{"not_picked":["Redo","Tempest+1"],"picked":"Sunder+1","floor":27},{"not_picked":["Force Field+1","Streamline","Hologram"],"picked":"SKIP","floor":28}],"player_experience":694274,"relics_obtained":[{"floor":3,"key":"Letter Opener"},{"floor":8,"key":"Bottled Lightning"},{"floor":9,"key":"Matryoshka"},{"floor":20,"key":"Nilry\u0027s Codex"},{"floor":24,"key":"Ornamental Fan"},{"floor":26,"key":"Bronze Scales"},{"floor":26,"key":"Pantograph"}],"event_choices":[{"cards_removed":["Strike_B"],"damage_healed":0,"gold_gain":0,"player_choice":"Card Removal","damage_taken":7,"max_hp_gain":0,"max_hp_loss":0,"event_name":"Golden Wing","floor":2,"gold_loss":0},{"damage_healed":0,"gold_gain":0,"player_choice":"3 cards matched","damage_taken":0,"max_hp_gain":0,"max_hp_loss":0,"event_name":"Match and Keep!","floor":14,"gold_loss":0,"cards_obtained":["Trip","Coolheaded","Glacier"]},{"damage_healed":25,"gold_gain":0,"player_choice":"Heal","damage_taken":0,"max_hp_gain":0,"max_hp_loss":0,"event_name":"The Library","floor":19,"gold_loss":0},{"damage_healed":0,"gold_gain":0,"player_choice":"Obtained Book","damage_taken":16,"max_hp_gain":0,"max_hp_loss":0,"event_name":"Cursed Tome","floor":20,"gold_loss":0},{"damage_healed":0,"gold_gain":0,"player_choice":"Copied","damage_taken":0,"max_hp_gain":0,"max_hp_loss":0,"event_name":"Duplicator","floor":22,"gold_loss":0,"cards_obtained":["White Noise"]}],"is_beta":false,"boss_relics":[{"not_picked":["Runic Pyramid","White Beast Statue"],"picked":"FrozenCore"}],"items_purged_floors":[11],"is_endless":false,"potions_floor_spawned":[4,8,13,16,21,28],"killed_by":"Slavers","ascension_level":11}