{"gold_per_floor":[115,128,50,50,65,99,99,117,141,141,159,192,192,206,206,301,301,315,329,244,264,24,52,52,64,87,62,73,87,87,0,0,105,105,115,130,130,130,148,148],"floor_reached":40,"playtime":2874,"items_purged":[],"score":445,"play_id":"d284b488-5caf-4b0a-9695-4f7db17e109b","local_time":"20190411175615","is_ascension_mode":false,"campfire_choices":[{"data":"Sunder","floor":7,"key":"SMITH"},{"data":"Capacitor","floor":15,"key":"SMITH"},{"floor":24,"key":"REST"},{"floor":30,"key":"REST"},{"floor":32,"key":"REST"}],"neow_cost":"NONE","seed_source_timestamp":34381306613382,"circlet_count":0,"master_deck":["Strike_B","Strike_B","Strike_B","Defend_B","Defend_B","Defend_B","Defend_B","Zap","Dualcast","Conserve Battery","BootSequence","Sunder+1","Glacier","Static Discharge","Gash","Leap","Capacitor+1","Streamline","Rainbow","Sweeping Beam+1","Go for the Eyes+1","Streamline+1","Barrage+1","Rainbow","Blizzard+1","Conserve Battery","Echo Form","The Bomb","Madness","The Bomb","White Noise"],"relics":["Cracked Core","NeowsBlessing","Vajra","Boot","Orichalcum","Fusion Hammer","Molten Egg 2","Bottled Flame","Dream Catcher","Oddly Smooth Stone","Velvet Choker"],"potions_floor_usage":[16,16,33,33,33,40],"damage_taken":[{"damage":0,"enemies":"Cultist","floor":1,"turns":1},{"damage":0,"enemies":"2 Louse","floor":2,"turns":1},{"damage":0,"enemies":"Small Slimes","floor":5,"turns":1},{"damage":5,"enemies":"3 Sentries","floor":6,"turns":13},{"damage":0,"enemies":"Exordium Thugs","floor":8,"turns":4},{"damage":2,"enemies":"3 Louse","floor":11,"turns":3},{"damage":0,"enemies":"Lagavulin","floor":12,"turns":8},{"damage":1,"enemies":"Large Slime","floor":14,"turns":5},{"damage":22,"enemies":"Slime Boss","floor":16,"turns":13},{"damage":8,"enemies":"Spheric Guardian","floor":18,"turns":4},{"damage":11,"enemies":"Shell Parasite","floor":19,"turns":7},{"damage":12,"enemies":"Cultist and Chosen","floor":21,"turns":6},{"damage":11,"enemies":"Gremlin Leader","floor":23,"turns":8},{"damage":12,"enemies":"Centurion and Healer","floor":25,"turns":6},{"damage":17,"enemies":"Snake Plant","floor":28,"turns":3},{"damage":4,"enemies":"Sentry and Sphere","floor":29,"turns":4},{"damage":31,"enemies":"Automaton","floor":33,"turns":11},{"damage":6,"enemies":"3 Shapes","floor":35,"turns":5},{"damage":8,"enemies":"3 Darklings","floor":36,"turns":6},{"damage":40,"enemies":"Sphere and 2 Shapes","floor":39,"turns":5},{"damage":37,"enemies":"Nemesis","floor":40,"turns":3}],"seed_played":"-1485890085619337964","potions_obtained":[{"floor":2,"key":"Weak Potion"},{"floor":11,"key":"SneckoOil"},{"floor":12,"key":"EssenceOfSteel"},{"floor":13,"key":"Block Potion"},{"floor":14,"key":"SkillPotion"},{"floor":18,"key":"SteroidPotion"},{"floor":23,"key":"PowerPotion"},{"floor":36,"key":"Poison Potion"}],"is_trial":false,"path_per_floor":["M","M","$","?","M","E","R","M","T","$","M","E","?","M","R","B",null,"M","M","?","M","$","E","R","M","T","$","M","M","R","?","R","B",null,"M","M","?","?","M","E"],"character_chosen":"DEFECT","items_purchased":["Sunder","Bottled Flame","Barrage+1"],"campfire_rested":3,"item_purchase_floors":[3,22,27],"current_hp_per_floor":[75,75,75,75,75,70,70,70,70,70,68,68,68,67,67,45,75,67,56,56,44,44,33,55,43,43,43,26,22,44,44,66,35,75,69,61,61,51,11,0],"gold":148,"neow_bonus":"THREE_ENEMY_KILL","is_prod":false,"is_daily":false,"chose_seed":false,"campfire_upgraded":2,"win_rate":0.0,"timestamp":1555019775,"path_taken":["M","M","?","?","M","E","R","M","T","$","M","E","?","M","R","BOSS","M","M","?","M","$","E","R","M","T","$","M","M","R","?","R","BOSS","M","M","?","?","M","E"],"build_version":"2019-01-23","purchased_purges":0,"victory":false,"max_hp_per_floor":[75,75,75,75,75,75,75,75,75,75,75,75,75,75,75,75,75,75,75,75,75,75,75,75,75,75,75,75,75,75,75,75,75,75,75,75,75,75,75,75],"card_choices":[{"not_picked":["Steam","Double Energy"],"picked":"Conserve Battery","floor":1},{"not_picked":["Turbo","Ball Lightning"],"picked":"BootSequence","floor":2},{"not_picked":["Reinforced Body","Genetic Algorithm"],"picked":"Static Discharge","floor":5},{"not_picked":["Recycle","Coolheaded"],"picked":"Gash","floor":6},{"not_picked":["Hologram","Skim"],"picked":"Leap","floor":8},{"not_picked":["Storm","Ball Lightning"],"picked":"Coolheaded","floor":11},{"not_picked":["Meteor Strike","Barrage"],"picked":"Capacitor","floor":12},{"not_picked":["Barrage","Leap"],"picked":"Streamline","floor":14},{"not_picked":["Thunder Strike","Electrodynamics"],"picked":"Rainbow","floor":16},{"not_picked":["Beam Cell","Ball Lightning","Reprogram"],"picked":"SKIP","floor":18},{"not_picked":["Leap","Storm","Compile Driver"],"picked":"SKIP","floor":19},{"not_picked":["Ball Lightning+1","Storm"],"picked":"Sweeping Beam+1","floor":21},{"not_picked":["Compile Driver+1","Undo","Self Repair"],"picked":"SKIP","floor":23},{"not_picked":["Beam Cell+1","Steam"],"picked":"Go for the Eyes+1","floor":24},{"not_picked":["Capacitor","Compile Driver+1"],"picked":"Streamline+1","floor":25},{"not_picked":["Rip and Tear+1","Turbo"],"picked":"Rainbow","floor":28},{"not_picked":["Chaos","Beam Cell+1"],"picked":"Blizzard+1","floor":29},{"not_picked":["Self Repair","Storm"],"picked":"Conserve Battery","floor":32},{"not_picked":["Amplify","Creative AI"],"picked":"Echo Form","floor":33},{"not_picked":["Recycle+1","Conserve Battery","Stack+1"],"picked":"SKIP","floor":35},{"not_picked":["Stack+1","Go for the Eyes+1","Doom and Gloom+1"],"picked":"SKIP","floor":36},{"not_picked":["Jack Of All Trades","Madness"],"picked":"The Bomb","floor":38},{"not_picked":["Finesse","Dark Shackles"],"picked":"Madness","floor":38},{"not_picked":["Blind","Bandage Up"],"picked":"The Bomb","floor":38},{"not_picked":["Scrape+1","Conserve Battery"],"picked":"White Noise","floor":39}],"player_experience":120856,"relics_obtained":[{"floor":6,"key":"Vajra"},{"floor":9,"key":"Boot"},{"floor":12,"key":"Orichalcum"},{"floor":23,"key":"Dream Catcher"},{"floor":26,"key":"Oddly Smooth Stone"}],"event_choices":[{"damage_healed":0,"gold_gain":0,"cards_transformed":["Strike_B"],"player_choice":"Change","damage_taken":0,"max_hp_gain":0,"max_hp_loss":0,"event_name":"Living Wall","floor":4,"gold_loss":0,"cards_obtained":["Glacier"]},{"damage_healed":0,"gold_gain":0,"player_choice":"Got Potions","damage_taken":0,"max_hp_gain":0,"max_hp_loss":0,"event_name":"Lab","floor":13,"gold_loss":0},{"damage_healed":0,"gold_gain":0,"player_choice":"Obtained Relic","damage_taken":0,"relics_obtained":["Molten Egg 2"],"max_hp_gain":0,"max_hp_loss":0,"event_name":"Addict","floor":20,"gold_loss":85},{"damage_healed":0,"gold_gain":0,"player_choice":"Paid Fearfully","damage_taken":0,"max_hp_gain":0,"max_hp_loss":0,"event_name":"Masked Bandits","floor":31,"gold_loss":87},{"cards_removed":["Coolheaded"],"damage_healed":0,"gold_gain":0,"player_choice":"Removed Skill","damage_taken":0,"max_hp_gain":0,"max_hp_loss":0,"event_name":"Falling","floor":37,"gold_loss":0},{"damage_healed":0,"gold_gain":0,"player_choice":"Memory 3","damage_taken":10,"max_hp_gain":0,"max_hp_loss":0,"event_name":"SensoryStone","floor":38,"gold_loss":0}],"is_beta":false,"boss_relics":[{"not_picked":["Runic Pyramid","Philosopher\u0027s Stone"],"picked":"Fusion Hammer"},{"not_picked":["Inserter","Calling Bell"],"picked":"Velvet Choker"}],"items_purged_floors":[],"is_endless":false,"potions_floor_spawned":[2,11,12,14,18,23,28,29,36],"killed_by":"Nemesis","ascension_level":0}