{"gold_per_floor":[118,118,24,38,58,88,102,102,102,128,103,138,103,103,103,205,205,224,164,40,40,59,59,73,100,100,100,100,100,100,112,112,210,210,225,225,225,241,3,63,63,63,63,82,97,143,158,41,41,41,41,41,41,41],"floor_reached":54,"playtime":3117,"items_purged":["Parasite"],"score":726,"play_id":"dac955c4-08f2-4037-96c9-aa92729608ed","local_time":"20190422121517","is_ascension_mode":false,"campfire_choices":[{"floor":8,"key":"REST"},{"data":"Body Slam","floor":15,"key":"SMITH"},{"floor":23,"key":"REST"},{"floor":27,"key":"REST"},{"data":"Barricade","floor":30,"key":"SMITH"},{"data":"Entrench","floor":32,"key":"SMITH"},{"floor":41,"key":"RECALL"},{"floor":49,"key":"REST"},{"floor":52,"key":"REST"}],"neow_cost":"NONE","seed_source_timestamp":578882992170500,"circlet_count":0,"master_deck":["Strike_R+1","Strike_R+1","Strike_R+1","Defend_R+1","Defend_R+1","Defend_R+1","Defend_R+1","Bash","Pommel Strike","Flex","Dropkick","Ghostly Armor","Spot Weakness","Impervious","Entrench+1","Body Slam+1","Impervious","Barricade+1","Armaments","Heavy Blade","Body Slam+1","Rage","Reaper","Battle Trance","Blood for Blood+1","Rage+1","Metallicize+1"],"relics":["Black Blood","Unceasing Top","Calipers","Meat on the Bone","Pen Nib","The Courier","Lantern","Frozen Egg 2","Fusion Hammer","Ginger","Tiny Chest","FossilizedHelix","Paper Frog","Bird Faced Urn"],"potions_floor_usage":[10,10,33,40],"damage_taken":[{"damage":0,"enemies":"Small Slimes","floor":1,"turns":3},{"damage":17,"enemies":"Jaw Worm","floor":4,"turns":5},{"damage":0,"enemies":"Cultist","floor":5,"turns":2},{"damage":26,"enemies":"Lagavulin","floor":6,"turns":5},{"damage":9,"enemies":"Blue Slaver","floor":7,"turns":3},{"damage":27,"enemies":"Gremlin Nob","floor":10,"turns":5},{"damage":31,"enemies":"3 Sentries","floor":12,"turns":9},{"damage":15,"enemies":"Slime Boss","floor":16,"turns":12},{"damage":22,"enemies":"3 Byrds","floor":18,"turns":8},{"damage":0,"enemies":"2 Thieves","floor":19,"turns":4},{"damage":40,"enemies":"Centurion and Healer","floor":22,"turns":9},{"damage":53,"enemies":"Shelled Parasite and Fungi","floor":24,"turns":11},{"damage":27,"enemies":"Gremlin Leader","floor":25,"turns":6},{"damage":7,"enemies":"Chosen and Byrds","floor":31,"turns":9},{"damage":35,"enemies":"Collector","floor":33,"turns":12},{"damage":0,"enemies":"3 Shapes","floor":35,"turns":6},{"damage":0,"enemies":"3 Darklings","floor":38,"turns":6},{"damage":27,"enemies":"Nemesis","floor":40,"turns":9},{"damage":0,"enemies":"Writhing Mass","floor":44,"turns":5},{"damage":0,"enemies":"4 Shapes","floor":45,"turns":6},{"damage":88,"enemies":"2 Orb Walkers","floor":46,"turns":9},{"damage":0,"enemies":"Transient","floor":47,"turns":5},{"damage":6,"enemies":"Time Eater","floor":50,"turns":10},{"damage":87,"enemies":"Shield and Spear","floor":54,"turns":9}],"seed_played":"-6985406439107393678","potions_obtained":[{"floor":1,"key":"AttackPotion"},{"floor":5,"key":"FairyPotion"},{"floor":7,"key":"Fire Potion"},{"floor":25,"key":"FearPotion"},{"floor":37,"key":"AttackPotion"},{"floor":37,"key":"Block Potion"},{"floor":38,"key":"LiquidBronze"},{"floor":40,"key":"Dexterity Potion"}],"is_trial":false,"path_per_floor":["M","?","$","M","M","E","M","R","T","E","$","E","?","?","R","B",null,"M","M","$","?","M","R","M","E","T","R","?","?","R","M","R","B",null,"M","?","?","M","$","E","R","T","T","M","M","?","M","$","R","B",null,"R","$","E"],"character_chosen":"IRONCLAD","items_purchased":["Flex","Dropkick","Body Slam","Lantern","Ginger","Metallicize+1"],"campfire_rested":5,"item_purchase_floors":[3,3,11,20,39,48],"current_hp_per_floor":[80,85,85,74,80,60,57,82,82,61,61,48,69,69,69,60,85,73,83,83,83,53,78,47,42,42,67,67,67,67,70,70,57,85,85,85,85,85,85,75,75,75,75,85,85,30,54,54,78,82,82,82,82,0],"gold":41,"neow_bonus":"REMOVE_CARD","is_prod":false,"is_daily":false,"chose_seed":false,"campfire_upgraded":3,"win_rate":0,"timestamp":1555949717,"path_taken":["M","?","?","M","?","E","M","R","T","E","$","E","?","?","R","BOSS","M","M","$","?","M","R","M","E","T","R","?","?","R","M","R","BOSS","M","?","?","?","?","E","R","?","T","M","M","?","?","$","R","BOSS","R","$","E"],"build_version":"2019-01-23","purchased_purges":1,"victory":false,"max_hp_per_floor":[80,85,85,85,85,85,85,85,85,85,85,85,85,85,85,85,85,85,85,85,85,85,85,85,85,85,85,85,85,85,85,85,85,85,85,85,85,85,85,85,85,85,85,85,85,85,85,82,82,82,82,82,82,82],"card_choices":[{"not_picked":["Blood for Blood","Wild Strike"],"picked":"Pommel Strike","floor":1},{"not_picked":["Cleave","Sword Boomerang"],"picked":"Ghostly Armor","floor":4},{"not_picked":["Warcry","Twin Strike"],"picked":"Spot Weakness","floor":5},{"not_picked":["Feel No Pain","Fire Breathing","Sword Boomerang"],"picked":"SKIP","floor":6},{"not_picked":["Cleave","Seeing Red"],"picked":"Impervious","floor":7},{"not_picked":["Cleave","Clothesline"],"picked":"Entrench","floor":10},{"not_picked":["Armaments","Headbutt"],"picked":"Impervious","floor":12},{"not_picked":["Bludgeon","Demon Form"],"picked":"Barricade","floor":16},{"not_picked":["Reckless Charge","True Grit"],"picked":"Armaments","floor":18},{"not_picked":["Burning Pact","Flex"],"picked":"Heavy Blade","floor":19},{"not_picked":["True Grit","Havoc","Clothesline"],"picked":"SKIP","floor":22},{"not_picked":["Clash","Heavy Blade+1"],"picked":"Body Slam+1","floor":24},{"not_picked":["Disarm","Cleave+1","Twin Strike"],"picked":"SKIP","floor":25},{"not_picked":["Perfected Strike","Clothesline+1","Warcry+1"],"picked":"SKIP","floor":31},{"not_picked":["Bludgeon","Fiend Fire"],"picked":"Reaper","floor":33},{"not_picked":["Carnage","Clash","True Grit"],"picked":"SKIP","floor":35},{"not_picked":["Clash+1","Anger","Disarm"],"picked":"SKIP","floor":38},{"not_picked":["Combust+1","Hemokinesis"],"picked":"Battle Trance","floor":40},{"not_picked":["Clothesline+1","True Grit","Armaments+1"],"picked":"SKIP","floor":44},{"not_picked":["Shockwave","Cleave"],"picked":"Blood for Blood+1","floor":45},{"not_picked":["Clothesline","Iron Wave"],"picked":"Rage+1","floor":47}],"player_experience":209404,"relics_obtained":[{"floor":6,"key":"Unceasing Top"},{"floor":9,"key":"Calipers"},{"floor":10,"key":"Meat on the Bone"},{"floor":12,"key":"Pen Nib"},{"floor":25,"key":"Frozen Egg 2"},{"floor":40,"key":"Tiny Chest"},{"floor":42,"key":"FossilizedHelix"},{"floor":43,"key":"Paper Frog"},{"floor":46,"key":"Bird Faced Urn"}],"event_choices":[{"damage_healed":0,"gold_gain":0,"player_choice":"Donut","damage_taken":0,"max_hp_gain":5,"max_hp_loss":0,"event_name":"Big Fish","floor":2,"gold_loss":0},{"damage_healed":21,"gold_gain":0,"player_choice":"Healed","damage_taken":0,"max_hp_gain":0,"max_hp_loss":0,"event_name":"The Cleric","floor":13,"gold_loss":35},{"damage_healed":0,"gold_gain":0,"player_choice":"Searched \u00272\u0027 times","damage_taken":0,"relics_obtained":["The Courier"],"max_hp_gain":0,"max_hp_loss":0,"event_name":"Dead Adventurer","floor":14,"gold_loss":0},{"damage_healed":0,"gold_gain":0,"player_choice":"Ignored","damage_taken":0,"max_hp_gain":0,"max_hp_loss":0,"event_name":"Vampires","floor":21,"gold_loss":0},{"damage_healed":0,"gold_gain":0,"player_choice":"Simplicity","damage_taken":0,"max_hp_gain":0,"max_hp_loss":0,"event_name":"Back to Basics","floor":28,"gold_loss":0,"cards_upgraded":["Strike_R","Strike_R","Strike_R","Strike_R","Defend_R","Defend_R","Defend_R","Defend_R"]},{"damage_healed":0,"gold_gain":0,"player_choice":"Read","damage_taken":0,"max_hp_gain":0,"max_hp_loss":0,"event_name":"The Library","floor":29,"gold_loss":0,"cards_obtained":["Rage"]},{"cards_removed":["Strike_R"],"damage_healed":0,"gold_gain":0,"player_choice":"Removed Attack","damage_taken":0,"max_hp_gain":0,"max_hp_loss":0,"event_name":"Falling","floor":36,"gold_loss":0},{"damage_healed":0,"gold_gain":0,"player_choice":"Got Potions","damage_taken":0,"max_hp_gain":0,"max_hp_loss":0,"event_name":"Lab","floor":37,"gold_loss":0},{"damage_healed":0,"gold_gain":0,"player_choice":"Fight","damage_taken":0,"max_hp_gain":0,"max_hp_loss":0,"event_name":"Mysterious Sphere","floor":46,"gold_loss":0}],"is_beta":false,"boss_relics":[{"not_picked":["Snecko Eye","Ectoplasm"],"picked":"Black Blood"},{"not_picked":["Coffee Dripper","Eternal Feather"],"picked":"Fusion Hammer"}],"items_purged_floors":[48],"is_endless":false,"potions_floor_spawned":[1,5,7,25,38,40],"killed_by":"Shield and Spear","ascension_level":0}