{"gold_per_floor":[111,123,198,218,218,243,264,264,316,395,49,49,61,61,61,159,159,140,140,65,13,30,30,57,57,57,57,57,57,73,86,86,182,182,196,206,306,326,338,338,87,104,104,157,170,170,170,188,188,188],"floor_reached":51,"playtime":2778,"items_purged":[],"score":690,"play_id":"95e11af7-87b5-4bbe-ba98-fa1935edf096","local_time":"20190411170755","is_ascension_mode":false,"campfire_choices":[{"floor":15,"key":"REST"},{"data":"Limit Break","floor":23,"key":"SMITH"},{"floor":25,"key":"REST"},{"data":"Double Tap","floor":28,"key":"SMITH"},{"data":"Flex","floor":32,"key":"SMITH"},{"floor":40,"key":"REST"},{"floor":49,"key":"REST"}],"neow_cost":"NONE","seed_source_timestamp":31569873568432,"circlet_count":0,"master_deck":["Strike_R+1","Strike_R+1","Strike_R+1","Strike_R+1","Defend_R+1","Defend_R+1","Defend_R+1","Defend_R+1","Bash","Double Tap+1","Spot Weakness","Inflame","Spot Weakness+1","Power Through","Shrug It Off","Flash of Steel","Anger","Limit Break+1","Pummel+1","Rage+1","Twin Strike","Demon Form","Heavy Blade","Sword Boomerang+1","Whirlwind","Reaper"],"relics":["Burning Blood","Red Skull","Odd Mushroom","Potion Belt","Letter Opener","Bottled Lightning","Runic Pyramid","Gremlin Horn","Dodecahedron","Fusion Hammer","Calipers","Mummified Hand","Frozen Egg 2","Peace Pipe"],"potions_floor_usage":[6,18,31,33,38,45,50,50,50],"damage_taken":[{"damage":4,"enemies":"2 Louse","floor":1,"turns":4},{"damage":12,"enemies":"Small Slimes","floor":2,"turns":4},{"damage":11,"enemies":"Jaw Worm","floor":4,"turns":3},{"damage":49,"enemies":"Lagavulin","floor":6,"turns":7},{"damage":2,"enemies":"The Mushroom Lair","floor":7,"turns":4},{"damage":0,"enemies":"Large Slime","floor":13,"turns":2},{"damage":32,"enemies":"The Guardian","floor":16,"turns":11},{"damage":12,"enemies":"2 Thieves","floor":18,"turns":4},{"damage":21,"enemies":"3 Byrds","floor":22,"turns":5},{"damage":12,"enemies":"Book of Stabbing","floor":24,"turns":4},{"damage":2,"enemies":"3 Cultists","floor":30,"turns":4},{"damage":7,"enemies":"Snake Plant","floor":31,"turns":4},{"damage":50,"enemies":"Champ","floor":33,"turns":7},{"damage":16,"enemies":"3 Darklings","floor":35,"turns":5},{"damage":0,"enemies":"Orb Walker","floor":36,"turns":2},{"damage":28,"enemies":"Mind Bloom Boss Battle","floor":37,"turns":5},{"damage":7,"enemies":"Jaw Worm Horde","floor":38,"turns":3},{"damage":22,"enemies":"4 Shapes","floor":39,"turns":6},{"damage":1,"enemies":"Spire Growth","floor":42,"turns":4},{"damage":27,"enemies":"2 Orb Walkers","floor":44,"turns":3},{"damage":1,"enemies":"Jaw Worm Horde","floor":45,"turns":3},{"damage":21,"enemies":"4 Shapes","floor":48,"turns":3},{"damage":54,"enemies":"Time Eater","floor":50,"turns":8}],"seed_played":"-5187309603969605711","potions_obtained":[{"floor":1,"key":"Energy Potion"},{"floor":2,"key":"Fire Potion"},{"floor":16,"key":"BloodPotion"},{"floor":22,"key":"SpeedPotion"},{"floor":24,"key":"AttackPotion"},{"floor":30,"key":"Regen Potion"},{"floor":35,"key":"EssenceOfSteel"},{"floor":37,"key":"SkillPotion"},{"floor":38,"key":"SteroidPotion"},{"floor":45,"key":"Block Potion"}],"is_trial":false,"path_per_floor":["M","M","?","M","?","E","?","?","T","T","$","?","M","$","R","B",null,"M","?","?","$","M","R","E","R","T","?","R","$","M","M","R","B",null,"M","M","?","M","M","R","$","M","T","?","M","?","?","M","R","B",null],"character_chosen":"IRONCLAD","items_purchased":["Bottled Lightning","Flash of Steel","Flex","Mummified Hand"],"campfire_rested":4,"item_purchase_floors":[11,11,21,41],"current_hp_per_floor":[80,74,63,58,63,20,24,7,7,7,7,7,13,13,38,12,85,79,79,79,79,64,64,58,83,83,83,83,83,85,84,84,48,85,75,81,59,58,42,67,67,72,72,51,65,65,65,50,75,61],"gold":188,"neow_bonus":"ONE_RANDOM_RARE_CARD","is_prod":false,"is_daily":false,"chose_seed":false,"campfire_upgraded":3,"win_rate":0,"timestamp":1555016875,"path_taken":["M","M","?","M","?","E","?","?","T","?","$","?","?","?","R","BOSS","M","?","?","$","M","R","E","R","T","?","R","$","?","M","R","BOSS","M","M","?","M","M","R","$","M","T","?","M","?","?","M","R","BOSS"],"build_version":"2019-01-23","purchased_purges":0,"victory":true,"max_hp_per_floor":[80,80,80,80,85,85,85,85,85,85,85,85,85,85,85,85,85,85,85,85,85,85,85,85,85,85,85,85,85,85,85,85,85,85,85,85,85,85,85,85,85,85,85,85,85,85,85,85,85,85],"card_choices":[{"not_picked":["Clothesline","Twin Strike"],"picked":"Spot Weakness","floor":1},{"not_picked":["Armaments","Anger"],"picked":"Inflame","floor":2},{"not_picked":["Cleave","Armaments"],"picked":"Spot Weakness","floor":4},{"not_picked":["Pommel Strike","Iron Wave"],"picked":"Power Through","floor":6},{"not_picked":["Clothesline","Rampage"],"picked":"Shrug It Off","floor":7},{"not_picked":["Body Slam","Blood for Blood"],"picked":"Anger","floor":13},{"not_picked":["Barricade","Feed"],"picked":"Limit Break","floor":16},{"not_picked":["Warcry+1","Body Slam"],"picked":"Pummel+1","floor":18},{"not_picked":["Burning Pact","Flex+1"],"picked":"Rage+1","floor":22},{"not_picked":["Body Slam+1","Wild Strike","Rampage+1"],"picked":"SKIP","floor":24},{"not_picked":["Dropkick","Clothesline","True Grit"],"picked":"SKIP","floor":30},{"not_picked":["Sentinel","Iron Wave+1"],"picked":"Twin Strike","floor":31},{"not_picked":["Brutality","Barricade"],"picked":"Demon Form","floor":33},{"not_picked":["Sentinel","Thunderclap","Anger+1"],"picked":"SKIP","floor":35},{"not_picked":["Iron Wave","Armaments+1","Havoc"],"picked":"SKIP","floor":36},{"not_picked":["Warcry+1","Thunderclap","True Grit"],"picked":"SKIP","floor":38},{"not_picked":["Heavy Blade","Flex","Cleave"],"picked":"SKIP","floor":39},{"not_picked":["Exhume","Wild Strike","Metallicize"],"picked":"SKIP","floor":42},{"not_picked":["Warcry","Corruption+1"],"picked":"Heavy Blade","floor":44},{"not_picked":["Havoc","Wild Strike"],"picked":"Sword Boomerang+1","floor":45},{"not_picked":["Cleave","Rupture+1","Body Slam"],"picked":"SKIP","floor":48}],"player_experience":118078,"relics_obtained":[{"floor":6,"key":"Red Skull"},{"floor":7,"key":"Odd Mushroom"},{"floor":9,"key":"Potion Belt"},{"floor":10,"key":"Letter Opener"},{"floor":24,"key":"Gremlin Horn"},{"floor":26,"key":"Dodecahedron"},{"floor":37,"key":"Calipers"},{"floor":43,"key":"Frozen Egg 2"},{"floor":44,"key":"Peace Pipe"}],"event_choices":[{"damage_healed":0,"gold_gain":75,"player_choice":"Gather Gold","damage_taken":11,"max_hp_gain":0,"max_hp_loss":0,"event_name":"World of Goop","floor":3,"gold_loss":0},{"damage_healed":0,"gold_gain":0,"player_choice":"Donut","damage_taken":0,"max_hp_gain":5,"max_hp_loss":0,"event_name":"Big Fish","floor":5,"gold_loss":0},{"damage_healed":0,"gold_gain":0,"player_choice":"Fought Mushrooms","damage_taken":0,"max_hp_gain":0,"max_hp_loss":0,"event_name":"Mushrooms","floor":7,"gold_loss":0},{"damage_healed":0,"gold_gain":0,"player_choice":"Entered Light","damage_taken":17,"max_hp_gain":0,"max_hp_loss":0,"event_name":"Shining Light","floor":8,"gold_loss":0,"cards_upgraded":["Spot Weakness","Defend_R"]},{"damage_healed":0,"gold_gain":0,"player_choice":"Searched \u00270\u0027 times","damage_taken":0,"max_hp_gain":0,"max_hp_loss":0,"event_name":"Dead Adventurer","floor":12,"gold_loss":0},{"damage_healed":0,"gold_gain":0,"player_choice":"Simplicity","damage_taken":0,"max_hp_gain":0,"max_hp_loss":0,"event_name":"Back to Basics","floor":19,"gold_loss":0,"cards_upgraded":["Strike_R","Strike_R","Strike_R","Strike_R","Strike_R","Defend_R","Defend_R","Defend_R"]},{"cards_removed":["Strike_R"],"damage_healed":0,"gold_gain":0,"player_choice":"Gave Gold","damage_taken":0,"max_hp_gain":0,"max_hp_loss":0,"event_name":"Beggar","floor":20,"gold_loss":75},{"damage_healed":0,"gold_gain":0,"player_choice":"Ignored","damage_taken":0,"max_hp_gain":0,"max_hp_loss":0,"event_name":"NoteForYourself","floor":27,"gold_loss":0},{"damage_healed":0,"gold_gain":0,"player_choice":"Fight","damage_taken":0,"max_hp_gain":0,"max_hp_loss":0,"event_name":"MindBloom","floor":37,"gold_loss":0},{"damage_healed":0,"gold_gain":0,"player_choice":"Fight","damage_taken":0,"max_hp_gain":0,"max_hp_loss":0,"event_name":"Mysterious Sphere","floor":44,"gold_loss":0},{"cards_removed":["Flex"],"damage_healed":0,"gold_gain":0,"player_choice":"Removed Skill","damage_taken":0,"max_hp_gain":0,"max_hp_loss":0,"event_name":"Falling","floor":46,"gold_loss":0},{"damage_healed":0,"gold_gain":0,"player_choice":"2 cards matched","damage_taken":0,"max_hp_gain":0,"max_hp_loss":0,"event_name":"Match and Keep!","floor":47,"gold_loss":0,"cards_obtained":["Whirlwind","Reaper"]}],"is_beta":false,"boss_relics":[{"not_picked":["Calling Bell","Eternal Feather"],"picked":"Runic Pyramid"},{"not_picked":["Empty Cage","Runic Dome"],"picked":"Fusion Hammer"}],"items_purged_floors":[],"is_endless":false,"potions_floor_spawned":[1,2,16,22,24,30,35,37,38,45],"ascension_level":0}