{"gold_per_floor":[114,126,126,126,142,24,99,99,99,111,111,137,150,163,163,260,260,260,260,260,260,260,260,260,260,260,260,260,18,18,18,18,18,18,18,18,18,18,18,18,18,18,18,18,18,18,18,18,18,18],"floor_reached":50,"playtime":1964,"items_purged":["Strike_R"],"score":484,"play_id":"09945332-4efd-4593-82f3-f77128367fbf","local_time":"20190422215426","is_ascension_mode":false,"campfire_choices":[{"data":"Searing Blow","floor":8,"key":"SMITH"},{"floor":11,"key":"REST"},{"floor":15,"key":"REST"},{"data":"Armaments","floor":23,"key":"SMITH"},{"floor":25,"key":"REST"},{"floor":32,"key":"REST"},{"floor":40,"key":"REST"},{"floor":42,"key":"REST"},{"data":"Searing Blow+1","floor":49,"key":"SMITH"}],"neow_cost":"NONE","seed_source_timestamp":614786087168200,"circlet_count":0,"master_deck":["Strike_R+1","Strike_R+1","Strike_R+1","Defend_R+1","Defend_R+1","Defend_R+1","Defend_R+1","Bash","Juggernaut","Whirlwind","Cleave","Anger","Searing Blow+2","Rage","Armaments+1","Juggernaut","Trip","Power Through","Battle Trance","True Grit+1","Rampage","Armaments+1"],"relics":["Burning Blood","Smiling Mask","Sundial","Red Skull","Ectoplasm","Bottled Flame","Kunai","Mercury Hourglass","Busted Crown","Charon\u0027s Ashes","The Courier"],"potions_floor_usage":[12,16,30,33,50,50,50],"damage_taken":[{"damage":6,"enemies":"Cultist","floor":1,"turns":4},{"damage":6,"enemies":"Jaw Worm","floor":2,"turns":4},{"damage":7,"enemies":"Small Slimes","floor":5,"turns":2},{"damage":16,"enemies":"Blue Slaver","floor":10,"turns":4},{"damage":31,"enemies":"Lagavulin","floor":12,"turns":5},{"damage":0,"enemies":"2 Fungi Beasts","floor":13,"turns":2},{"damage":0,"enemies":"3 Louse","floor":14,"turns":1},{"damage":69,"enemies":"Hexaghost","floor":16,"turns":10},{"damage":5,"enemies":"Chosen","floor":18,"turns":4},{"damage":7,"enemies":"Spheric Guardian","floor":21,"turns":4},{"damage":14,"enemies":"Cultist and Chosen","floor":22,"turns":7},{"damage":22,"enemies":"Gremlin Leader","floor":24,"turns":6},{"damage":5,"enemies":"3 Cultists","floor":28,"turns":4},{"damage":27,"enemies":"Book of Stabbing","floor":30,"turns":4},{"damage":0,"enemies":"Snecko","floor":31,"turns":5},{"damage":61,"enemies":"Champ","floor":33,"turns":10},{"damage":10,"enemies":"3 Shapes","floor":35,"turns":3},{"damage":69,"enemies":"2 Orb Walkers","floor":38,"turns":6},{"damage":8,"enemies":"3 Darklings","floor":39,"turns":3},{"damage":14,"enemies":"Spire Growth","floor":41,"turns":4},{"damage":4,"enemies":"Maw","floor":44,"turns":6},{"damage":5,"enemies":"4 Shapes","floor":45,"turns":3},{"damage":3,"enemies":"3 Darklings","floor":48,"turns":4},{"damage":76,"enemies":"Awakened One","floor":50,"turns":9}],"seed_played":"-6825054089409730949","potions_obtained":[{"floor":1,"key":"Dexterity Potion"},{"floor":5,"key":"FearPotion"},{"floor":22,"key":"Poison Potion"},{"floor":31,"key":"Ancient Potion"},{"floor":33,"key":"FearPotion"},{"floor":38,"key":"SpeedPotion"},{"floor":39,"key":"Regen Potion"}],"is_trial":false,"path_per_floor":["M","M","?","?","M","$","?","R","T","M","R","E","M","M","R","B",null,"M","?","?","M","M","R","E","R","T","?","M","$","E","M","R","B",null,"M","$","$","?","M","R","M","R","T","M","M","?","?","M","R","B"],"character_chosen":"IRONCLAD","items_purchased":["Searing Blow","Kunai"],"campfire_rested":6,"item_purchase_floors":[6,29],"current_hp_per_floor":[80,80,62,62,61,61,50,50,50,40,64,39,45,51,75,12,80,80,80,64,63,55,55,39,63,63,63,64,64,43,49,73,18,80,76,76,76,13,11,35,27,51,51,53,54,54,54,57,57,0],"gold":18,"neow_bonus":"ONE_RANDOM_RARE_CARD","is_prod":false,"is_daily":false,"chose_seed":false,"campfire_upgraded":3,"win_rate":0,"timestamp":1555984466,"path_taken":["M","?","?","?","M","?","?","R","T","M","R","E","M","M","R","BOSS","M","?","?","M","?","R","E","R","T","?","M","$","E","M","R","BOSS","M","?","$","?","M","R","?","R","T","M","M","?","?","M","R","BOSS"],"build_version":"2019-01-23","purchased_purges":1,"victory":false,"max_hp_per_floor":[80,80,80,80,80,80,80,80,80,80,80,80,80,80,80,80,80,80,80,80,80,80,80,80,80,80,80,80,80,80,80,80,80,80,80,80,80,80,80,80,80,80,80,80,80,76,76,76,76,76],"card_choices":[{"not_picked":["Dropkick","Cleave"],"picked":"Whirlwind","floor":1},{"not_picked":["Havoc","Sword Boomerang"],"picked":"Cleave","floor":2},{"not_picked":["Perfected Strike","Body Slam"],"picked":"Anger","floor":5},{"not_picked":["Perfected Strike","Clothesline","Cleave"],"picked":"SKIP","floor":10},{"not_picked":["Rupture","Perfected Strike"],"picked":"Rage","floor":12},{"not_picked":["Havoc","True Grit","Demon Form"],"picked":"SKIP","floor":13},{"not_picked":["Shrug It Off","Corruption"],"picked":"Armaments","floor":14},{"not_picked":["Demon Form","Berserk"],"picked":"Juggernaut","floor":16},{"not_picked":["Evolve","Warcry","Havoc+1"],"picked":"SKIP","floor":18},{"not_picked":["Heavy Blade","Havoc"],"picked":"Power Through","floor":21},{"not_picked":["Havoc","Flex"],"picked":"Battle Trance","floor":22},{"not_picked":["Rupture","Cleave","Flex+1"],"picked":"SKIP","floor":24},{"not_picked":["Power Through","Warcry","Hemokinesis"],"picked":"SKIP","floor":28},{"not_picked":["Sword Boomerang","Reckless Charge"],"picked":"True Grit+1","floor":30},{"not_picked":["Wild Strike","Power Through"],"picked":"Rampage","floor":31},{"not_picked":["Iron Wave"],"picked":"SKIP","floor":35},{"not_picked":["Fire Breathing"],"picked":"SKIP","floor":39},{"not_picked":[],"picked":"Armaments+1","floor":41},{"not_picked":["Anger"],"picked":"SKIP","floor":44},{"not_picked":["True Grit"],"picked":"SKIP","floor":45},{"not_picked":["True Grit"],"picked":"SKIP","floor":45},{"not_picked":["Rage+1"],"picked":"SKIP","floor":48}],"player_experience":220120,"relics_obtained":[{"floor":9,"key":"Sundial"},{"floor":12,"key":"Red Skull"},{"floor":24,"key":"Bottled Flame"},{"floor":30,"key":"Mercury Hourglass"},{"floor":38,"key":"Charon\u0027s Ashes"},{"floor":43,"key":"The Courier"}],"event_choices":[{"damage_healed":0,"gold_gain":0,"player_choice":"Success","damage_taken":18,"relics_obtained":["Smiling Mask"],"max_hp_gain":0,"max_hp_loss":0,"event_name":"Scrap Ooze","floor":3,"gold_loss":0},{"damage_healed":0,"gold_gain":0,"player_choice":"Ignored","damage_taken":0,"max_hp_gain":0,"max_hp_loss":0,"event_name":"Liars Game","floor":4,"gold_loss":0},{"damage_healed":0,"gold_gain":75,"player_choice":"Gather Gold","damage_taken":11,"max_hp_gain":0,"max_hp_loss":0,"event_name":"World of Goop","floor":7,"gold_loss":0},{"damage_healed":0,"gold_gain":0,"player_choice":"Simplicity","damage_taken":0,"max_hp_gain":0,"max_hp_loss":0,"event_name":"Back to Basics","floor":19,"gold_loss":0,"cards_upgraded":["Strike_R","Strike_R","Strike_R","Strike_R","Defend_R","Defend_R","Defend_R","Defend_R"]},{"damage_healed":0,"gold_gain":0,"player_choice":"CARD ","damage_taken":16,"max_hp_gain":0,"max_hp_loss":0,"event_name":"Knowing Skull","floor":20,"potions_obtained":[],"gold_loss":0,"cards_obtained":["Trip"]},{"cards_removed":["Strike_R"],"damage_healed":0,"gold_gain":0,"player_choice":"Purged","damage_taken":0,"max_hp_gain":0,"max_hp_loss":0,"event_name":"Purifier","floor":27,"gold_loss":0},{"damage_healed":0,"gold_gain":0,"player_choice":"Fight","damage_taken":0,"max_hp_gain":0,"max_hp_loss":0,"event_name":"Mysterious Sphere","floor":38,"gold_loss":0},{"damage_healed":0,"gold_gain":0,"player_choice":"Max HP","damage_taken":0,"max_hp_gain":0,"max_hp_loss":4,"event_name":"Winding Halls","floor":46,"gold_loss":0},{"damage_healed":0,"gold_gain":0,"player_choice":"Memory 1","damage_taken":0,"max_hp_gain":0,"max_hp_loss":0,"event_name":"SensoryStone","floor":47,"gold_loss":0}],"is_beta":false,"boss_relics":[{"not_picked":["Pandora\u0027s Box","Runic Dome"],"picked":"Ectoplasm"},{"not_picked":["Tiny House","Orrery"],"picked":"Busted Crown"}],"items_purged_floors":[6],"is_endless":false,"potions_floor_spawned":[1,5,22,31,33,38,39,45],"killed_by":"Awakened One","ascension_level":0}