{"gold_per_floor":[115,65,77,93,93,128,128,163,187,187,187,187,205,223,223,327,327,341,18,28,28,28,28,63,76,76,76,95,95,125,140,140,241,241,259,13,33,51,51,51,86,0,0,0,327,327,327,378,378,378],"floor_reached":51,"playtime":7299,"items_purged":["Strike_R","Defend_R"],"score":901,"play_id":"cb7a3342-4795-4e63-b31b-ebe6485bfdfb","local_time":"20190225011647","is_ascension_mode":false,"campfire_choices":[{"data":"Bash","floor":7,"key":"SMITH"},{"floor":15,"key":"REST"},{"data":"Barricade","floor":23,"key":"SMITH"},{"data":"Thinking Ahead","floor":27,"key":"SMITH"},{"data":"Entrench","floor":29,"key":"SMITH"},{"data":"Enlightenment","floor":32,"key":"SMITH"},{"data":"Clothesline","floor":40,"key":"SMITH"},{"data":"Defend_R","floor":47,"key":"SMITH"},{"data":"Defend_R","floor":49,"key":"SMITH"}],"neow_cost":"NONE","seed_source_timestamp":726091884696096,"circlet_count":0,"master_deck":["Defend_R","Defend_R+1","Defend_R+1","Bash+1","Body Slam+1","Shrug It Off+1","Clothesline+1","Entrench+1","Barricade+1","Entrench+1","Sever Soul+1","Reaper+1","Thinking Ahead+1","Enlightenment+1","Entrench+1","Body Slam+1"],"relics":["Burning Blood","Anchor","Blood Vial","Lantern","Ancient Tea Set","Molten Egg 2","Sozu","Ice Cream","Mango","Bird Faced Urn","Empty Cage","Bronze Scales","Red Mask","Juzu Bracelet","Old Coin","Oddly Smooth Stone"],"potions_floor_usage":[18,45,45],"damage_taken":[{"damage":2,"enemies":"Small Slimes","floor":1,"turns":4},{"damage":0,"enemies":"2 Louse","floor":3,"turns":2},{"damage":3,"enemies":"Jaw Worm","floor":4,"turns":6},{"damage":16,"enemies":"Gremlin Nob","floor":6,"turns":4},{"damage":33,"enemies":"3 Sentries","floor":8,"turns":11},{"damage":0,"enemies":"3 Louse","floor":13,"turns":3},{"damage":2,"enemies":"2 Fungi Beasts","floor":14,"turns":9},{"damage":0,"enemies":"The Guardian","floor":16,"turns":4},{"damage":7,"enemies":"3 Byrds","floor":18,"turns":7},{"damage":0,"enemies":"2 Thieves","floor":20,"turns":5},{"damage":9,"enemies":"Slavers","floor":24,"turns":9},{"damage":5,"enemies":"Snake Plant","floor":25,"turns":5},{"damage":0,"enemies":"Shelled Parasite and Fungi","floor":28,"turns":4},{"damage":18,"enemies":"Gremlin Leader","floor":30,"turns":5},{"damage":11,"enemies":"Sentry and Sphere","floor":31,"turns":9},{"damage":8,"enemies":"Automaton","floor":33,"turns":10},{"damage":0,"enemies":"Orb Walker","floor":35,"turns":2},{"damage":0,"enemies":"3 Shapes","floor":37,"turns":5},{"damage":0,"enemies":"Writhing Mass","floor":38,"turns":2},{"damage":0,"enemies":"Giant Head","floor":41,"turns":4},{"damage":92,"enemies":"Reptomancer","floor":45,"turns":7},{"damage":0,"enemies":"Awakened One","floor":50,"turns":8}],"seed_played":"7845772746542802582","potions_obtained":[{"floor":6,"key":"GamblersBrew"},{"floor":14,"key":"EntropicBrew"},{"floor":16,"key":"Fire Potion"}],"is_trial":false,"path_per_floor":["M","?","M","M","?","E","R","E","T","T","?","?","M","M","R","B",null,"M","$","M","?","?","R","E","M","T","R","M","R","E","M","R","B",null,"M","$","M","M","?","R","E","?","T","?","E","?","R","T","R","B",null],"character_chosen":"IRONCLAD","items_purchased":["Thinking Ahead","Enlightenment","Bronze Scales"],"campfire_rested":1,"item_purchase_floors":[19,19,36],"current_hp_per_floor":[80,80,80,80,64,54,54,29,29,29,22,22,30,36,60,68,80,80,80,80,80,80,80,80,80,94,94,94,94,82,85,85,94,94,94,94,94,94,94,94,94,94,94,94,15,82,82,82,82,82],"gold":378,"neow_bonus":"RANDOM_COMMON_RELIC","is_prod":false,"is_daily":false,"chose_seed":false,"campfire_upgraded":8,"win_rate":0.0,"timestamp":1551053807,"path_taken":["M","?","M","M","?","E","R","E","T","?","?","?","M","M","R","BOSS","M","?","?","?","?","R","E","M","T","R","M","R","E","M","R","BOSS","M","$","?","M","?","R","E","?","T","?","E","?","R","?","R","BOSS"],"build_version":"2019-01-23","purchased_purges":2,"victory":true,"max_hp_per_floor":[80,80,80,80,80,80,80,80,80,80,80,80,80,80,80,80,80,80,80,80,80,80,80,80,80,94,94,94,94,94,94,94,94,94,94,94,94,94,94,94,94,94,94,94,94,82,82,82,82,82],"card_choices":[{"not_picked":["Sword Boomerang","Flex"],"picked":"Body Slam","floor":1},{"not_picked":["Heavy Blade","Thunderclap"],"picked":"Shrug It Off","floor":3},{"not_picked":["Entrench","Hemokinesis"],"picked":"Clothesline","floor":4},{"not_picked":["Body Slam","Iron Wave"],"picked":"Entrench","floor":6},{"not_picked":["Headbutt","Flex"],"picked":"Barricade","floor":8},{"not_picked":["Anger+1","Reckless Charge+1"],"picked":"Entrench","floor":13},{"not_picked":["Pummel+1","Clothesline+1"],"picked":"Sever Soul+1","floor":14},{"not_picked":["Bludgeon+1","Berserk"],"picked":"Reaper+1","floor":16},{"not_picked":["Armaments","Inflame","Perfected Strike+1"],"picked":"SKIP","floor":18},{"not_picked":["Power Through","Heavy Blade+1"],"picked":"Shrug It Off+1","floor":20},{"not_picked":["True Grit+1","Iron Wave+1","Heavy Blade+1"],"picked":"SKIP","floor":24},{"not_picked":["Warcry","Thunderclap+1","Rupture"],"picked":"SKIP","floor":25},{"not_picked":["Spot Weakness","Twin Strike+1","Clash+1"],"picked":"SKIP","floor":28},{"not_picked":["Infernal Blade","Inflame","Sword Boomerang+1"],"picked":"SKIP","floor":30},{"not_picked":["Double Tap","Seeing Red","Shrug It Off"],"picked":"SKIP","floor":31},{"not_picked":["Armaments+1","Clothesline+1","Burning Pact"],"picked":"SKIP","floor":35},{"not_picked":["Cleave+1","Spot Weakness+1","Clash+1"],"picked":"SKIP","floor":37},{"not_picked":["Cleave+1","Spot Weakness+1","Clash+1"],"picked":"SKIP","floor":37},{"not_picked":["Dual Wield+1","Inflame+1","Flame Barrier+1"],"picked":"SKIP","floor":38},{"not_picked":["Pommel Strike+1","Entrench+1"],"picked":"Body Slam+1","floor":41},{"not_picked":["Flex","Dropkick+1","Fiend Fire+1"],"picked":"SKIP","floor":45}],"player_experience":16814,"relics_obtained":[{"floor":6,"key":"Blood Vial"},{"floor":8,"key":"Lantern"},{"floor":9,"key":"Ancient Tea Set"},{"floor":10,"key":"Molten Egg 2"},{"floor":24,"key":"Ice Cream"},{"floor":26,"key":"Mango"},{"floor":30,"key":"Bird Faced Urn"},{"floor":43,"key":"Juzu Bracelet"},{"floor":45,"key":"Old Coin"},{"floor":48,"key":"Oddly Smooth Stone"}],"event_choices":[{"cards_removed":["Strike_R"],"damage_healed":0,"gold_gain":0,"player_choice":"Card Removal","damage_taken":0,"max_hp_gain":0,"max_hp_loss":0,"event_name":"The Cleric","floor":2,"gold_loss":50},{"damage_healed":0,"gold_gain":0,"player_choice":"Entered Light","damage_taken":16,"max_hp_gain":0,"max_hp_loss":0,"event_name":"Shining Light","floor":5,"gold_loss":0,"cards_upgraded":["Shrug It Off","Body Slam"]},{"cards_removed":["Strike_R"],"damage_healed":0,"gold_gain":0,"player_choice":"Card Removal","damage_taken":7,"max_hp_gain":0,"max_hp_loss":0,"event_name":"Golden Wing","floor":11,"gold_loss":0},{"damage_healed":0,"gold_gain":0,"player_choice":"Forge","damage_taken":0,"max_hp_gain":0,"max_hp_loss":0,"event_name":"Accursed Blacksmith","floor":12,"gold_loss":0,"cards_upgraded":["Entrench"]},{"damage_healed":0,"gold_gain":0,"player_choice":"Ignored","damage_taken":0,"max_hp_gain":0,"max_hp_loss":0,"event_name":"Vampires","floor":21,"gold_loss":0},{"damage_healed":0,"gold_gain":0,"player_choice":"Copied","damage_taken":0,"max_hp_gain":0,"max_hp_loss":0,"event_name":"Duplicator","floor":22,"gold_loss":0,"cards_obtained":["Entrench"]},{"damage_healed":0,"gold_gain":0,"player_choice":"Memory 1","damage_taken":0,"max_hp_gain":0,"max_hp_loss":0,"event_name":"SensoryStone","floor":39,"gold_loss":0},{"damage_healed":0,"gold_gain":0,"player_choice":"Paid","damage_taken":0,"relics_obtained":["Red Mask"],"max_hp_gain":0,"max_hp_loss":0,"event_name":"Tomb of Lord Red Mask","floor":42,"gold_loss":86},{"cards_removed":["Shrug It Off"],"damage_healed":0,"gold_gain":0,"player_choice":"Removed Skill","damage_taken":0,"max_hp_gain":0,"max_hp_loss":0,"event_name":"Falling","floor":44,"gold_loss":0},{"damage_healed":82,"gold_gain":0,"player_choice":"Heal","damage_taken":0,"max_hp_gain":0,"max_hp_loss":12,"event_name":"The Moai Head","floor":46,"gold_loss":0}],"is_beta":false,"boss_relics":[{"not_picked":["Orrery","Lizard Tail"],"picked":"Sozu"},{"not_picked":["Runic Pyramid","Astrolabe"],"picked":"Empty Cage"}],"items_purged_floors":[19,36],"is_endless":false,"potions_floor_spawned":[6,14,16,24,25,28,31,33,35,37,45],"ascension_level":0}