{"gold_per_floor":[110,126,126,126,149,149,189,189,267,267,267,291,309,309,309,430,430,446,469,469,494,509,509,553,33,81,99,14,29,29,45,45,174,174,189,203,103,103,119,135,135,0,0,35,160,35,35,60,60,60,60,60,9,50,50],"floor_reached":56,"playtime":2440,"items_purged":["Strike_R","Strike_R","Strike_R"],"score":1174,"play_id":"02c888ec-6394-456b-9f75-1ebcd2793840","local_time":"20190426194735","is_ascension_mode":false,"campfire_choices":[{"data":"Clothesline","floor":6,"key":"SMITH"},{"floor":8,"key":"REST"},{"floor":10,"key":"RECALL"},{"data":"Cleave","floor":15,"key":"SMITH"},{"floor":23,"key":"REST"},{"floor":32,"key":"REST"},{"floor":41,"key":"REST"},{"floor":49,"key":"REST"},{"floor":52,"key":"REST"}],"neow_cost":"NONE","seed_source_timestamp":952273376533200,"circlet_count":0,"master_deck":["Strike_R","Strike_R+1","Defend_R","Defend_R","Defend_R+1","Defend_R+1","Bash+1","Flex","Cleave+1","Clothesline+1","Twin Strike","Shrug It Off","Pain","Reaper","Perfected Strike","J.A.X.","Heavy Blade","Blood for Blood","Shockwave","Flame Barrier+1","Impervious","Rupture","Inflame","Blood for Blood+1","Demon Form","Blood for Blood+1","Panacea","Fiend Fire","Flame Barrier+1","Armaments+1","Pummel"],"relics":["Burning Blood","NeowsBlessing","Golden Idol","Regal Pillow","Dodecahedron","WarpedTongs","Fusion Hammer","Bag of Preparation","Ancient Tea Set","Orichalcum","Vajra","Juzu Bracelet","Runic Pyramid","Red Mask","Bird Faced Urn","Prayer Wheel","War Paint"],"potions_floor_usage":[16,16,21,33,48,55,55,55],"damage_taken":[{"damage":0,"enemies":"Jaw Worm","floor":1,"turns":1},{"damage":0,"enemies":"Small Slimes","floor":2,"turns":1},{"damage":0,"enemies":"2 Louse","floor":5,"turns":1},{"damage":39,"enemies":"3 Sentries","floor":7,"turns":9},{"damage":11,"enemies":"Gremlin Gang","floor":12,"turns":5},{"damage":0,"enemies":"Large Slime","floor":13,"turns":4},{"damage":31,"enemies":"Slime Boss","floor":16,"turns":8},{"damage":16,"enemies":"Shell Parasite","floor":18,"turns":3},{"damage":21,"enemies":"3 Byrds","floor":19,"turns":5},{"damage":25,"enemies":"Snake Plant","floor":21,"turns":4},{"damage":11,"enemies":"Shelled Parasite and Fungi","floor":22,"turns":4},{"damage":20,"enemies":"Book of Stabbing","floor":24,"turns":4},{"damage":8,"enemies":"Centurion and Healer","floor":27,"turns":5},{"damage":3,"enemies":"Snecko","floor":29,"turns":2},{"damage":10,"enemies":"Sentry and Sphere","floor":31,"turns":3},{"damage":29,"enemies":"Automaton","floor":33,"turns":6},{"damage":0,"enemies":"3 Shapes","floor":35,"turns":4},{"damage":3,"enemies":"Orb Walker","floor":36,"turns":2},{"damage":18,"enemies":"Maw","floor":39,"turns":6},{"damage":8,"enemies":"Sphere and 2 Shapes","floor":40,"turns":5},{"damage":24,"enemies":"Nemesis","floor":44,"turns":3},{"damage":0,"enemies":"Mind Bloom Boss Battle","floor":45,"turns":3},{"damage":14,"enemies":"3 Darklings","floor":48,"turns":3},{"damage":73,"enemies":"Awakened One","floor":50,"turns":8},{"damage":47,"enemies":"Shield and Spear","floor":54,"turns":6},{"damage":104,"enemies":"The Heart","floor":55,"turns":8}],"seed_played":"-5497000579821528670","potions_obtained":[{"floor":5,"key":"Ancient Potion"},{"floor":7,"key":"SteroidPotion"},{"floor":12,"key":"Poison Potion"},{"floor":13,"key":"BloodPotion"},{"floor":19,"key":"FearPotion"},{"floor":21,"key":"Weak Potion"},{"floor":22,"key":"Ancient Potion"},{"floor":39,"key":"Explosive Potion"},{"floor":54,"key":"Strength Potion"}],"is_trial":false,"path_per_floor":["M","M","?","?","M","R","E","R","T","R","?","M","M","?","R","B",null,"M","M","?","M","M","R","E","$","T","M","?","M","?","M","R","B",null,"M","M","$","?","M","M","R","?","T","E","?","$","?","M","R","B",null,"R","$","E","B",null],"character_chosen":"IRONCLAD","items_purchased":["Flame Barrier","Impervious","Ancient Tea Set","Orichalcum","PowerPotion"],"campfire_rested":6,"item_purchase_floors":[25,25,25,25,53],"current_hp_per_floor":[80,80,60,60,66,66,33,72,72,72,56,51,57,57,57,32,80,70,63,63,52,61,80,66,66,66,80,80,80,80,80,80,57,80,80,80,80,80,78,76,80,80,80,62,74,74,74,66,80,46,80,80,80,80,21],"gold":50,"neow_bonus":"THREE_ENEMY_KILL","is_prod":false,"is_daily":false,"chose_seed":false,"campfire_upgraded":2,"win_rate":0,"timestamp":1556322455,"path_taken":["M","M","?","?","?","R","E","R","T","R","?","M","M","?","R","BOSS","M","?","?","M","M","R","E","$","T","M","?","M","?","M","R","BOSS","M","M","$","?","M","M","R","?","T","E","?","$","?","M","R","BOSS","R","$","E","BOSS"],"build_version":"2019-01-23","purchased_purges":3,"victory":true,"max_hp_per_floor":[80,80,80,80,80,80,80,80,80,80,80,80,80,80,80,80,80,80,80,80,80,80,80,80,80,80,80,80,80,80,80,80,80,80,80,80,80,80,80,80,80,80,80,80,80,80,80,80,80,80,80,80,80,80,80],"card_choices":[{"not_picked":["Ghostly Armor","Heavy Blade"],"picked":"Flex","floor":1},{"not_picked":["Entrench","Pommel Strike"],"picked":"Cleave","floor":2},{"not_picked":["Wild Strike","Sever Soul"],"picked":"Clothesline","floor":5},{"not_picked":["Sentinel","Sever Soul","Body Slam"],"picked":"SKIP","floor":7},{"not_picked":["Exhume","Bloodletting"],"picked":"Twin Strike","floor":12},{"not_picked":["Body Slam","Twin Strike"],"picked":"Shrug It Off","floor":13},{"not_picked":["Limit Break","Immolate"],"picked":"Reaper","floor":16},{"not_picked":["Fire Breathing","Wild Strike+1"],"picked":"Perfected Strike","floor":18},{"not_picked":["Uppercut","True Grit","Twin Strike"],"picked":"SKIP","floor":19},{"not_picked":["Twin Strike","Sever Soul"],"picked":"Heavy Blade","floor":21},{"not_picked":["Burning Pact","Thunderclap"],"picked":"Blood for Blood","floor":22},{"not_picked":["Heavy Blade+1","Clash"],"picked":"Shockwave","floor":24},{"not_picked":["Sword Boomerang","Clothesline+1"],"picked":"Inflame","floor":27},{"not_picked":["Corruption+1","Heavy Blade"],"picked":"Rupture","floor":29},{"not_picked":["Reaper","Body Slam"],"picked":"Blood for Blood+1","floor":31},{"not_picked":["Dark Embrace","Feed"],"picked":"Demon Form","floor":33},{"not_picked":["Wild Strike+1","Clothesline+1"],"picked":"Blood for Blood+1","floor":35},{"not_picked":["Armaments","Disarm+1","Hemokinesis+1"],"picked":"SKIP","floor":36},{"not_picked":["Wild Strike+1","Burning Pact+1","Thunderclap"],"picked":"SKIP","floor":39},{"not_picked":["Wild Strike+1","Clash+1","True Grit"],"picked":"SKIP","floor":40},{"not_picked":["Corruption+1","Feed"],"picked":"Flame Barrier+1","floor":44},{"not_picked":["Havoc","Flex"],"picked":"Armaments+1","floor":48},{"not_picked":["Thunderclap+1","Clash+1"],"picked":"Pummel","floor":48},{"not_picked":["Burning Pact","Cleave","Whirlwind"],"picked":"SKIP","floor":54}],"player_experience":257973,"relics_obtained":[{"floor":7,"key":"Regal Pillow"},{"floor":9,"key":"Dodecahedron"},{"floor":24,"key":"Bag of Preparation"},{"floor":26,"key":"Vajra"},{"floor":44,"key":"Bird Faced Urn"},{"floor":45,"key":"Prayer Wheel"},{"floor":54,"key":"War Paint"}],"event_choices":[{"damage_healed":0,"gold_gain":0,"player_choice":"Take Damage","damage_taken":20,"relics_obtained":["Golden Idol"],"max_hp_gain":0,"max_hp_loss":0,"event_name":"Golden Idol","floor":3,"gold_loss":0},{"damage_healed":0,"gold_gain":0,"player_choice":"Grow","damage_taken":0,"max_hp_gain":0,"max_hp_loss":0,"event_name":"Living Wall","floor":4,"gold_loss":0,"cards_upgraded":["Bash"]},{"damage_healed":0,"gold_gain":0,"player_choice":"Entered Light","damage_taken":16,"max_hp_gain":0,"max_hp_loss":0,"event_name":"Shining Light","floor":11,"gold_loss":0,"cards_upgraded":["Strike_R","Defend_R"]},{"damage_healed":0,"gold_gain":0,"player_choice":"Rummage","damage_taken":0,"relics_obtained":["WarpedTongs"],"max_hp_gain":0,"max_hp_loss":0,"event_name":"Accursed Blacksmith","floor":14,"gold_loss":0,"cards_obtained":["Pain"]},{"damage_healed":0,"gold_gain":0,"player_choice":"Obtain J.A.X.","damage_taken":0,"max_hp_gain":0,"max_hp_loss":0,"event_name":"Drug Dealer","floor":20,"gold_loss":0,"cards_obtained":["J.A.X."]},{"damage_healed":0,"gold_gain":0,"player_choice":"Obtained Relic","damage_taken":0,"relics_obtained":["Juzu Bracelet"],"max_hp_gain":0,"max_hp_loss":0,"event_name":"Addict","floor":28,"gold_loss":85},{"damage_healed":0,"gold_gain":0,"player_choice":"Read","damage_taken":0,"max_hp_gain":0,"max_hp_loss":0,"event_name":"The Library","floor":30,"gold_loss":0,"cards_obtained":["Inflame"]},{"damage_healed":0,"gold_gain":0,"player_choice":"2 cards matched","damage_taken":0,"max_hp_gain":0,"max_hp_loss":0,"event_name":"Match and Keep!","floor":38,"gold_loss":0,"cards_obtained":["Panacea","Fiend Fire"]},{"damage_healed":0,"gold_gain":0,"player_choice":"Paid","damage_taken":0,"relics_obtained":["Red Mask"],"max_hp_gain":0,"max_hp_loss":0,"event_name":"Tomb of Lord Red Mask","floor":42,"gold_loss":135},{"damage_healed":0,"gold_gain":0,"player_choice":"Fight","damage_taken":0,"max_hp_gain":0,"max_hp_loss":0,"event_name":"MindBloom","floor":45,"gold_loss":0},{"cards_removed":["Inflame"],"damage_healed":0,"gold_gain":0,"player_choice":"Removed Power","damage_taken":0,"max_hp_gain":0,"max_hp_loss":0,"event_name":"Falling","floor":47,"gold_loss":0}],"is_beta":false,"boss_relics":[{"not_picked":["Pandora\u0027s Box","Philosopher\u0027s Stone"],"picked":"Fusion Hammer"},{"not_picked":["Runic Cube","Coffee Dripper"],"picked":"Runic Pyramid"}],"items_purged_floors":[25,37,46],"is_endless":false,"potions_floor_spawned":[5,7,12,13,19,21,22,39,44,54],"ascension_level":0}