{"gold_per_floor":[118,118,118,132,132,132,57,90,90,90,90,16,16,36,36,162,162,178,178,198,218,218],"floor_reached":22,"playtime":2447,"items_purged":["Strike_G"],"score":228,"play_id":"c2086283-e404-4e24-bfd7-8df57905cc69","local_time":"20190424210524","is_ascension_mode":true,"campfire_choices":[{"data":"Cloak And Dagger","floor":6.0,"key":"SMITH"},{"floor":11.0,"key":"REST"},{"data":"Backflip","floor":15.0,"key":"SMITH"}],"neow_cost":"NONE","seed_source_timestamp":0,"circlet_count":0,"master_deck":["Defend_G","Defend_G","Defend_G","Defend_G","Strike_G","Strike_G","Strike_G","Survivor","Neutralize","Cloak And Dagger+1","Caltrops","Infinite Blades","Backflip+1","Adrenaline","Expertise+1","Deflect+1"],"special_seed":0,"relics":["Sozu","Darkstone Periapt","Golden Idol","Regal Pillow","Ornamental Fan","Busted Crown"],"potions_floor_usage":[],"damage_taken":[{"damage":5.0,"enemies":"2 Louse","floor":1.0,"turns":3.0},{"damage":0.0,"enemies":"Small Slimes","floor":4.0,"turns":3.0},{"damage":12.0,"enemies":"3 Sentries","floor":8.0,"turns":15.0},{"damage":0.0,"enemies":"Jaw Worm","floor":14.0,"turns":4.0},{"damage":34.0,"enemies":"Slime Boss","floor":16.0,"turns":16.0},{"damage":23,"enemies":"Chosen","floor":18,"turns":7},{"damage":2,"enemies":"Spheric Guardian","floor":20,"turns":5},{"damage":16,"enemies":"Snake Plant","floor":21,"turns":7},{"damage":21,"enemies":"Cultist and Chosen","floor":22,"turns":4}],"seed_played":"5861051348295304037","potions_obtained":[],"is_trial":false,"path_per_floor":["M","?","?","M","?","R","$","E","T","?","R","$","?","M","R","B",null,"M","?","M","M","M"],"character_chosen":"THE_SILENT","items_purchased":["Infinite Blades"],"campfire_rested":1,"item_purchase_floors":[12],"current_hp_per_floor":[65,53,36,36,29,29,29,17,17,17,53,53,53,53,53,19,57,34,34,32,16,0],"gold":218,"neow_bonus":"BOSS_RELIC","is_prod":false,"is_daily":false,"chose_seed":false,"campfire_upgraded":2,"win_rate":0,"timestamp":1556154324,"path_taken":["M","?","?","M","?","R","?","E","T","?","R","?","?","M","R","BOSS","M","?","M","M","M"],"build_version":"2019-01-23","purchased_purges":1,"victory":false,"max_hp_per_floor":[70,70,70,70,70,70,70,70,70,70,70,70,70,70,70,70,70,70,70,70,70,70],"card_choices":[{"not_picked":["Dagger Throw","Prepared"],"picked":"Cloak And Dagger","floor":1.0},{"not_picked":["Deadly Poison","Flying Knee","Dodge and Roll"],"picked":"SKIP","floor":4.0},{"not_picked":["Slice","Acrobatics"],"picked":"Caltrops","floor":8.0},{"not_picked":["Bane","Dodge and Roll"],"picked":"Backflip","floor":14.0},{"not_picked":["Tools of the Trade","Doppelganger"],"picked":"Adrenaline","floor":16.0},{"not_picked":[],"picked":"Expertise+1","floor":18},{"not_picked":["Acrobatics"],"picked":"SKIP","floor":20},{"not_picked":[],"picked":"Deflect+1","floor":21}],"player_experience":923144,"relics_obtained":[{"floor":8.0,"key":"Regal Pillow"},{"floor":9.0,"key":"Ornamental Fan"}],"event_choices":[{"damage_healed":0.0,"max_hp_gain":0.0,"max_hp_loss":0.0,"gold_gain":0.0,"event_name":"Scrap Ooze","player_choice":"Success","floor":2.0,"gold_loss":0.0,"damage_taken":12.0,"relics_obtained":["Darkstone Periapt"]},{"damage_healed":0.0,"max_hp_gain":0.0,"max_hp_loss":0.0,"gold_gain":0.0,"event_name":"Golden Idol","player_choice":"Take Damage","floor":3.0,"gold_loss":0.0,"damage_taken":17.0,"relics_obtained":["Golden Idol"]},{"cards_removed":["Strike_G"],"damage_healed":0.0,"max_hp_gain":0.0,"max_hp_loss":0.0,"gold_gain":0.0,"event_name":"Golden Wing","player_choice":"Card Removal","floor":5.0,"gold_loss":0.0,"damage_taken":7.0},{"cards_removed":["Defend_G"],"damage_healed":0.0,"max_hp_gain":0.0,"max_hp_loss":0.0,"gold_gain":0.0,"event_name":"Living Wall","player_choice":"Forget","floor":10.0,"gold_loss":0.0,"damage_taken":0.0},{"damage_healed":0.0,"max_hp_gain":0.0,"max_hp_loss":0.0,"gold_gain":0.0,"event_name":"The Cleric","player_choice":"Leave","floor":13.0,"gold_loss":0.0,"damage_taken":0.0},{"damage_healed":0,"gold_gain":0,"player_choice":"Ignored","damage_taken":0,"max_hp_gain":0,"max_hp_loss":0,"event_name":"Ghosts","floor":19,"gold_loss":0}],"is_beta":false,"boss_relics":[{"not_picked":["Tiny House","HoveringKite"],"picked":"Busted Crown"}],"items_purged_floors":[7],"is_endless":false,"potions_floor_spawned":[8,16,21],"killed_by":"Cultist and Chosen","ascension_level":5}