{"gold_per_floor":[115,190,200,200,22,22,35,35,84,99,99,117,117,153,153,281,281,294,36,56,56,66,66,80,80,80,80],"floor_reached":27,"playtime":1185,"items_purged":[],"score":213,"play_id":"d47f3e2f-7b9b-4efe-9a13-2ae8c3c12273","local_time":"20190414121950","is_ascension_mode":false,"campfire_choices":[{"floor":6,"key":"REST"},{"data":"Fusion","floor":8,"key":"SMITH"},{"floor":11,"key":"REST"},{"floor":15,"key":"REST"},{"floor":23,"key":"REST"},{"floor":25,"key":"REST"}],"neow_cost":"NONE","seed_source_timestamp":9439402086900,"circlet_count":0,"master_deck":["Strike_B","Strike_B","Strike_B","Strike_B","Defend_B+1","Defend_B","Defend_B","Defend_B","Zap","Dualcast","Double Energy","Melter+1","Apotheosis","Fusion+1","Core Surge","Leap","White Noise","Meteor Strike","Reprogram+1","Redo","Leap"],"relics":["Cracked Core","NeowsBlessing","Smiling Mask","Bloody Idol","Vajra","Sozu","Matryoshka","Blood Vial","Darkstone Periapt"],"potions_floor_usage":[16,16],"damage_taken":[{"damage":0,"enemies":"2 Louse","floor":1,"turns":1},{"damage":0,"enemies":"Small Slimes","floor":3,"turns":1},{"damage":0,"enemies":"Jaw Worm","floor":7,"turns":1},{"damage":20,"enemies":"Gremlin Gang","floor":10,"turns":7},{"damage":7,"enemies":"3 Louse","floor":12,"turns":3},{"damage":22,"enemies":"3 Sentries","floor":14,"turns":8},{"damage":52,"enemies":"Hexaghost","floor":16,"turns":11},{"damage":7,"enemies":"Spheric Guardian","floor":18,"turns":4},{"damage":0,"enemies":"Chosen","floor":20,"turns":3},{"damage":27,"enemies":"Centurion and Healer","floor":22,"turns":10},{"damage":28,"enemies":"Snake Plant","floor":24,"turns":5},{"damage":61,"enemies":"Gremlin Leader","floor":27,"turns":7}],"seed_played":"-573140320442701491","potions_obtained":[{"floor":3,"key":"SteroidPotion"},{"floor":10,"key":"FocusPotion"},{"floor":14,"key":"Dexterity Potion"}],"is_trial":false,"path_per_floor":["M","?","M","?","$","R","M","R","T","M","R","M","?","E","R","B",null,"M","$","M","?","M","R","M","R","T","E"],"character_chosen":"DEFECT","items_purchased":["Apotheosis","Matryoshka"],"campfire_rested":5,"item_purchase_floors":[5,19],"current_hp_per_floor":[75,64,64,49,49,71,71,71,71,51,73,66,66,44,64,12,69,62,62,62,62,40,60,37,57,57,0],"gold":80,"neow_bonus":"THREE_ENEMY_KILL","is_prod":false,"is_daily":false,"chose_seed":false,"campfire_upgraded":1,"win_rate":0.0,"timestamp":1555269590,"path_taken":["M","?","M","?","?","R","M","R","T","?","R","M","?","E","R","BOSS","M","$","M","?","M","R","M","R","T","E"],"build_version":"2019-01-23","purchased_purges":0,"victory":false,"max_hp_per_floor":[75,75,75,75,75,75,75,75,75,75,75,75,69,69,69,69,69,69,69,69,69,69,69,69,69,69,69],"card_choices":[{"not_picked":["Redo","Darkness"],"picked":"Double Energy","floor":1},{"not_picked":["Rebound","Capacitor"],"picked":"Melter","floor":3},{"not_picked":["Go for the Eyes","Steam Power"],"picked":"Fusion","floor":7},{"not_picked":["Barrage","Streamline"],"picked":"Core Surge","floor":10},{"not_picked":["Hologram","Ball Lightning"],"picked":"Leap","floor":12},{"not_picked":["Rebound","Recycle"],"picked":"White Noise","floor":14},{"not_picked":["Buffer","Rainbow"],"picked":"Meteor Strike","floor":16},{"not_picked":["Rebound+1","Fusion"],"picked":"Reprogram+1","floor":18},{"not_picked":["Stack","Compile Driver"],"picked":"Redo","floor":20},{"not_picked":["Turbo","Barrage","Go for the Eyes"],"picked":"SKIP","floor":22},{"not_picked":["Steam","Cold Snap+1"],"picked":"Leap","floor":24}],"player_experience":142473,"relics_obtained":[{"floor":9,"key":"Smiling Mask"},{"floor":14,"key":"Vajra"},{"floor":26,"key":"Blood Vial"},{"floor":26,"key":"Darkstone Periapt"}],"event_choices":[{"damage_healed":0,"gold_gain":75,"player_choice":"Gather Gold","damage_taken":11,"max_hp_gain":0,"max_hp_loss":0,"event_name":"World of Goop","floor":2,"gold_loss":0},{"damage_healed":0,"gold_gain":0,"player_choice":"Entered Light","damage_taken":15,"max_hp_gain":0,"max_hp_loss":0,"event_name":"Shining Light","floor":4,"gold_loss":0,"cards_upgraded":["Defend_B","Melter"]},{"damage_healed":0,"gold_gain":0,"player_choice":"Lose Max HP","damage_taken":0,"relics_obtained":["Golden Idol"],"max_hp_gain":0,"max_hp_loss":6,"event_name":"Golden Idol","floor":13,"gold_loss":0},{"damage_healed":0,"gold_gain":0,"player_choice":"Gave Idol","damage_taken":0,"relics_obtained":["Bloody Idol"],"max_hp_gain":0,"max_hp_loss":0,"event_name":"Forgotten Altar","floor":21,"relics_lost":["Golden Idol"],"gold_loss":0}],"is_beta":false,"boss_relics":[{"not_picked":["Velvet Choker","Runic Pyramid"],"picked":"Sozu"}],"items_purged_floors":[],"is_endless":false,"potions_floor_spawned":[3,10,14,18,24],"killed_by":"Gremlin Leader","ascension_level":0}