{"gold_per_floor":[10,10,10,10,31,69,69,144,144,164,208,12,32,32,32,160,160,178,93,93,56,79,122,135,135],"floor_reached":25,"playtime":1121,"items_purged":[],"score":229,"play_id":"3dd89247-10d5-466e-a25c-2a55bc04bdd6","local_time":"20190418163723","is_ascension_mode":false,"campfire_choices":[{"floor":7,"key":"REST"},{"floor":15,"key":"REST"}],"neow_cost":"NO_GOLD","seed_source_timestamp":251012375916700,"circlet_count":0,"master_deck":["Defend_G","Defend_G","Defend_G","Defend_G","Strike_G","Strike_G","Strike_G","Strike_G","Survivor","Neutralize","Footwork","Cloak And Dagger+1","Deadly Poison","Catalyst+1","Dagger Throw","Corpse Explosion","Adrenaline","Poisoned Stab","Noxious Fumes","Concentrate","Slice","Backstab"],"relics":["Ring of the Serpent","Golden Idol","Bag of Preparation","Omamori","HandDrill","Question Card","Dodecahedron","War Paint","Letter Opener"],"potions_floor_usage":[16,23,25,25],"damage_taken":[{"damage":0,"enemies":"2 Louse","floor":1,"turns":3},{"damage":0,"enemies":"Cultist","floor":5,"turns":4},{"damage":16,"enemies":"3 Sentries","floor":6,"turns":16},{"damage":0,"enemies":"Small Slimes","floor":10,"turns":3},{"damage":25,"enemies":"Gremlin Nob","floor":11,"turns":4},{"damage":2,"enemies":"Looter","floor":13,"turns":3},{"damage":8,"enemies":"The Guardian","floor":16,"turns":8},{"damage":6,"enemies":"Shell Parasite","floor":18,"turns":5},{"damage":16,"enemies":"2 Thieves","floor":22,"turns":3},{"damage":18,"enemies":"Book of Stabbing","floor":23,"turns":6},{"damage":18,"enemies":"Snake Plant","floor":24,"turns":4},{"damage":23,"enemies":"Shelled Parasite and Fungi","floor":25,"turns":3}],"seed_played":"1460631953756897874","potions_obtained":[{"floor":1,"key":"GamblersBrew"},{"floor":2,"key":"Strength Potion"},{"floor":2,"key":"Block Potion"},{"floor":2,"key":"Explosive Potion"},{"floor":6,"key":"GhostInAJar"},{"floor":23,"key":"Ancient Potion"}],"is_trial":false,"path_per_floor":["M","?","$","?","M","E","R","?","T","M","E","$","M","T","R","B",null,"M","?","?","$","M","E","M","M"],"character_chosen":"THE_SILENT","items_purchased":["HandDrill","Noxious Fumes"],"campfire_rested":2,"item_purchase_floors":[12,21],"current_hp_per_floor":[70,70,70,65,65,49,65,54,54,54,29,29,27,27,46,38,65,59,59,59,59,43,25,7,0],"gold":135,"neow_bonus":"REMOVE_TWO","is_prod":false,"is_daily":false,"chose_seed":false,"campfire_upgraded":0,"win_rate":0,"timestamp":1555619843,"path_taken":["M","?","?","?","M","E","R","?","T","M","E","$","M","?","R","BOSS","M","?","?","?","M","E","?","M"],"build_version":"2019-01-23","purchased_purges":0,"victory":false,"max_hp_per_floor":[70,70,70,65,65,65,65,65,65,65,65,65,65,65,65,65,65,65,65,65,65,65,65,65,65],"card_choices":[{"not_picked":["Sucker Punch","Bane"],"picked":"Footwork","floor":1},{"not_picked":["Endless Agony","Eviscerate"],"picked":"Cloak And Dagger","floor":5},{"not_picked":["Reflex","Bane"],"picked":"Deadly Poison","floor":6},{"not_picked":["Prepared","Crippling Poison"],"picked":"Catalyst","floor":10},{"not_picked":["Acrobatics","Expertise"],"picked":"Dagger Throw","floor":11},{"not_picked":["Sucker Punch","Eviscerate"],"picked":"Corpse Explosion","floor":13},{"not_picked":["A Thousand Cuts","Envenom","Night Terror"],"picked":"Adrenaline","floor":16},{"not_picked":["Slice","Backflip","Accuracy+1"],"picked":"Poisoned Stab","floor":18},{"not_picked":["Setup","Heel Hook","Prepared"],"picked":"Concentrate","floor":22},{"not_picked":["Dagger Spray","Endless Agony","Adrenaline"],"picked":"Slice","floor":23},{"not_picked":["Tactician","Dagger Throw","All Out Attack"],"picked":"Backstab","floor":24}],"player_experience":178082,"relics_obtained":[{"floor":6,"key":"Bag of Preparation"},{"floor":11,"key":"Omamori"},{"floor":14,"key":"Question Card"},{"floor":23,"key":"Letter Opener"}],"event_choices":[{"damage_healed":0,"gold_gain":0,"player_choice":"Got Potions","damage_taken":0,"max_hp_gain":0,"max_hp_loss":0,"event_name":"Lab","floor":2,"gold_loss":0},{"damage_healed":0,"gold_gain":0,"player_choice":"Lose Max HP","damage_taken":0,"relics_obtained":["Golden Idol"],"max_hp_gain":0,"max_hp_loss":5,"event_name":"Golden Idol","floor":4,"gold_loss":0},{"damage_healed":0,"gold_gain":75,"player_choice":"Gather Gold","damage_taken":11,"max_hp_gain":0,"max_hp_loss":0,"event_name":"World of Goop","floor":8,"gold_loss":0},{"damage_healed":0,"gold_gain":0,"player_choice":"Obtained Relic","damage_taken":0,"relics_obtained":["Dodecahedron"],"max_hp_gain":0,"max_hp_loss":0,"event_name":"Addict","floor":19,"gold_loss":85},{"damage_healed":0,"gold_gain":0,"player_choice":"Opened","damage_taken":0,"relics_obtained":["War Paint"],"max_hp_gain":0,"max_hp_loss":0,"event_name":"The Mausoleum","floor":20,"gold_loss":0,"cards_obtained":["Writhe"]}],"is_beta":false,"boss_relics":[{"not_picked":["Orrery","Philosopher\u0027s Stone"],"picked":"Ring of the Serpent"}],"items_purged_floors":[],"is_endless":false,"potions_floor_spawned":[1,6,10,23],"killed_by":"Shelled Parasite and Fungi","ascension_level":0}