{"gold_per_floor":[18,33,33,108,108,108,108,122,177,102,102,138,138,153,153,284,284,299,224,149,149,149,149],"floor_reached":23,"playtime":2501,"items_purged":["Strike_B"],"score":296,"play_id":"53614345-a059-414f-b38b-90cf6055cdef","local_time":"20190318001221","is_ascension_mode":true,"campfire_choices":[{"data":"Echo Form","floor":6,"key":"SMITH"},{"floor":11,"key":"REST"},{"data":"Glacier","floor":13,"key":"SMITH"},{"data":"Zap","floor":15,"key":"SMITH"}],"neow_cost":"NO_GOLD","seed_source_timestamp":1159606600033368,"circlet_count":0,"master_deck":["AscendersBane","Strike_B","Strike_B","Defend_B","Defend_B","Defend_B","Defend_B","Zap+1","Dualcast","Echo Form+1","Self Repair","Glacier+1","Seek","Buffer"],"relics":["Cracked Core","Golden Idol","Dream Catcher","Singing Bowl","Black Star","Enchiridion"],"potions_floor_usage":[16],"damage_taken":[{"damage":16,"enemies":"Small Slimes","floor":1,"turns":3},{"damage":12,"enemies":"2 Louse","floor":2,"turns":3},{"damage":12,"enemies":"Jaw Worm","floor":8,"turns":5},{"damage":7,"enemies":"Lagavulin","floor":12,"turns":13},{"damage":4,"enemies":"3 Louse","floor":14,"turns":8},{"damage":36,"enemies":"The Guardian","floor":16,"turns":18},{"damage":13,"enemies":"Spheric Guardian","floor":18,"turns":10},{"damage":26,"enemies":"2 Thieves","floor":20,"turns":5},{"damage":39,"enemies":"Slavers","floor":23,"turns":4}],"seed_played":"-7663765143162334293","potions_obtained":[{"floor":14,"key":"Poison Potion"}],"is_trial":false,"path_per_floor":["M","M","?","?","?","R","?","M","T","$","R","E","R","M","R","B",null,"M","?","M","?","?","E"],"character_chosen":"DEFECT","items_purchased":[],"campfire_rested":1,"item_purchase_floors":[],"current_hp_per_floor":[52,47,47,36,36,36,41,36,36,36,58,60,60,65,65,36,68,71,71,54,38,38,0],"gold":149,"neow_bonus":"THREE_RARE_CARDS","is_prod":false,"is_daily":false,"chose_seed":false,"campfire_upgraded":3,"win_rate":0,"timestamp":1552882341,"path_taken":["M","M","?","?","?","R","?","M","T","?","R","E","R","M","R","BOSS","M","?","M","?","?","E"],"build_version":"2019-01-23","purchased_purges":1,"victory":false,"max_hp_per_floor":[75,75,75,75,69,69,74,74,74,74,74,76,76,78,78,78,78,80,80,82,82,82,82],"card_choices":[{"not_picked":["Rainbow","Hyperbeam"],"picked":"Echo Form","floor":0},{"not_picked":["Coolheaded","Beam Cell"],"picked":"Self Repair","floor":1},{"not_picked":["Rebound","Chaos"],"picked":"Glacier","floor":2},{"not_picked":["Redo","Go for the Eyes","Steam"],"picked":"SKIP","floor":8},{"not_picked":["Sweeping Beam","Beam Cell"],"picked":"Seek","floor":11},{"not_picked":["Go for the Eyes","Streamline","Sweeping Beam"],"picked":"Singing Bowl","floor":12},{"not_picked":["Beam Cell","Leap","Recycle"],"picked":"Singing Bowl","floor":14},{"not_picked":["Hyperbeam","All For One"],"picked":"Buffer","floor":16},{"not_picked":["Redo","Recycle","Conserve Battery"],"picked":"Singing Bowl","floor":18},{"not_picked":["Rebound","Beam Cell","Conserve Battery"],"picked":"Singing Bowl","floor":20}],"player_experience":799578,"relics_obtained":[{"floor":9,"key":"Dream Catcher"},{"floor":12,"key":"Singing Bowl"},{"floor":21,"key":"Enchiridion"}],"event_choices":[{"damage_healed":0,"gold_gain":0,"player_choice":"Ignored","damage_taken":0,"max_hp_gain":0,"max_hp_loss":0,"event_name":"Liars Game","floor":3,"gold_loss":0},{"damage_healed":0,"gold_gain":75,"player_choice":"Gather Gold","damage_taken":11,"max_hp_gain":0,"max_hp_loss":0,"event_name":"World of Goop","floor":4,"gold_loss":0},{"damage_healed":0,"gold_gain":0,"player_choice":"Lose Max HP","damage_taken":0,"relics_obtained":["Golden Idol"],"max_hp_gain":0,"max_hp_loss":6,"event_name":"Golden Idol","floor":5,"gold_loss":0},{"damage_healed":0,"gold_gain":0,"player_choice":"Donut","damage_taken":0,"max_hp_gain":5,"max_hp_loss":0,"event_name":"Big Fish","floor":7,"gold_loss":0},{"cards_removed":["Strike_B"],"damage_healed":0,"gold_gain":0,"player_choice":"Gave Gold","damage_taken":0,"max_hp_gain":0,"max_hp_loss":0,"event_name":"Beggar","floor":19,"gold_loss":75},{"damage_healed":0,"gold_gain":0,"player_choice":"Obtained Book","damage_taken":16,"max_hp_gain":0,"max_hp_loss":0,"event_name":"Cursed Tome","floor":21,"gold_loss":0},{"damage_healed":0,"gold_gain":0,"player_choice":"Ignored","damage_taken":0,"max_hp_gain":0,"max_hp_loss":0,"event_name":"The Mausoleum","floor":22,"gold_loss":0}],"is_beta":false,"boss_relics":[{"not_picked":["Ectoplasm","Tiny House"],"picked":"Black Star"}],"items_purged_floors":[10],"is_endless":false,"potions_floor_spawned":[14],"killed_by":"Slavers","ascension_level":12}