{"gold_per_floor":[119,119,138,138,153,153,184,184,184,228,247,247,247,285,285,408,408,422,438,438,6,31,70,70,85,111,111,155,6,6,46,46,46],"floor_reached":33,"playtime":1704,"items_purged":[],"score":321,"play_id":"b7e81dba-7245-4881-9556-b4d23ed02900","local_time":"20190403154830","is_ascension_mode":false,"campfire_choices":[{"data":"Bash","floor":6,"key":"SMITH"},{"data":"Flame Barrier","floor":8,"key":"SMITH"},{"floor":15,"key":"REST"},{"floor":24,"key":"REST"},{"data":"1","floor":27,"key":"LIFT"},{"floor":30,"key":"REST"},{"floor":32,"key":"REST"}],"neow_cost":"NONE","seed_source_timestamp":501043770805334,"circlet_count":0,"master_deck":["Strike_R","Strike_R","Strike_R","Strike_R","Strike_R","Defend_R","Defend_R","Defend_R","Defend_R","Bash+1","Flame Barrier+1","Inflame","Dropkick","Cleave","Sword Boomerang","Reckless Charge","Fire Breathing","Double Tap","Havoc","Armaments","The Bomb","Heavy Blade","Clothesline","Perfected Strike","Warcry"],"relics":["Burning Blood","Golden Idol","WingedGreaves","Girya","Regal Pillow","Self Forming Clay","Busted Crown","Oddly Smooth Stone","Bottled Tornado","Pen Nib","Bag of Preparation","Bronze Scales","Juzu Bracelet","Strawberry"],"potions_floor_usage":[3,10,16,16,16,23,23,33],"damage_taken":[{"damage":4,"enemies":"2 Louse","floor":1,"turns":4},{"damage":0,"enemies":"Jaw Worm","floor":3,"turns":5},{"damage":0,"enemies":"Small Slimes","floor":5,"turns":4},{"damage":15,"enemies":"Gremlin Nob","floor":7,"turns":4},{"damage":8,"enemies":"Lagavulin","floor":10,"turns":6},{"damage":10,"enemies":"2 Fungi Beasts","floor":11,"turns":4},{"damage":19,"enemies":"3 Sentries","floor":14,"turns":7},{"damage":51,"enemies":"Hexaghost","floor":16,"turns":9},{"damage":8,"enemies":"Spheric Guardian","floor":18,"turns":4},{"damage":16,"enemies":"2 Thieves","floor":19,"turns":3},{"damage":22,"enemies":"Centurion and Healer","floor":22,"turns":8},{"damage":19,"enemies":"Book of Stabbing","floor":23,"turns":5},{"damage":24,"enemies":"Snake Plant","floor":25,"turns":4},{"damage":35,"enemies":"Slavers","floor":28,"turns":6},{"damage":31,"enemies":"Book of Stabbing","floor":31,"turns":5},{"damage":100,"enemies":"Champ","floor":33,"turns":8}],"seed_played":"5168735691043987844","potions_obtained":[{"floor":0,"key":"FearPotion"},{"floor":0,"key":"Fruit Juice"},{"floor":0,"key":"SteroidPotion"},{"floor":7,"key":"Block Potion"},{"floor":10,"key":"SteroidPotion"},{"floor":11,"key":"Strength Potion"},{"floor":16,"key":"Fire Potion"},{"floor":18,"key":"Weak Potion"},{"floor":28,"key":"Explosive Potion"},{"floor":31,"key":"Swift Potion"}],"is_trial":false,"path_per_floor":["M","?","M","?","M","R","E","R","T","E","M","?","?","E","R","B",null,"M","M","?","$","M","E","R","M","T","R","E","$","R","E","R","B"],"character_chosen":"IRONCLAD","items_purchased":["Bottled Tornado","The Bomb","Juzu Bracelet"],"campfire_rested":4,"item_purchase_floors":[21,21,29],"current_hp_per_floor":[80,74,79,79,79,79,70,70,70,68,64,69,69,56,84,39,84,82,72,72,72,56,43,83,65,65,65,36,36,76,58,91,0],"gold":46,"neow_bonus":"THREE_SMALL_POTIONS","is_prod":false,"is_daily":false,"chose_seed":false,"campfire_upgraded":2,"win_rate":0,"timestamp":1554320910,"path_taken":["M","?","M","?","M","R","E","R","T","E","M","?","?","E","R","BOSS","M","M","?","?","M","E","R","M","T","R","E","$","R","E","R","BOSS"],"build_version":"2019-01-23","purchased_purges":0,"victory":false,"max_hp_per_floor":[80,74,79,79,79,79,79,79,79,79,79,84,84,84,84,84,84,84,84,84,84,84,84,84,84,84,84,84,84,84,91,91,91],"card_choices":[{"not_picked":["Dual Wield","Shrug It Off"],"picked":"Flame Barrier","floor":1},{"not_picked":["Warcry","Ghostly Armor"],"picked":"Inflame","floor":3},{"not_picked":["Feel No Pain","Wild Strike"],"picked":"Dropkick","floor":5},{"not_picked":["Pommel Strike","Fire Breathing"],"picked":"Cleave","floor":7},{"not_picked":["Havoc","Entrench"],"picked":"Sword Boomerang","floor":10},{"not_picked":["Second Wind","Carnage"],"picked":"Reckless Charge","floor":11},{"not_picked":["Whirlwind","Disarm"],"picked":"Fire Breathing","floor":14},{"not_picked":["Feed","Berserk"],"picked":"Double Tap","floor":16},{"not_picked":[],"picked":"Havoc","floor":18},{"not_picked":[],"picked":"Armaments","floor":19},{"not_picked":["Burning Pact"],"picked":"SKIP","floor":22},{"not_picked":[],"picked":"Heavy Blade","floor":23},{"not_picked":[],"picked":"Clothesline","floor":25},{"not_picked":[],"picked":"Perfected Strike","floor":28},{"not_picked":[],"picked":"Warcry","floor":31}],"player_experience":31137,"relics_obtained":[{"floor":7,"key":"WingedGreaves"},{"floor":9,"key":"Girya"},{"floor":10,"key":"Regal Pillow"},{"floor":14,"key":"Self Forming Clay"},{"floor":20,"key":"Oddly Smooth Stone"},{"floor":23,"key":"Pen Nib"},{"floor":26,"key":"Bag of Preparation"},{"floor":28,"key":"Bronze Scales"},{"floor":31,"key":"Strawberry"}],"event_choices":[{"damage_healed":0,"gold_gain":0,"player_choice":"Lose Max HP","damage_taken":0,"relics_obtained":["Golden Idol"],"max_hp_gain":0,"max_hp_loss":6,"event_name":"Golden Idol","floor":2,"gold_loss":0},{"damage_healed":0,"gold_gain":0,"player_choice":"Leave","damage_taken":0,"max_hp_gain":0,"max_hp_loss":0,"event_name":"The Cleric","floor":4,"gold_loss":0},{"damage_healed":0,"gold_gain":0,"player_choice":"Donut","damage_taken":0,"max_hp_gain":5,"max_hp_loss":0,"event_name":"Big Fish","floor":12,"gold_loss":0},{"damage_healed":0,"gold_gain":0,"player_choice":"Ignored","damage_taken":0,"max_hp_gain":0,"max_hp_loss":0,"event_name":"Liars Game","floor":13,"gold_loss":0},{"damage_healed":0,"gold_gain":0,"player_choice":"Relic","damage_taken":0,"max_hp_gain":0,"max_hp_loss":0,"event_name":"Wheel of Change","floor":20,"gold_loss":0}],"is_beta":false,"boss_relics":[{"not_picked":["White Beast Statue","Snecko Eye"],"picked":"Busted Crown"}],"items_purged_floors":[],"is_endless":false,"potions_floor_spawned":[7,10,11,16,18,28,31],"killed_by":"Champ","ascension_level":0}