{"gold_per_floor":[110,128,142,217,234,254,266,266,291,291,302,302,302,1,1,78,78,88,106,126,526,540,540,540,540,564,582,602,616,616],"floor_reached":30,"playtime":3734,"items_purged":[],"score":399,"play_id":"208b67d1-3e92-4ddb-b329-d3feaf29936c","local_time":"20190424011857","is_ascension_mode":true,"campfire_choices":[{"data":"Self Repair","floor":8.0,"key":"SMITH"},{"data":"Cold Snap","floor":10.0,"key":"SMITH"},{"data":"Coolheaded","floor":13.0,"key":"SMITH"},{"floor":15.0,"key":"REST"},{"data":"Creative AI","floor":23,"key":"SMITH"},{"data":"Zap","floor":25,"key":"SMITH"}],"neow_cost":"NONE","seed_source_timestamp":23493317684062,"circlet_count":0,"master_deck":["AscendersBane","Strike_B","Strike_B","Strike_B","Strike_B","Defend_B","Defend_B","Defend_B","Defend_B","Zap+1","Dualcast","Cold Snap+1","Self Repair+1","Coolheaded+1","Creative AI+1","Core Surge","FTL","BootSequence","Coolheaded","Melter+1"],"special_seed":0,"relics":["Cracked Core","Bag of Marbles","DataDisk","Busted Crown","Old Coin","Question Card","Anchor"],"potions_floor_usage":[19,21,22,22,27],"damage_taken":[{"damage":0.0,"enemies":"Cultist","floor":1.0,"turns":4.0},{"damage":2.0,"enemies":"2 Louse","floor":2.0,"turns":2.0},{"damage":0.0,"enemies":"Small Slimes","floor":3.0,"turns":2.0},{"damage":5.0,"enemies":"Exordium Wildlife","floor":5.0,"turns":2.0},{"damage":7.0,"enemies":"Looter","floor":6.0,"turns":3.0},{"damage":14.0,"enemies":"Blue Slaver","floor":7.0,"turns":6.0},{"damage":0.0,"enemies":"Exordium Wildlife","floor":11.0,"turns":4.0},{"damage":19.0,"enemies":"The Guardian","floor":16.0,"turns":14.0},{"damage":4.0,"enemies":"Chosen","floor":18.0,"turns":6.0},{"damage":7,"enemies":"Spheric Guardian","floor":19,"turns":4},{"damage":7,"enemies":"Snecko","floor":20,"turns":5},{"damage":22,"enemies":"Colosseum Slavers","floor":21,"turns":3},{"damage":14,"enemies":"Colosseum Nobs","floor":21,"turns":6},{"damage":15,"enemies":"Cultist and Chosen","floor":22,"turns":7},{"damage":12,"enemies":"Snake Plant","floor":27,"turns":6},{"damage":8,"enemies":"Snecko","floor":28,"turns":6},{"damage":6,"enemies":"Centurion and Healer","floor":29,"turns":7},{"damage":61,"enemies":"Book of Stabbing","floor":30,"turns":5}],"seed_played":"-1528653322843910242","potions_obtained":[{"floor":2.0,"key":"Ancient Potion"},{"floor":3.0,"key":"FearPotion"},{"floor":11.0,"key":"Explosive Potion"},{"floor":19,"key":"PowerPotion"},{"floor":21,"key":"Weak Potion"},{"floor":22,"key":"GamblersBrew"}],"is_trial":false,"path_per_floor":["M","M","M","?","M","M","M","R","T","R","M","?","R","$","R","B",null,"M","M","M","?","M","R","?","R","T","M","M","M","E"],"character_chosen":"DEFECT","items_purchased":["DataDisk","Creative AI"],"campfire_rested":1,"item_purchase_floors":[14,14],"current_hp_per_floor":[71,69,69,58,53,46,32,32,32,32,42,38,38,38,61,52,72,78,78,78,62,57,57,57,57,57,55,57,61,0],"gold":616,"neow_bonus":"TEN_PERCENT_HP_BONUS","is_prod":false,"is_daily":false,"chose_seed":false,"campfire_upgraded":5,"win_rate":0,"timestamp":1556083137,"path_taken":["M","M","?","?","M","M","M","R","T","R","M","?","R","$","R","BOSS","M","M","?","?","M","R","?","R","T","M","M","M","E"],"build_version":"2019-01-23","purchased_purges":0,"victory":false,"max_hp_per_floor":[78,78,78,78,78,78,78,78,78,78,78,78,78,78,78,78,78,78,78,78,78,78,78,78,78,78,78,78,78,78],"card_choices":[{"not_picked":["Gash","Compile Driver","Streamline"],"picked":"SKIP","floor":1.0},{"not_picked":["Tempest","Go for the Eyes"],"picked":"Cold Snap","floor":2.0},{"not_picked":["Beam Cell","Steam","Stack"],"picked":"SKIP","floor":3.0},{"not_picked":["Beam Cell","Turbo","All For One"],"picked":"SKIP","floor":5.0},{"not_picked":["Beam Cell","Turbo","All For One"],"picked":"SKIP","floor":5.0},{"not_picked":["Barrage","Leap","Go for the Eyes"],"picked":"SKIP","floor":6.0},{"not_picked":["Cold Snap","Auto Shields"],"picked":"Self Repair","floor":7.0},{"not_picked":["Compile Driver","Leap"],"picked":"Coolheaded","floor":11.0},{"not_picked":["Amplify","Hyperbeam"],"picked":"Core Surge","floor":16.0},{"not_picked":["Gash"],"picked":"SKIP","floor":18.0},{"not_picked":["Turbo"],"picked":"SKIP","floor":19},{"not_picked":[],"picked":"FTL","floor":20},{"not_picked":["Gash"],"picked":"BootSequence","floor":22},{"not_picked":["Double Energy"],"picked":"Coolheaded","floor":27},{"not_picked":["Hologram"],"picked":"Melter+1","floor":28},{"not_picked":["Undo+1","Hyperbeam"],"picked":"SKIP","floor":29}],"player_experience":894937,"relics_obtained":[{"floor":9.0,"key":"Bag of Marbles"},{"floor":21,"key":"Old Coin"},{"floor":21,"key":"Question Card"},{"floor":26,"key":"Anchor"}],"event_choices":[{"damage_healed":0.0,"max_hp_gain":0.0,"max_hp_loss":0.0,"gold_gain":75.0,"event_name":"World of Goop","player_choice":"Gather Gold","floor":4.0,"gold_loss":0.0,"damage_taken":11.0},{"damage_healed":0.0,"max_hp_gain":0.0,"max_hp_loss":0.0,"gold_gain":0.0,"event_name":"The Woman in Blue","player_choice":"Bought 0 Potions","floor":12.0,"gold_loss":0.0,"damage_taken":0.0},{"damage_healed":0,"gold_gain":0,"player_choice":"Fight","damage_taken":0,"max_hp_gain":0,"max_hp_loss":0,"event_name":"Colosseum","floor":21,"gold_loss":0},{"damage_healed":0,"gold_gain":0,"player_choice":"Fought Nobs","damage_taken":0,"max_hp_gain":0,"max_hp_loss":0,"event_name":"Colosseum","floor":21,"gold_loss":0},{"damage_healed":0,"gold_gain":0,"player_choice":"Ignored","damage_taken":0,"max_hp_gain":0,"max_hp_loss":0,"event_name":"Ghosts","floor":24,"gold_loss":0}],"is_beta":false,"boss_relics":[{"not_picked":["Eternal Feather","Philosopher\u0027s Stone"],"picked":"Busted Crown"}],"items_purged_floors":[],"is_endless":false,"potions_floor_spawned":[2,3,11,19,20,21,22],"killed_by":"Book of Stabbing","ascension_level":15}