{"gold_per_floor":[111,36,48,65,65,65,91,91,115,115,190,190,190,218,218,319,319,332,23,36,36,49,49,69,69,119,119,137,151,151,167,167,262,262,273,273],"floor_reached":36,"playtime":1812,"items_purged":["Defend_B","Regret"],"score":464,"play_id":"d5d7ee0b-fd4c-4047-8232-834f39ba1a44","local_time":"20190425114014","is_ascension_mode":true,"campfire_choices":[{"data":"Zap","floor":6,"key":"SMITH"},{"data":"Coolheaded","floor":8,"key":"SMITH"},{"floor":12,"key":"REST"},{"floor":15,"key":"REST"},{"floor":23,"key":"REST"},{"floor":25,"key":"REST"},{"data":"Defragment","floor":27,"key":"SMITH"},{"floor":32,"key":"REST"}],"neow_cost":"NONE","seed_source_timestamp":64201611864700,"circlet_count":0,"master_deck":["Strike_B+1","Strike_B","Strike_B","Defend_B","Defend_B","Zap+1","Dualcast","Purity+1","Conserve Battery","Chill","Coolheaded+1","Doom and Gloom","Machine Learning","Seek","Clumsy","Capacitor","Defragment+1","Skim","Loop+1","Loop","Capacitor","Echo Form","Hologram+1"],"relics":["Cracked Core","Boot","Anchor","Happy Flower","Calling Bell","Smiling Mask","Dodecahedron","Torii","Sundial","Bag of Marbles","Spirit Poop","White Beast Statue"],"potions_floor_usage":[7,24,24,33,33],"damage_taken":[{"damage":1,"enemies":"Cultist","floor":1,"turns":3},{"damage":1,"enemies":"2 Louse","floor":3,"turns":2},{"damage":6,"enemies":"Small Slimes","floor":4,"turns":3},{"damage":10,"enemies":"3 Sentries","floor":7,"turns":8},{"damage":20,"enemies":"Gremlin Nob","floor":14,"turns":4},{"damage":22,"enemies":"Slime Boss","floor":16,"turns":7},{"damage":5,"enemies":"3 Byrds","floor":18,"turns":5},{"damage":23,"enemies":"Spheric Guardian","floor":20,"turns":4},{"damage":9,"enemies":"Centurion and Healer","floor":22,"turns":8},{"damage":23,"enemies":"Snake Plant","floor":24,"turns":4},{"damage":17,"enemies":"Sentry and Sphere","floor":28,"turns":5},{"damage":14,"enemies":"Snecko","floor":29,"turns":6},{"damage":2,"enemies":"Centurion and Healer","floor":31,"turns":5},{"damage":17,"enemies":"Champ","floor":33,"turns":9},{"damage":35,"enemies":"3 Darklings","floor":35,"turns":7},{"damage":28,"enemies":"Orb Walker","floor":36,"turns":4}],"seed_played":"-2946979644714667692","potions_obtained":[{"floor":3,"key":"Strength Potion"},{"floor":16,"key":"Fire Potion"},{"floor":18,"key":"Dexterity Potion"},{"floor":20,"key":"Energy Potion"},{"floor":24,"key":"Block Potion"},{"floor":35,"key":"FocusPotion"}],"is_trial":false,"path_per_floor":["M","$","M","M","?","R","E","R","T","?","?","R","?","E","R","B",null,"M","$","M","$","M","R","M","R","T","R","M","M","?","M","R","B",null,"M","M"],"character_chosen":"DEFECT","items_purchased":["Sundial"],"campfire_rested":5,"item_purchase_floors":[19],"current_hp_per_floor":[74,74,73,67,60,60,50,50,50,35,24,46,46,26,48,26,63,58,58,35,35,26,48,25,47,47,47,30,16,16,14,36,19,61,26,0],"gold":273,"neow_bonus":"RANDOM_COLORLESS","is_prod":false,"is_daily":false,"chose_seed":false,"campfire_upgraded":3,"win_rate":0,"timestamp":1556206814,"path_taken":["M","$","M","M","?","R","E","R","T","?","?","R","?","E","R","BOSS","M","?","?","$","M","R","M","R","T","R","M","M","?","M","R","BOSS","M","M"],"build_version":"2019-01-23","purchased_purges":2,"victory":false,"max_hp_per_floor":[75,75,75,75,75,75,75,75,75,75,75,75,75,75,75,75,75,75,75,75,75,75,75,75,75,75,75,75,75,75,75,75,75,75,75,75],"card_choices":[{"not_picked":["Hologram","Skim"],"picked":"Conserve Battery","floor":1},{"not_picked":["Scrape","Turbo","Barrage"],"picked":"SKIP","floor":3},{"not_picked":["Steam Power","Cold Snap"],"picked":"Chill","floor":4},{"not_picked":["Tempest","Hologram"],"picked":"Coolheaded","floor":7},{"not_picked":["Sunder","Reinforced Body"],"picked":"Machine Learning","floor":14},{"not_picked":["Meteor Strike","Multi-Cast"],"picked":"Seek","floor":16},{"not_picked":["Reinforced Body","Blizzard"],"picked":"Capacitor","floor":18},{"not_picked":["FTL","Streamline"],"picked":"Defragment","floor":20},{"not_picked":["Redo","Doom and Gloom"],"picked":"Skim","floor":22},{"not_picked":["Skim","Stack"],"picked":"Loop+1","floor":24},{"not_picked":["Rebound","Leap"],"picked":"Loop","floor":28},{"not_picked":["Steam","Leap","Reinforced Body"],"picked":"SKIP","floor":29},{"not_picked":["Steam+1","Compile Driver"],"picked":"Capacitor","floor":31},{"not_picked":["Rainbow","Hyperbeam"],"picked":"Echo Form","floor":33},{"not_picked":["Leap","Compile Driver"],"picked":"Hologram+1","floor":35}],"player_experience":162775,"relics_obtained":[{"floor":7,"key":"Boot"},{"floor":9,"key":"Anchor"},{"floor":14,"key":"Happy Flower"},{"floor":17,"key":"Smiling Mask"},{"floor":17,"key":"Dodecahedron"},{"floor":17,"key":"Torii"},{"floor":26,"key":"Bag of Marbles"}],"event_choices":[{"cards_removed":["Defend_B"],"damage_healed":0,"gold_gain":0,"player_choice":"Card Removal","damage_taken":7,"max_hp_gain":0,"max_hp_loss":0,"event_name":"Golden Wing","floor":5,"gold_loss":0},{"damage_healed":0,"gold_gain":0,"player_choice":"Entered Light","damage_taken":15,"max_hp_gain":0,"max_hp_loss":0,"event_name":"Shining Light","floor":10,"gold_loss":0,"cards_upgraded":["Purity","Strike_B"]},{"damage_healed":0,"gold_gain":75,"player_choice":"Gather Gold","damage_taken":11,"max_hp_gain":0,"max_hp_loss":0,"event_name":"World of Goop","floor":11,"gold_loss":0},{"damage_healed":0,"gold_gain":0,"cards_transformed":["Strike_B"],"player_choice":"Transformed","damage_taken":0,"max_hp_gain":0,"max_hp_loss":0,"event_name":"Transmorgrifier","floor":13,"gold_loss":0,"cards_obtained":["Doom and Gloom"]},{"cards_removed":["Injury"],"damage_healed":0,"gold_gain":0,"player_choice":"Offered Curse","damage_taken":0,"relics_obtained":["Spirit Poop"],"max_hp_gain":0,"max_hp_loss":0,"event_name":"Bonfire Elementals","floor":30,"gold_loss":0}],"is_beta":false,"boss_relics":[{"not_picked":["FrozenCore","Philosopher\u0027s Stone"],"picked":"Calling Bell"},{"not_picked":["Runic Pyramid","Runic Dome"],"picked":"White Beast Statue"}],"items_purged_floors":[2,19],"is_endless":false,"potions_floor_spawned":[3,16,18,20,24,35],"killed_by":"Orb Walker","ascension_level":5}