{"gold_per_floor":[10,28,42,42,58,58,72,103,103,115,115,125,151,151,151,251,251,261,272,272,272,34,34,34,47,123,48,58,58,73,88,88,88],"floor_reached":33,"playtime":2420,"items_purged":["Strike_R"],"score":261,"play_id":"84a29d5d-de54-40b7-a868-834aecebd92e","local_time":"20190412112828","is_ascension_mode":false,"campfire_choices":[{"data":"Armaments","floor":6,"key":"SMITH"},{"data":"True Grit","floor":11,"key":"SMITH"},{"floor":15,"key":"REST"},{"floor":23,"key":"REST"},{"floor":32,"key":"REST"}],"neow_cost":"NO_GOLD","seed_source_timestamp":97967375576940,"circlet_count":0,"master_deck":["Strike_R","Strike_R","Strike_R","Strike_R","Defend_R","Defend_R","Defend_R","Defend_R+1","Bash","Juggernaut","Searing Blow+1","Pommel Strike","Armaments+1","Dropkick","Shrug It Off","True Grit+1","Impervious","Rage","Shrug It Off","RitualDagger","Armaments","Ghostly Armor"],"relics":["Black Blood","Shovel","Regal Pillow","Red Skull","Nilry\u0027s Codex","Mercury Hourglass","Letter Opener","CultistMask"],"potions_floor_usage":[8,16,16,16,18,28,30,31,33,33],"damage_taken":[{"damage":1,"enemies":"Cultist","floor":1,"turns":4},{"damage":6,"enemies":"Small Slimes","floor":2,"turns":3},{"damage":1,"enemies":"2 Louse","floor":3,"turns":3},{"damage":16,"enemies":"Large Slime","floor":5,"turns":7},{"damage":10,"enemies":"Looter","floor":7,"turns":3},{"damage":14,"enemies":"Gremlin Nob","floor":8,"turns":3},{"damage":0,"enemies":"Exordium Wildlife","floor":10,"turns":3},{"damage":4,"enemies":"Exordium Thugs","floor":12,"turns":6},{"damage":18,"enemies":"Lagavulin","floor":13,"turns":7},{"damage":35,"enemies":"Slime Boss","floor":16,"turns":8},{"damage":43,"enemies":"Spheric Guardian","floor":18,"turns":8},{"damage":29,"enemies":"2 Thieves","floor":19,"turns":5},{"damage":9,"enemies":"Centurion and Healer","floor":25,"turns":13},{"damage":25,"enemies":"Snecko","floor":28,"turns":7},{"damage":0,"enemies":"Snake Plant","floor":30,"turns":4},{"damage":3,"enemies":"Centurion and Healer","floor":31,"turns":6},{"damage":81,"enemies":"Automaton","floor":33,"turns":12}],"seed_played":"-1849966233594051145","potions_obtained":[{"floor":1,"key":"GamblersBrew"},{"floor":2,"key":"Fire Potion"},{"floor":12,"key":"Explosive Potion"},{"floor":13,"key":"Explosive Potion"},{"floor":16,"key":"BloodPotion"},{"floor":18,"key":"Poison Potion"},{"floor":19,"key":"GamblersBrew"},{"floor":28,"key":"Weak Potion"},{"floor":31,"key":"EntropicBrew"}],"is_trial":false,"path_per_floor":["M","M","M","?","M","R","M","E","T","M","R","M","E","?","R","B",null,"M","M","?","?","$","R","$","M","T","$","M","?","M","M","R","B"],"character_chosen":"IRONCLAD","items_purchased":["Mercury Hourglass"],"campfire_rested":3,"item_purchase_floors":[22],"current_hp_per_floor":[80,80,80,80,70,70,66,58,58,64,64,66,54,38,77,48,80,55,36,20,14,14,53,53,54,54,54,39,39,49,56,80,0],"gold":88,"neow_bonus":"THREE_RARE_CARDS","is_prod":false,"is_daily":false,"chose_seed":false,"campfire_upgraded":2,"win_rate":0,"timestamp":1555082908,"path_taken":["M","?","?","?","M","R","M","E","T","M","R","M","E","?","R","BOSS","M","M","?","?","$","R","?","?","T","$","M","?","?","?","R","BOSS"],"build_version":"2019-01-23","purchased_purges":1,"victory":false,"max_hp_per_floor":[80,80,80,80,80,80,80,80,80,80,80,80,80,80,80,80,80,80,80,80,80,80,80,80,80,80,80,80,80,80,80,80,80],"card_choices":[{"not_picked":["Brutality","Fiend Fire"],"picked":"Juggernaut","floor":0},{"not_picked":["Combust","Sever Soul"],"picked":"Searing Blow","floor":1},{"not_picked":["Thunderclap","Evolve","Perfected Strike"],"picked":"SKIP","floor":2},{"not_picked":["Fire Breathing","Carnage"],"picked":"Pommel Strike","floor":3},{"not_picked":["Headbutt","True Grit"],"picked":"Armaments","floor":5},{"not_picked":["Perfected Strike","Iron Wave"],"picked":"Dropkick","floor":7},{"not_picked":["Seeing Red","Berserk"],"picked":"Shrug It Off","floor":8},{"not_picked":["Pommel Strike","Infernal Blade"],"picked":"True Grit","floor":10},{"not_picked":["Shockwave","Hemokinesis","Warcry"],"picked":"SKIP","floor":12},{"not_picked":["Pummel","Demon Form","Bloodletting"],"picked":"SKIP","floor":13},{"not_picked":["Exhume","Offering"],"picked":"Impervious","floor":16},{"not_picked":["Anger+1","Combust"],"picked":"Rage","floor":18},{"not_picked":["Clothesline","Pummel+1"],"picked":"Shrug It Off","floor":19},{"not_picked":["Headbutt","Spot Weakness"],"picked":"Armaments","floor":25},{"not_picked":["Thunderclap","Perfected Strike+1"],"picked":"Ghostly Armor","floor":28},{"not_picked":["Warcry","Dark Embrace","Second Wind"],"picked":"SKIP","floor":30},{"not_picked":["Headbutt","Pummel","Wild Strike+1"],"picked":"SKIP","floor":31}],"player_experience":124948,"relics_obtained":[{"floor":8,"key":"Shovel"},{"floor":9,"key":"Regal Pillow"},{"floor":13,"key":"Red Skull"},{"floor":20,"key":"Nilry\u0027s Codex"},{"floor":26,"key":"Letter Opener"}],"event_choices":[{"damage_healed":0,"gold_gain":0,"player_choice":"Leave","damage_taken":0,"max_hp_gain":0,"max_hp_loss":0,"event_name":"The Cleric","floor":4,"gold_loss":0},{"damage_healed":0,"gold_gain":0,"player_choice":"Entered Light","damage_taken":16,"max_hp_gain":0,"max_hp_loss":0,"event_name":"Shining Light","floor":14,"gold_loss":0,"cards_upgraded":["Defend_R","Searing Blow"]},{"damage_healed":0,"gold_gain":0,"player_choice":"Obtained Book","damage_taken":16,"max_hp_gain":0,"max_hp_loss":0,"event_name":"Cursed Tome","floor":20,"gold_loss":0},{"damage_healed":0,"gold_gain":0,"player_choice":"Joined the Cult","damage_taken":6,"max_hp_gain":0,"max_hp_loss":0,"event_name":"Nest","floor":21,"gold_loss":0,"cards_obtained":["RitualDagger"]},{"damage_healed":0,"gold_gain":0,"player_choice":"Trade","damage_taken":0,"relics_obtained":["CultistMask"],"max_hp_gain":0,"max_hp_loss":0,"event_name":"FaceTrader","floor":29,"gold_loss":0}],"is_beta":false,"boss_relics":[{"not_picked":["Snecko Eye","Fusion Hammer"],"picked":"Black Blood"}],"items_purged_floors":[27],"is_endless":false,"potions_floor_spawned":[1,2,12,13,16,18,19,28,31],"killed_by":"Automaton","ascension_level":0}