{"gold_per_floor":[117,117,142,160,170,170,204,204,250,264,264,0,0,20,20,118,118,129,129,149,249,263,263,273,291,291,291,308,340,106,126,126,226,226,244,244,258,273,289,289,80,80,152,33,33,48,65,65,65,65],"floor_reached":51,"playtime":2281,"items_purged":[],"score":696,"play_id":"caa5b932-5518-4d28-84f0-ee1759b3a8f4","local_time":"20190418175912","is_ascension_mode":false,"campfire_choices":[{"data":"Anger","floor":6,"key":"SMITH"},{"data":"Flex","floor":13,"key":"SMITH"},{"data":"Armaments","floor":15,"key":"SMITH"},{"floor":23,"key":"REST"},{"floor":32,"key":"REST"},{"floor":40,"key":"REST"},{"floor":42,"key":"REST"},{"floor":45,"key":"REST"},{"floor":49,"key":"REST"}],"neow_cost":"NONE","seed_source_timestamp":254756904283000,"circlet_count":0,"master_deck":["Strike_R","Strike_R","Strike_R","Strike_R","Defend_R+1","Defend_R","Defend_R","Defend_R+1","Bash","Anger+1","Whirlwind","Clash","Power Through","Second Wind","Flex+1","Armaments+1","Reaper","Shrug It Off+1","Perfected Strike","Whirlwind+1","Searing Blow","Perfected Strike","Limit Break","Pummel","Entrench+1","Heavy Blade","Anger","Pain"],"relics":["Burning Blood","Ancient Tea Set","Boot","Shuriken","Oddly Smooth Stone","War Paint","Sundial","Fusion Hammer","Kunai","Du-Vu Doll","Meat on the Bone","Singing Bowl","The Courier","Ice Cream","Runic Cube","Ornamental Fan","Dodecahedron","Bronze Scales","WarpedTongs"],"potions_floor_usage":[16,20,21,21,29,31,33,38],"damage_taken":[{"damage":7,"enemies":"2 Louse","floor":1,"turns":3},{"damage":3,"enemies":"Jaw Worm","floor":4,"turns":3},{"damage":1,"enemies":"Cultist","floor":5,"turns":3},{"damage":15,"enemies":"Gremlin Nob","floor":7,"turns":4},{"damage":1,"enemies":"Blue Slaver","floor":10,"turns":2},{"damage":7,"enemies":"Exordium Wildlife","floor":14,"turns":2},{"damage":11,"enemies":"Slime Boss","floor":16,"turns":8},{"damage":4,"enemies":"Shell Parasite","floor":18,"turns":3},{"damage":11,"enemies":"Spheric Guardian","floor":20,"turns":3},{"damage":14,"enemies":"Colosseum Slavers","floor":21,"turns":4},{"damage":44,"enemies":"Colosseum Nobs","floor":21,"turns":6},{"damage":19,"enemies":"Centurion and Healer","floor":22,"turns":5},{"damage":9,"enemies":"Shelled Parasite and Fungi","floor":24,"turns":5},{"damage":2,"enemies":"3 Cultists","floor":25,"turns":4},{"damage":24,"enemies":"Snake Plant","floor":28,"turns":4},{"damage":47,"enemies":"Book of Stabbing","floor":29,"turns":5},{"damage":11,"enemies":"Shelled Parasite and Fungi","floor":31,"turns":3},{"damage":69,"enemies":"Collector","floor":33,"turns":7},{"damage":9,"enemies":"3 Darklings","floor":35,"turns":2},{"damage":25,"enemies":"Orb Walker","floor":37,"turns":5},{"damage":39,"enemies":"Spire Growth","floor":38,"turns":4},{"damage":68,"enemies":"Maw","floor":39,"turns":10},{"damage":5,"enemies":"3 Darklings","floor":46,"turns":4},{"damage":24,"enemies":"Jaw Worm Horde","floor":47,"turns":4},{"damage":77,"enemies":"Time Eater","floor":50,"turns":8}],"seed_played":"1571844482531247676","potions_obtained":[{"floor":1,"key":"Explosive Potion"},{"floor":5,"key":"Ancient Potion"},{"floor":7,"key":"LiquidBronze"},{"floor":14,"key":"EntropicBrew"},{"floor":16,"key":"EssenceOfSteel"},{"floor":31,"key":"FairyPotion"},{"floor":35,"key":"Strength Potion"}],"is_trial":false,"path_per_floor":["M","?","T","M","M","R","E","?","T","M","T","$","R","M","R","B",null,"M","T","M","?","M","R","M","M","T","?","M","E","$","M","R","B",null,"M","?","M","M","M","R","$","R","T","$","R","M","M","?","R","B",null],"character_chosen":"IRONCLAD","items_purchased":["Sundial","Flex","Ice Cream","Ornamental Fan","Bronze Scales"],"campfire_rested":6,"item_purchase_floors":[12,12,30,41,44],"current_hp_per_floor":[79,79,79,80,80,80,71,76,76,81,81,81,81,80,80,75,85,85,85,85,50,59,84,81,85,85,85,68,51,51,60,86,35,89,88,88,77,56,29,57,57,85,85,85,95,95,77,77,95,44],"gold":65,"neow_bonus":"RANDOM_COMMON_RELIC","is_prod":false,"is_daily":false,"chose_seed":false,"campfire_upgraded":3,"win_rate":0,"timestamp":1555624752,"path_taken":["M","?","?","?","M","R","E","?","T","M","?","$","R","M","R","BOSS","M","?","?","?","M","R","M","M","T","?","?","E","$","M","R","BOSS","M","?","?","M","M","R","$","R","T","$","R","M","M","?","R","BOSS"],"build_version":"2019-01-23","purchased_purges":0,"victory":true,"max_hp_per_floor":[80,80,80,80,80,80,80,85,85,85,85,85,85,85,85,85,85,85,85,85,85,85,85,85,85,85,85,85,87,87,89,89,89,89,91,91,93,93,95,95,95,95,95,95,95,95,95,95,95,95],"card_choices":[{"not_picked":["Dual Wield","Metallicize"],"picked":"Anger","floor":1},{"not_picked":["Shrug It Off","Corruption"],"picked":"Whirlwind","floor":4},{"not_picked":["Feel No Pain","Twin Strike"],"picked":"Clash","floor":5},{"not_picked":["Iron Wave","Disarm"],"picked":"Power Through","floor":7},{"not_picked":["Whirlwind","Warcry"],"picked":"Second Wind","floor":10},{"not_picked":["Metallicize","Sword Boomerang"],"picked":"Armaments","floor":14},{"not_picked":["Exhume","Brutality"],"picked":"Reaper","floor":16},{"not_picked":["Second Wind","Bloodletting"],"picked":"Shrug It Off+1","floor":18},{"not_picked":["Rupture","Heavy Blade+1"],"picked":"Perfected Strike","floor":20},{"not_picked":["Warcry+1","Battle Trance"],"picked":"Whirlwind+1","floor":21},{"not_picked":["Perfected Strike","Body Slam"],"picked":"Searing Blow","floor":22},{"not_picked":["Clothesline","Body Slam","Headbutt"],"picked":"SKIP","floor":24},{"not_picked":["Bludgeon","Second Wind","Inflame"],"picked":"SKIP","floor":25},{"not_picked":["Iron Wave","Shockwave"],"picked":"Perfected Strike","floor":28},{"not_picked":["Pommel Strike","Fire Breathing","Sword Boomerang"],"picked":"Singing Bowl","floor":29},{"not_picked":["Heavy Blade","Headbutt","Cleave"],"picked":"Singing Bowl","floor":31},{"not_picked":["Immolate","Reaper"],"picked":"Limit Break","floor":33},{"not_picked":["Infernal Blade","Shockwave+1","Clothesline+1"],"picked":"Singing Bowl","floor":35},{"not_picked":["Twin Strike","Flex","Perfected Strike+1"],"picked":"Singing Bowl","floor":37},{"not_picked":["Rampage+1","Iron Wave+1"],"picked":"Entrench+1","floor":38},{"not_picked":["Disarm+1","Flex","Clothesline"],"picked":"Singing Bowl","floor":39},{"not_picked":["Shrug It Off","Perfected Strike"],"picked":"Heavy Blade","floor":46},{"not_picked":["Intimidate","True Grit"],"picked":"Anger","floor":47}],"player_experience":181419,"relics_obtained":[{"floor":3,"key":"Boot"},{"floor":7,"key":"Shuriken"},{"floor":9,"key":"Oddly Smooth Stone"},{"floor":11,"key":"War Paint"},{"floor":19,"key":"Kunai"},{"floor":21,"key":"Du-Vu Doll"},{"floor":21,"key":"Meat on the Bone"},{"floor":26,"key":"Singing Bowl"},{"floor":29,"key":"The Courier"},{"floor":43,"key":"Dodecahedron"}],"event_choices":[{"damage_healed":0,"gold_gain":0,"player_choice":"Ignored","damage_taken":0,"max_hp_gain":0,"max_hp_loss":0,"event_name":"Liars Game","floor":2,"gold_loss":0},{"damage_healed":0,"gold_gain":0,"player_choice":"Donut","damage_taken":0,"max_hp_gain":5,"max_hp_loss":0,"event_name":"Big Fish","floor":8,"gold_loss":0},{"damage_healed":0,"gold_gain":0,"player_choice":"Fight","damage_taken":0,"max_hp_gain":0,"max_hp_loss":0,"event_name":"Colosseum","floor":21,"gold_loss":0},{"damage_healed":0,"gold_gain":0,"player_choice":"Fought Nobs","damage_taken":0,"max_hp_gain":0,"max_hp_loss":0,"event_name":"Colosseum","floor":21,"gold_loss":0},{"damage_healed":0,"gold_gain":0,"player_choice":"Bought 0 Potions","damage_taken":0,"max_hp_gain":0,"max_hp_loss":0,"event_name":"The Woman in Blue","floor":27,"gold_loss":0},{"damage_healed":0,"gold_gain":0,"cards_transformed":["Strike_R"],"player_choice":"Transformed","damage_taken":0,"max_hp_gain":0,"max_hp_loss":0,"event_name":"Transmorgrifier","floor":36,"gold_loss":0,"cards_obtained":["Pummel"]},{"damage_healed":0,"gold_gain":0,"player_choice":"Rummage","damage_taken":0,"relics_obtained":["WarpedTongs"],"max_hp_gain":0,"max_hp_loss":0,"event_name":"Accursed Blacksmith","floor":48,"gold_loss":0,"cards_obtained":["Pain"]}],"is_beta":false,"boss_relics":[{"not_picked":["Calling Bell","Coffee Dripper"],"picked":"Fusion Hammer"},{"not_picked":["White Beast Statue","Tiny House"],"picked":"Runic Cube"}],"items_purged_floors":[],"is_endless":false,"potions_floor_spawned":[1,5,7,14,16,21,22,25,31,35],"ascension_level":0}