{"gold_per_floor":[112,129,54,54,74,107,107,134,159,159,159,177,177,195,195,295,345,361,378,88,88,105,105,124,124,124,124,134,134,158,158,158,258,258,269,280,290,11,30,30,64,64,64,64,79,93,105,116,116,116],"floor_reached":50,"playtime":2597,"items_purged":["Strike_R","Strike_R","Strike_R+1"],"score":586,"play_id":"70f4f645-426d-4511-b6be-6ae49ac37c79","local_time":"20190420131840","is_ascension_mode":false,"campfire_choices":[{"floor":7,"key":"REST"},{"floor":11,"key":"REST"},{"data":"Blood for Blood","floor":13,"key":"SMITH"},{"data":"Rampage","floor":15,"key":"SMITH"},{"data":"True Grit","floor":23,"key":"SMITH"},{"data":"Hemokinesis","floor":25,"key":"SMITH"},{"data":"Uppercut","floor":27,"key":"SMITH"},{"floor":32,"key":"REST"},{"floor":40,"key":"REST"},{"floor":44,"key":"REST"},{"floor":49,"key":"REST"}],"neow_cost":"PERCENT_DAMAGE","seed_source_timestamp":410410914051000,"circlet_count":0,"master_deck":["Strike_R+1","Defend_R","Defend_R","Defend_R","Defend_R","Bash+1","Rage","Hemokinesis+1","Blood for Blood+1","Rampage+1","Uppercut+1","Anger","Headbutt","Impervious","True Grit+1","Flame Barrier","Pommel Strike","Rampage","Feed","Ghostly Armor+1","Rage","Rupture+1","Blood for Blood"],"relics":["Burning Blood","Potion Belt","Vajra","Lantern","Tiny House","Centennial Puzzle","PreservedInsect","Bag of Marbles","Oddly Smooth Stone","Eternal Feather","Bag of Preparation","Ancient Tea Set","Paper Frog"],"potions_floor_usage":[6,8,18,33,33,33,41,41,47,48],"damage_taken":[{"damage":5,"enemies":"Cultist","floor":1,"turns":4},{"damage":2,"enemies":"2 Louse","floor":2,"turns":4},{"damage":3,"enemies":"Small Slimes","floor":5,"turns":3},{"damage":24,"enemies":"Lagavulin","floor":6,"turns":4},{"damage":23,"enemies":"Gremlin Nob","floor":8,"turns":4},{"damage":11,"enemies":"Gremlin Gang","floor":12,"turns":5},{"damage":7,"enemies":"3 Louse","floor":14,"turns":4},{"damage":3,"enemies":"Slime Boss","floor":16,"turns":5},{"damage":10,"enemies":"Spheric Guardian","floor":18,"turns":3},{"damage":3,"enemies":"Chosen","floor":19,"turns":4},{"damage":26,"enemies":"Centurion and Healer","floor":22,"turns":6},{"damage":6,"enemies":"Cultist and Chosen","floor":24,"turns":4},{"damage":12,"enemies":"Sentry and Sphere","floor":28,"turns":4},{"damage":64,"enemies":"Automaton","floor":33,"turns":8},{"damage":42,"enemies":"3 Darklings","floor":35,"turns":8},{"damage":2,"enemies":"3 Shapes","floor":36,"turns":4},{"damage":19,"enemies":"Sphere and 2 Shapes","floor":37,"turns":5},{"damage":58,"enemies":"Spire Growth","floor":39,"turns":6},{"damage":52,"enemies":"Nemesis","floor":41,"turns":9},{"damage":24,"enemies":"Maw","floor":45,"turns":7},{"damage":19,"enemies":"Sphere and 2 Shapes","floor":46,"turns":5},{"damage":18,"enemies":"Spire Growth","floor":47,"turns":4},{"damage":25,"enemies":"Transient","floor":48,"turns":5},{"damage":72,"enemies":"Donu and Deca","floor":50,"turns":6}],"seed_played":"2766545278254284844","potions_obtained":[{"floor":1,"key":"EssenceOfSteel"},{"floor":2,"key":"Fire Potion"},{"floor":14,"key":"SpeedPotion"},{"floor":16,"key":"Fruit Juice"},{"floor":17,"key":"FairyPotion"},{"floor":18,"key":"LiquidBronze"},{"floor":19,"key":"Strength Potion"},{"floor":36,"key":"Weak Potion"},{"floor":37,"key":"Dexterity Potion"},{"floor":45,"key":"Explosive Potion"},{"floor":46,"key":"Regen Potion"}],"is_trial":false,"path_per_floor":["M","M","$","?","M","E","R","E","T","?","R","M","R","M","R","B",null,"M","M","$","?","M","R","M","R","T","R","M","?","T","?","R","B",null,"M","M","M","$","M","R","E","?","T","R","M","M","M","M","R","B"],"character_chosen":"IRONCLAD","items_purchased":["Flame Barrier","Centennial Puzzle","Bag of Preparation"],"campfire_rested":6,"item_purchase_floors":[20,20,38],"current_hp_per_floor":[73,77,77,58,61,43,71,54,54,54,82,77,77,76,76,79,101,102,105,105,105,85,85,85,85,85,85,79,79,79,57,90,32,111,75,82,69,69,17,63,17,17,17,61,46,36,29,10,56,0],"gold":116,"neow_bonus":"TWENTY_PERCENT_HP_BONUS","is_prod":false,"is_daily":false,"chose_seed":false,"campfire_upgraded":5,"win_rate":0,"timestamp":1555780720,"path_taken":["M","?","$","?","M","E","R","E","T","?","R","?","R","M","R","BOSS","M","?","$","?","M","R","M","R","T","R","M","?","?","?","R","BOSS","M","M","M","$","M","R","E","?","T","R","M","M","M","M","R","BOSS"],"build_version":"2019-01-23","purchased_purges":3,"victory":false,"max_hp_per_floor":[96,96,96,96,96,96,96,96,96,96,96,96,96,96,96,96,101,106,106,106,106,106,106,106,106,106,106,106,106,106,111,111,111,111,111,114,114,114,114,114,114,108,108,108,111,114,114,114,114,114],"card_choices":[{"not_picked":["Sword Boomerang","Iron Wave"],"picked":"Rage","floor":1},{"not_picked":["Shrug It Off","Headbutt"],"picked":"Hemokinesis","floor":2},{"not_picked":["Pummel","Warcry"],"picked":"Blood for Blood","floor":5},{"not_picked":["Armaments","Rupture"],"picked":"Rampage","floor":6},{"not_picked":["Perfected Strike","Corruption"],"picked":"Uppercut","floor":8},{"not_picked":["Metallicize","Armaments"],"picked":"Anger","floor":12},{"not_picked":["Shockwave","Clothesline"],"picked":"Headbutt","floor":14},{"not_picked":["Fiend Fire","Brutality"],"picked":"Impervious","floor":16},{"not_picked":["Disarm","Dual Wield"],"picked":"True Grit","floor":17},{"not_picked":["Perfected Strike","Shrug It Off","Reckless Charge+1"],"picked":"SKIP","floor":18},{"not_picked":["Havoc","Sever Soul","Sword Boomerang"],"picked":"SKIP","floor":19},{"not_picked":["Intimidate","Thunderclap"],"picked":"Pommel Strike","floor":22},{"not_picked":["Second Wind","Reckless Charge+1"],"picked":"Rampage","floor":24},{"not_picked":["Twin Strike","Pommel Strike+1","Perfected Strike+1"],"picked":"SKIP","floor":28},{"not_picked":["Limit Break","Immolate"],"picked":"Feed","floor":33},{"not_picked":["Infernal Blade","Headbutt+1"],"picked":"Ghostly Armor+1","floor":35},{"not_picked":["True Grit+1","Clothesline+1"],"picked":"Rage","floor":36},{"not_picked":["Uppercut","Headbutt+1","Havoc+1"],"picked":"SKIP","floor":37},{"not_picked":["Feel No Pain","Flex+1","Sever Soul"],"picked":"SKIP","floor":39},{"not_picked":["Pummel","True Grit+1"],"picked":"Rupture+1","floor":41},{"not_picked":["Anger+1","Shockwave+1","Burning Pact"],"picked":"SKIP","floor":45},{"not_picked":["Headbutt+1","Intimidate","Clothesline"],"picked":"SKIP","floor":46},{"not_picked":["Inflame","True Grit+1","Battle Trance+1"],"picked":"SKIP","floor":47},{"not_picked":["Uppercut","Second Wind"],"picked":"Blood for Blood","floor":48}],"player_experience":193589,"relics_obtained":[{"floor":6,"key":"Potion Belt"},{"floor":8,"key":"Vajra"},{"floor":9,"key":"Lantern"},{"floor":26,"key":"Bag of Marbles"},{"floor":30,"key":"Oddly Smooth Stone"},{"floor":41,"key":"Ancient Tea Set"},{"floor":43,"key":"Paper Frog"}],"event_choices":[{"damage_healed":0,"gold_gain":0,"player_choice":"Entered Light","damage_taken":19,"max_hp_gain":0,"max_hp_loss":0,"event_name":"Shining Light","floor":4,"gold_loss":0,"cards_upgraded":["Strike_R","Strike_R"]},{"cards_removed":["Strike_R"],"damage_healed":0,"gold_gain":0,"player_choice":"Offered Basic","damage_taken":0,"max_hp_gain":0,"max_hp_loss":0,"event_name":"Bonfire Elementals","floor":10,"gold_loss":0},{"damage_healed":0,"gold_gain":0,"player_choice":"Opened","damage_taken":0,"relics_obtained":["PreservedInsect"],"max_hp_gain":0,"max_hp_loss":0,"event_name":"The Mausoleum","floor":21,"gold_loss":0},{"damage_healed":0,"gold_gain":0,"player_choice":"Ignored","damage_taken":0,"max_hp_gain":0,"max_hp_loss":0,"event_name":"Ghosts","floor":29,"gold_loss":0},{"damage_healed":0,"gold_gain":0,"player_choice":"Shed Blood","damage_taken":27,"max_hp_gain":5,"max_hp_loss":0,"event_name":"Forgotten Altar","floor":31,"gold_loss":0},{"damage_healed":0,"gold_gain":0,"player_choice":"Max HP","damage_taken":0,"max_hp_gain":0,"max_hp_loss":6,"event_name":"Winding Halls","floor":42,"gold_loss":0}],"is_beta":false,"boss_relics":[{"not_picked":["Lizard Tail","Orrery"],"picked":"Tiny House"},{"not_picked":["White Beast Statue","Velvet Choker"],"picked":"Eternal Feather"}],"items_purged_floors":[3,20,38],"is_endless":false,"potions_floor_spawned":[1,2,14,16,18,19,36,37,45,46],"killed_by":"Donu and Deca","ascension_level":0}