{"gold_per_floor":[112,124,139,139,139,139,157,157,184,217,233,233,308,328,328,427,427,442,442,458,458,27,58,68,68,113,113,113,113],"floor_reached":29,"playtime":1105,"items_purged":["Strike_R"],"score":245,"play_id":"925a0550-0bee-4b78-a55a-4288ed2cf930","local_time":"20190412133552","is_ascension_mode":false,"campfire_choices":[{"data":"Spot Weakness","floor":6,"key":"SMITH"},{"data":"Anger","floor":8,"key":"SMITH"},{"floor":15,"key":"REST"},{"floor":28,"key":"REST"}],"neow_cost":"NONE","seed_source_timestamp":106925431410445,"circlet_count":0,"master_deck":["Strike_R","Strike_R+1","Strike_R","Defend_R","Defend_R+1","Defend_R","Defend_R","Bash","Carnage","Inflame","Spot Weakness+1","Metallicize","Anger+1","Rampage","Whirlwind","Flex","Impervious","Inflame","RitualDagger","Anger+1","Writhe"],"relics":["Burning Blood","NeowsBlessing","Dream Catcher","Bag of Marbles","Black Star","Lee\u0027s Waffle","Happy Flower","Molten Egg 2","StoneCalendar","Juzu Bracelet","Lantern"],"potions_floor_usage":[23,27,29,29],"damage_taken":[{"damage":0,"enemies":"Jaw Worm","floor":1,"turns":1},{"damage":0,"enemies":"2 Louse","floor":2,"turns":1},{"damage":0,"enemies":"Small Slimes","floor":3,"turns":1},{"damage":2,"enemies":"3 Louse","floor":7,"turns":4},{"damage":13,"enemies":"Gremlin Nob","floor":10,"turns":3},{"damage":16,"enemies":"Blue Slaver","floor":11,"turns":3},{"damage":0,"enemies":"Looter","floor":14,"turns":1},{"damage":24,"enemies":"Slime Boss","floor":16,"turns":8},{"damage":22,"enemies":"Shell Parasite","floor":18,"turns":4},{"damage":36,"enemies":"Spheric Guardian","floor":20,"turns":6},{"damage":51,"enemies":"Book of Stabbing","floor":23,"turns":5},{"damage":18,"enemies":"Centurion and Healer","floor":24,"turns":5},{"damage":0,"enemies":"Chosen and Byrds","floor":27,"turns":1},{"damage":67,"enemies":"Gremlin Leader","floor":29,"turns":6}],"seed_played":"-6885575348216050385","potions_obtained":[{"floor":2,"key":"Explosive Potion"},{"floor":7,"key":"Dexterity Potion"},{"floor":14,"key":"LiquidBronze"},{"floor":23,"key":"Energy Potion"},{"floor":24,"key":"SmokeBomb"}],"is_trial":false,"path_per_floor":["M","M","M","?","?","R","M","R","T","E","M","?","?","M","R","B",null,"M","?","M","?","$","E","M","?","T","M","R","E"],"character_chosen":"IRONCLAD","items_purchased":["Lee\u0027s Waffle","Happy Flower"],"campfire_rested":2,"item_purchase_floors":[22,22],"current_hp_per_floor":[80,80,80,64,64,64,68,68,68,61,51,51,40,46,70,52,80,64,64,34,28,87,42,30,30,30,36,62,0],"gold":113,"neow_bonus":"THREE_ENEMY_KILL","is_prod":false,"is_daily":false,"chose_seed":false,"campfire_upgraded":2,"win_rate":0,"timestamp":1555090552,"path_taken":["M","M","M","?","?","R","M","R","T","E","M","?","?","?","R","BOSS","M","?","M","?","$","E","M","?","T","M","R","E"],"build_version":"2019-01-23","purchased_purges":1,"victory":false,"max_hp_per_floor":[80,80,80,80,80,80,80,80,80,80,80,80,80,80,80,80,80,80,80,80,80,87,87,87,87,87,87,87,87],"card_choices":[{"not_picked":["True Grit","Body Slam"],"picked":"Carnage","floor":1},{"not_picked":["Pummel","Thunderclap"],"picked":"Inflame","floor":2},{"not_picked":["Anger","Heavy Blade"],"picked":"Spot Weakness","floor":3},{"not_picked":["Clothesline","Thunderclap"],"picked":"Anger","floor":7},{"not_picked":["Battle Trance","Anger"],"picked":"Rampage","floor":10},{"not_picked":["Burning Pact","Seeing Red"],"picked":"Whirlwind","floor":11},{"not_picked":["Fire Breathing","Havoc"],"picked":"Flex","floor":14},{"not_picked":["Juggernaut","Dark Embrace"],"picked":"Impervious","floor":16},{"not_picked":["Iron Wave","Shrug It Off","Rage"],"picked":"SKIP","floor":18},{"not_picked":["True Grit+1","Wild Strike"],"picked":"Inflame","floor":20},{"not_picked":["Clothesline","Combust","Iron Wave"],"picked":"SKIP","floor":23},{"not_picked":["Thunderclap+1","Body Slam+1"],"picked":"Anger+1","floor":24}],"player_experience":129830,"relics_obtained":[{"floor":9,"key":"Dream Catcher"},{"floor":10,"key":"Bag of Marbles"},{"floor":23,"key":"Molten Egg 2"},{"floor":23,"key":"StoneCalendar"},{"floor":26,"key":"Lantern"}],"event_choices":[{"damage_healed":0,"gold_gain":0,"player_choice":"Entered Light","damage_taken":16,"max_hp_gain":0,"max_hp_loss":0,"event_name":"Shining Light","floor":4,"gold_loss":0,"cards_upgraded":["Defend_R","Strike_R"]},{"damage_healed":0,"gold_gain":0,"cards_transformed":["Strike_R"],"player_choice":"Change","damage_taken":0,"max_hp_gain":0,"max_hp_loss":0,"event_name":"Living Wall","floor":5,"gold_loss":0,"cards_obtained":["Metallicize"]},{"damage_healed":0,"gold_gain":0,"player_choice":"Ignored","damage_taken":0,"max_hp_gain":0,"max_hp_loss":0,"event_name":"Liars Game","floor":12,"gold_loss":0},{"damage_healed":0,"gold_gain":75,"player_choice":"Gather Gold","damage_taken":11,"max_hp_gain":0,"max_hp_loss":0,"event_name":"World of Goop","floor":13,"gold_loss":0},{"damage_healed":0,"gold_gain":0,"player_choice":"Ignored","damage_taken":0,"max_hp_gain":0,"max_hp_loss":0,"event_name":"Vampires","floor":19,"gold_loss":0},{"damage_healed":0,"gold_gain":0,"player_choice":"Joined the Cult","damage_taken":6,"max_hp_gain":0,"max_hp_loss":0,"event_name":"Nest","floor":21,"gold_loss":0,"cards_obtained":["RitualDagger"]},{"damage_healed":0,"gold_gain":0,"player_choice":"Opened","damage_taken":0,"relics_obtained":["Juzu Bracelet"],"max_hp_gain":0,"max_hp_loss":0,"event_name":"The Mausoleum","floor":25,"gold_loss":0,"cards_obtained":["Writhe"]}],"is_beta":false,"boss_relics":[{"not_picked":["Lizard Tail","Orrery"],"picked":"Black Star"}],"items_purged_floors":[22],"is_endless":false,"potions_floor_spawned":[2,7,14,23,24],"killed_by":"Gremlin Leader","ascension_level":0}