{"gold_per_floor":[112,112,127,52,67,67,125,125,125,151,170,170,204,232,232,328,328,341,351,276,290,190,190,190,210,236,236],"floor_reached":27,"playtime":2016,"items_purged":["Strike_B","Defend_B"],"score":397,"play_id":"b0b77f9d-52b7-4371-be09-3f937701da57","local_time":"20190317190854","is_ascension_mode":true,"campfire_choices":[{"data":"Cold Snap","floor":6,"key":"SMITH"},{"data":"Zap","floor":12,"key":"SMITH"},{"floor":15,"key":"REST"},{"floor":23,"key":"REST"}],"neow_cost":"TEN_PERCENT_HP_LOSS","seed_source_timestamp":1141884819939720,"circlet_count":0,"master_deck":["AscendersBane","Defend_B","Defend_B","Defend_B","Zap+1","Dualcast","Glacier+1","Cold Snap+1","Capacitor","Defragment","Echo Form","Go for the Eyes+1","Consume"],"relics":["Cracked Core","Pear","Vajra","Ice Cream","Sundial","Odd Mushroom","Inserter","Anchor"],"potions_floor_usage":[7,8,16,18,25],"damage_taken":[{"damage":5,"enemies":"Small Slimes","floor":1,"turns":5},{"damage":1,"enemies":"Cultist","floor":3,"turns":7},{"damage":0,"enemies":"2 Louse","floor":5,"turns":3},{"damage":16,"enemies":"3 Sentries","floor":7,"turns":11},{"damage":0,"enemies":"Gremlin Nob","floor":8,"turns":2},{"damage":0,"enemies":"Lagavulin","floor":10,"turns":11},{"damage":10,"enemies":"2 Fungi Beasts","floor":11,"turns":4},{"damage":28,"enemies":"Gremlin Nob","floor":13,"turns":6},{"damage":11,"enemies":"The Mushroom Lair","floor":14,"turns":6},{"damage":28,"enemies":"Hexaghost","floor":16,"turns":18},{"damage":0,"enemies":"Chosen","floor":18,"turns":7},{"damage":36,"enemies":"3 Byrds","floor":19,"turns":6},{"damage":11,"enemies":"Snecko","floor":21,"turns":8},{"damage":11,"enemies":"Snake Plant","floor":25,"turns":5},{"damage":61,"enemies":"Gremlin Leader","floor":27,"turns":7}],"seed_played":"5622653055203107697","potions_obtained":[{"floor":1,"key":"SmokeBomb"},{"floor":5,"key":"Explosive Potion"},{"floor":13,"key":"Strength Potion"},{"floor":14,"key":"Energy Potion"},{"floor":21,"key":"Weak Potion"}],"is_trial":false,"path_per_floor":["M","?","M","$","M","R","?","E","T","E","M","R","E","?","R","B",null,"M","M","?","M","$","R","?","M","T","E"],"character_chosen":"DEFECT","items_purchased":[],"campfire_rested":2,"item_purchase_floors":[],"current_hp_per_floor":[63,63,62,62,62,62,56,56,56,56,46,46,18,7,30,2,59,59,23,23,12,12,35,61,50,50,0],"gold":236,"neow_bonus":"REMOVE_TWO","is_prod":false,"is_daily":false,"chose_seed":false,"campfire_upgraded":2,"win_rate":0,"timestamp":1552864134,"path_taken":["M","?","M","$","?","R","?","E","T","E","M","R","E","?","R","BOSS","M","M","?","M","$","R","?","M","T","E"],"build_version":"2019-01-23","purchased_purges":2,"victory":false,"max_hp_per_floor":[68,68,68,68,68,68,78,78,78,78,78,78,78,78,78,78,78,78,78,78,78,78,78,78,78,78,78],"card_choices":[{"not_picked":["Fusion","Tempest"],"picked":"Glacier","floor":1},{"not_picked":["Ball Lightning","Beam Cell"],"picked":"Cold Snap","floor":3},{"not_picked":["Sweeping Beam","Redo","Steam Power"],"picked":"SKIP","floor":5},{"not_picked":["BootSequence","Go for the Eyes"],"picked":"Capacitor","floor":10},{"not_picked":["Reinforced Body","Turbo","Gash"],"picked":"SKIP","floor":11},{"not_picked":["Steam Power","Fission","Ball Lightning"],"picked":"SKIP","floor":13},{"not_picked":["Streamline","Steam"],"picked":"Defragment","floor":14},{"not_picked":["Reboot","Seek"],"picked":"Echo Form","floor":16},{"not_picked":["Rebound+1","Steam","Storm"],"picked":"SKIP","floor":18},{"not_picked":["Recycle","Gash","Sweeping Beam+1"],"picked":"SKIP","floor":19},{"not_picked":["Sweeping Beam","BootSequence"],"picked":"Go for the Eyes+1","floor":21},{"not_picked":["Loop","Redo+1"],"picked":"Consume","floor":25}],"player_experience":781978,"relics_obtained":[{"floor":7,"key":"Pear"},{"floor":9,"key":"Vajra"},{"floor":10,"key":"Ice Cream"},{"floor":13,"key":"Sundial"},{"floor":14,"key":"Odd Mushroom"},{"floor":26,"key":"Anchor"}],"event_choices":[{"damage_healed":0,"gold_gain":0,"player_choice":"Upgraded","damage_taken":0,"max_hp_gain":0,"max_hp_loss":0,"event_name":"Upgrade Shrine","floor":2,"gold_loss":0,"cards_upgraded":["Glacier"]},{"damage_healed":0,"gold_gain":0,"player_choice":"Searched \u00272\u0027 times","damage_taken":0,"max_hp_gain":0,"max_hp_loss":0,"event_name":"Dead Adventurer","floor":7,"gold_loss":0},{"damage_healed":0,"gold_gain":0,"player_choice":"Fought Mushrooms","damage_taken":0,"max_hp_gain":0,"max_hp_loss":0,"event_name":"Mushrooms","floor":14,"gold_loss":0},{"cards_removed":["Strike_B"],"damage_healed":0,"gold_gain":0,"player_choice":"Gave Gold","damage_taken":0,"max_hp_gain":0,"max_hp_loss":0,"event_name":"Beggar","floor":20,"gold_loss":75},{"damage_healed":26,"gold_gain":0,"player_choice":"Heal","damage_taken":0,"max_hp_gain":0,"max_hp_loss":0,"event_name":"The Library","floor":24,"gold_loss":0}],"is_beta":false,"boss_relics":[{"not_picked":["Busted Crown","FrozenCore"],"picked":"Inserter"}],"items_purged_floors":[4,22],"is_endless":false,"potions_floor_spawned":[1,5,13,14,21],"killed_by":"Gremlin Leader","ascension_level":11}