{"gold_per_floor":[112,124,141,151,151,151,182,182,182,215,234,234,251,266,266,364,364,381,397,397,397,414,414,425,438,438,457,457,308,322,8,8,108,108,118,132,57,57,68,68,68,68,91,104,123,74,89,89,89,89],"floor_reached":51,"playtime":2751,"items_purged":["Strike_B"],"score":665,"play_id":"25c53a91-f36f-4aca-be47-d95f17f6a2bc","local_time":"20190426114514","is_ascension_mode":false,"campfire_choices":[{"data":"Zap","floor":6.0,"key":"SMITH"},{"data":"White Noise","floor":8.0,"key":"SMITH"},{"data":"Genetic Algorithm","floor":15.0,"key":"SMITH"},{"floor":23.0,"key":"REST"},{"floor":28,"key":"REST"},{"data":"Static Discharge","floor":32,"key":"SMITH"},{"floor":40,"key":"REST"},{"floor":49,"key":"REST"}],"neow_cost":"NONE","seed_source_timestamp":0,"circlet_count":0,"master_deck":["Defend_B","Defend_B","Defend_B","Defend_B","Zap+1","Doom and Gloom","Self Repair","Melter","FTL","Melter","White Noise+1","Genetic Algorithm+1","Conserve Battery","Conserve Battery","Sunder","Thunder Strike","Ball Lightning","Static Discharge+1","Ball Lightning","Rainbow","Redo+1","Loop","Madness","Madness","Lockon+1","Barrage"],"special_seed":0,"relics":["Cracked Core","FossilizedHelix","Singing Bowl","Darkstone Periapt","Blue Candle","Nuclear Battery","Blood Vial","Happy Flower","Lee\u0027s Waffle","Inserter","Centennial Puzzle"],"potions_floor_usage":[33,50],"damage_taken":[{"damage":6.0,"enemies":"Cultist","floor":1.0,"turns":3.0},{"damage":0.0,"enemies":"Small Slimes","floor":2.0,"turns":3.0},{"damage":8.0,"enemies":"Jaw Worm","floor":3.0,"turns":5.0},{"damage":11.0,"enemies":"3 Louse","floor":4.0,"turns":4.0},{"damage":16.0,"enemies":"Gremlin Nob","floor":7.0,"turns":3.0},{"damage":12.0,"enemies":"3 Sentries","floor":10.0,"turns":4.0},{"damage":0.0,"enemies":"Large Slime","floor":11.0,"turns":4.0},{"damage":0.0,"enemies":"Red Slaver","floor":13.0,"turns":2.0},{"damage":4.0,"enemies":"Lots of Slimes","floor":14.0,"turns":3.0},{"damage":23.0,"enemies":"The Guardian","floor":16.0,"turns":7.0},{"damage":5.0,"enemies":"Chosen","floor":18.0,"turns":4.0},{"damage":25.0,"enemies":"3 Byrds","floor":19.0,"turns":6.0},{"damage":35.0,"enemies":"Shelled Parasite and Fungi","floor":22.0,"turns":5.0},{"damage":24.0,"enemies":"Snake Plant","floor":24.0,"turns":5.0},{"damage":8.0,"enemies":"Centurion and Healer","floor":25.0,"turns":6.0},{"damage":28.0,"enemies":"Snecko","floor":27.0,"turns":6.0},{"damage":11,"enemies":"Shelled Parasite and Fungi","floor":30,"turns":4},{"damage":70,"enemies":"Collector","floor":33,"turns":7},{"damage":0,"enemies":"Orb Walker","floor":35,"turns":3},{"damage":14,"enemies":"3 Darklings","floor":36,"turns":5},{"damage":24,"enemies":"4 Shapes","floor":39,"turns":9},{"damage":18,"enemies":"Jaw Worm Horde","floor":44,"turns":5},{"damage":48,"enemies":"Writhing Mass","floor":45,"turns":6},{"damage":9,"enemies":"4 Shapes","floor":47,"turns":6},{"damage":60,"enemies":"Time Eater","floor":50,"turns":9}],"seed_played":"-4468229305771387774","potions_obtained":[{"floor":3.0,"key":"FairyPotion"},{"floor":4.0,"key":"AttackPotion"},{"floor":7.0,"key":"Swift Potion"},{"floor":27,"key":"EntropicBrew"},{"floor":36,"key":"Strength Potion"}],"is_trial":false,"path_per_floor":["M","M","M","M","?","R","E","R","T","E","M","T","M","M","R","B",null,"M","M","?","?","M","R","M","M","T","M","R","$","M","$","R","B",null,"M","M","$","?","M","R","?","$","T","M","M","$","M","?","R","B",null],"character_chosen":"DEFECT","items_purchased":["Happy Flower","Lee\u0027s Waffle","Ball Lightning","Loop","Barrage"],"campfire_rested":4,"item_purchase_floors":[29,31,31,37,46],"current_hp_per_floor":[69,75,74,70,63,63,54,54,54,49,56,56,56,59,59,43,75,77,59,59,59,33,56,41,42,42,23,47,47,47,92,92,22,92,94,87,87,75,60,88,88,88,88,81,44,44,46,46,76,25],"gold":89,"neow_bonus":"THREE_CARDS","is_prod":false,"is_daily":false,"chose_seed":false,"campfire_upgraded":4,"win_rate":0,"timestamp":1556293514,"path_taken":["M","M","?","?","?","R","E","R","T","E","M","?","M","M","R","BOSS","M","M","?","?","M","R","M","?","T","M","R","$","?","$","R","BOSS","M","?","$","?","M","R","?","$","T","?","M","?","M","?","R","BOSS"],"build_version":"2019-01-23","purchased_purges":1,"victory":true,"max_hp_per_floor":[75,75,75,75,75,75,75,75,75,75,75,75,75,75,75,75,75,77,77,77,77,79,79,81,83,83,83,83,83,85,92,92,92,92,94,94,94,94,94,94,94,94,94,96,98,98,100,100,100,100],"card_choices":[{"not_picked":["Turbo","Ball Lightning"],"picked":"Doom and Gloom","floor":0.0},{"not_picked":["Steam","Hologram"],"picked":"Self Repair","floor":1.0},{"not_picked":["Ball Lightning","Redo"],"picked":"Melter","floor":2.0},{"not_picked":["Storm","Redo"],"picked":"FTL","floor":3.0},{"not_picked":["Streamline","Go for the Eyes"],"picked":"Melter","floor":4.0},{"not_picked":["Barrage","Storm"],"picked":"White Noise","floor":7.0},{"not_picked":["Amplify","Sweeping Beam"],"picked":"Genetic Algorithm","floor":10.0},{"not_picked":["FTL","Coolheaded"],"picked":"Conserve Battery","floor":11.0},{"not_picked":["Turbo","Blizzard"],"picked":"Conserve Battery","floor":13.0},{"not_picked":["Stack","Consume"],"picked":"Sunder","floor":14.0},{"not_picked":["Amplify","Multi-Cast"],"picked":"Thunder Strike","floor":16.0},{"not_picked":["Rebound+1","Stack","Beam Cell"],"picked":"Singing Bowl","floor":18.0},{"not_picked":["Hologram+1","Sweeping Beam"],"picked":"Ball Lightning","floor":19.0},{"not_picked":["Skim","Undo","Cold Snap"],"picked":"Singing Bowl","floor":22.0},{"not_picked":["Turbo","Hologram","Coolheaded+1"],"picked":"Singing Bowl","floor":24.0},{"not_picked":["Steam","Buffer","Rebound"],"picked":"Singing Bowl","floor":25.0},{"not_picked":["Rebound+1","Turbo"],"picked":"Static Discharge","floor":27},{"not_picked":["Rebound","Redo","Conserve Battery"],"picked":"Singing Bowl","floor":30},{"not_picked":["Meteor Strike","Biased Cognition"],"picked":"Rainbow","floor":33},{"not_picked":["Hologram","Coolheaded+1","Stack+1"],"picked":"Singing Bowl","floor":35},{"not_picked":["Reinforced Body","Turbo+1"],"picked":"Redo+1","floor":36},{"not_picked":["Chill","Skim+1"],"picked":"Lockon+1","floor":39},{"not_picked":["Melter+1","Leap+1","Steam"],"picked":"Singing Bowl","floor":44},{"not_picked":["Steam+1","Undo","Rebound+1"],"picked":"Singing Bowl","floor":45},{"not_picked":["Heatsinks+1","Fission","Beam Cell+1"],"picked":"Singing Bowl","floor":47}],"player_experience":245910,"relics_obtained":[{"floor":7.0,"key":"FossilizedHelix"},{"floor":9.0,"key":"Singing Bowl"},{"floor":10.0,"key":"Darkstone Periapt"},{"floor":12.0,"key":"Blue Candle"},{"floor":26.0,"key":"Blood Vial"},{"floor":43,"key":"Centennial Puzzle"}],"event_choices":[{"cards_removed":["Strike_B"],"damage_healed":0.0,"max_hp_gain":0.0,"max_hp_loss":0.0,"gold_gain":0.0,"event_name":"Golden Wing","player_choice":"Card Removal","floor":5.0,"gold_loss":0.0,"damage_taken":7.0},{"cards_removed":["Strike_B"],"damage_healed":0.0,"max_hp_gain":0.0,"max_hp_loss":0.0,"gold_gain":0.0,"event_name":"Back to Basics","player_choice":"Elegance","floor":20.0,"gold_loss":0.0,"damage_taken":0.0},{"cards_removed":["Strike_B"],"damage_healed":0.0,"max_hp_gain":0.0,"max_hp_loss":0.0,"gold_gain":0.0,"event_name":"Bonfire Elementals","player_choice":"Offered Basic","floor":21.0,"gold_loss":0.0,"damage_taken":0.0},{"damage_healed":0,"gold_gain":0,"player_choice":"Embrace Madness","damage_taken":12,"max_hp_gain":0,"max_hp_loss":0,"event_name":"Winding Halls","floor":38,"gold_loss":0,"cards_obtained":["Madness","Madness"]},{"damage_healed":0,"gold_gain":0,"player_choice":"Ignored","damage_taken":0,"max_hp_gain":0,"max_hp_loss":0,"event_name":"Mysterious Sphere","floor":41,"gold_loss":0},{"cards_removed":["Dualcast"],"damage_healed":0,"gold_gain":0,"player_choice":"Removed Skill","damage_taken":0,"max_hp_gain":0,"max_hp_loss":0,"event_name":"Falling","floor":48,"gold_loss":0}],"is_beta":false,"boss_relics":[{"not_picked":["Pandora\u0027s Box","FrozenCore"],"picked":"Nuclear Battery"},{"not_picked":["Runic Dome","Lizard Tail"],"picked":"Inserter"}],"items_purged_floors":[31],"is_endless":false,"potions_floor_spawned":[3,4,7,11,13,18,22,24,27,36,45],"ascension_level":0}