{"gold_per_floor":[109,109,128,142,67,67,98,98,98,130,130,130,180,213,213,286,286,297,314,314,56,56,84,84,115,115,15,115,133,145,161,161,161],"floor_reached":33,"playtime":9859,"items_purged":["Strike_B","Strike_B"],"score":552,"play_id":"5c61923f-1a8c-4932-a9b9-5038a65f7342","local_time":"20190425012726","is_ascension_mode":true,"campfire_choices":[{"data":"Chill","floor":6,"key":"SMITH"},{"data":"Rainbow","floor":8,"key":"SMITH"},{"floor":11,"key":"REST"},{"data":"Consume","floor":15,"key":"SMITH"},{"data":"Biased Cognition","floor":24,"key":"SMITH"},{"floor":32,"key":"REST"}],"neow_cost":"NONE","seed_source_timestamp":63885303947086,"circlet_count":0,"master_deck":["AscendersBane","Strike_B","Strike_B","Defend_B","Defend_B","Defend_B","Defend_B","Zap","Dualcast","Chill+1","Ball Lightning","Rainbow+1","Consume+1","Biased Cognition+1","Glacier","Capacitor"],"relics":["Cracked Core","Calipers","PreservedInsect","Ice Cream","Dead Branch","Oddly Smooth Stone","Busted Crown","Cables","Nilry\u0027s Codex","Singing Bowl","Darkstone Periapt","Toxic Egg 2","Turnip","Symbiotic Virus"],"potions_floor_usage":[14,23,25,28,31,33],"damage_taken":[{"damage":2,"enemies":"Jaw Worm","floor":1,"turns":3},{"damage":0,"enemies":"Cultist","floor":3,"turns":5},{"damage":0,"enemies":"Small Slimes","floor":4,"turns":3},{"damage":28,"enemies":"Gremlin Nob","floor":7,"turns":5},{"damage":10,"enemies":"3 Sentries","floor":10,"turns":6},{"damage":8,"enemies":"Gremlin Nob","floor":14,"turns":3},{"damage":8,"enemies":"Slime Boss","floor":16,"turns":10},{"damage":0,"enemies":"Chosen","floor":18,"turns":4},{"damage":0,"enemies":"Spheric Guardian","floor":19,"turns":3},{"damage":8,"enemies":"Slavers","floor":23,"turns":5},{"damage":17,"enemies":"Gremlin Leader","floor":25,"turns":5},{"damage":7,"enemies":"Colosseum Slavers","floor":28,"turns":4},{"damage":0,"enemies":"Colosseum Nobs","floor":28,"turns":5},{"damage":5,"enemies":"Snake Plant","floor":29,"turns":3},{"damage":0,"enemies":"Centurion and Healer","floor":30,"turns":4},{"damage":0,"enemies":"Shelled Parasite and Fungi","floor":31,"turns":5},{"damage":56,"enemies":"Collector","floor":33,"turns":7}],"seed_played":"5892014958247414803","potions_obtained":[{"floor":1,"key":"EssenceOfSteel"},{"floor":7,"key":"GamblersBrew"},{"floor":16,"key":"LiquidBronze"},{"floor":19,"key":"Poison Potion"},{"floor":25,"key":"Strength Potion"},{"floor":29,"key":"SkillPotion"},{"floor":31,"key":"SkillPotion"}],"is_trial":false,"path_per_floor":["M","?","M","M","$","R","E","R","T","E","R","?","?","E","R","B",null,"M","M","?","$","?","E","R","E","T","$","?","M","M","M","R","B"],"character_chosen":"DEFECT","items_purchased":["Cables"],"campfire_rested":2,"item_purchase_floors":[21],"current_hp_per_floor":[69,69,69,69,69,69,41,41,41,31,54,59,59,51,51,43,73,73,73,73,73,52,46,46,31,31,31,26,21,23,25,52,0],"gold":161,"neow_bonus":"TEN_PERCENT_HP_BONUS","is_prod":false,"is_daily":false,"chose_seed":false,"campfire_upgraded":4,"win_rate":0,"timestamp":1556170046,"path_taken":["M","?","?","M","$","R","E","R","T","E","R","?","?","E","R","BOSS","M","?","?","$","?","E","R","E","T","?","?","M","M","?","R","BOSS"],"build_version":"2019-01-23","purchased_purges":2,"victory":false,"max_hp_per_floor":[78,78,78,78,78,78,78,78,78,78,78,83,83,83,83,83,83,83,83,83,83,83,85,85,87,87,87,89,89,91,93,93,93],"card_choices":[{"not_picked":["Cold Snap","Steam"],"picked":"Chill","floor":1},{"not_picked":["Leap","Gash"],"picked":"Ball Lightning","floor":3},{"not_picked":["Barrage","Redo","Steam Power"],"picked":"SKIP","floor":4},{"not_picked":["Heatsinks","FTL"],"picked":"Rainbow","floor":7},{"not_picked":["Hologram","Turbo"],"picked":"Consume","floor":10},{"not_picked":["Stack","Streamline","Turbo"],"picked":"SKIP","floor":14},{"not_picked":["Machine Learning","Thunder Strike"],"picked":"Biased Cognition","floor":16},{"not_picked":["Gash"],"picked":"SKIP","floor":18},{"not_picked":["Genetic Algorithm"],"picked":"SKIP","floor":19},{"not_picked":["Force Field"],"picked":"Singing Bowl","floor":23},{"not_picked":["Ball Lightning"],"picked":"Singing Bowl","floor":25},{"not_picked":["Barrage"],"picked":"Singing Bowl","floor":28},{"not_picked":[],"picked":"Capacitor","floor":29},{"not_picked":["Turbo+1"],"picked":"Singing Bowl","floor":30},{"not_picked":["Sweeping Beam"],"picked":"Singing Bowl","floor":31}],"player_experience":925591,"relics_obtained":[{"floor":7,"key":"PreservedInsect"},{"floor":9,"key":"Ice Cream"},{"floor":10,"key":"Dead Branch"},{"floor":14,"key":"Oddly Smooth Stone"},{"floor":22,"key":"Nilry\u0027s Codex"},{"floor":23,"key":"Singing Bowl"},{"floor":25,"key":"Darkstone Periapt"},{"floor":26,"key":"Toxic Egg 2"},{"floor":28,"key":"Turnip"},{"floor":28,"key":"Symbiotic Virus"}],"event_choices":[{"damage_healed":0,"gold_gain":0,"player_choice":"Gave Potion","damage_taken":0,"relics_obtained":["Calipers"],"max_hp_gain":0,"max_hp_loss":0,"event_name":"WeMeetAgain","floor":2,"gold_loss":0},{"damage_healed":0,"gold_gain":0,"player_choice":"Donut","damage_taken":0,"max_hp_gain":5,"max_hp_loss":0,"event_name":"Big Fish","floor":12,"gold_loss":0},{"damage_healed":0,"gold_gain":50,"player_choice":"Pray","damage_taken":0,"max_hp_gain":0,"max_hp_loss":0,"event_name":"Golden Shrine","floor":13,"gold_loss":0},{"damage_healed":0,"gold_gain":0,"player_choice":"Read","damage_taken":0,"max_hp_gain":0,"max_hp_loss":0,"event_name":"The Library","floor":20,"gold_loss":0,"cards_obtained":["Glacier"]},{"damage_healed":0,"gold_gain":0,"player_choice":"Obtained Book","damage_taken":21,"max_hp_gain":0,"max_hp_loss":0,"event_name":"Cursed Tome","floor":22,"gold_loss":0},{"damage_healed":0,"gold_gain":0,"player_choice":"Fight","damage_taken":0,"max_hp_gain":0,"max_hp_loss":0,"event_name":"Colosseum","floor":28,"gold_loss":0},{"damage_healed":0,"gold_gain":0,"player_choice":"Fought Nobs","damage_taken":0,"max_hp_gain":0,"max_hp_loss":0,"event_name":"Colosseum","floor":28,"gold_loss":0}],"is_beta":false,"boss_relics":[{"not_picked":["Lizard Tail","White Beast Statue"],"picked":"Busted Crown"}],"items_purged_floors":[5,27],"is_endless":false,"potions_floor_spawned":[1,7,16,19,25,29,31],"killed_by":"Collector","ascension_level":15}