{"gold_per_floor":[110,110,37,49,14,14,14,14,14,30,30,50,62,62,62,161,161,171,171,96,115,147,147],"floor_reached":23,"playtime":2325,"items_purged":["Strike_B"],"score":269,"play_id":"8359bd28-e931-42a7-bbb0-f964a083ce6e","local_time":"20181229100712","is_ascension_mode":true,"campfire_choices":[{"data":"White Noise","floor":6,"key":"SMITH"},{"data":"Conserve Battery","floor":8,"key":"SMITH"},{"data":"Go for the Eyes","floor":11,"key":"SMITH"},{"data":"Zap","floor":15,"key":"SMITH"}],"neow_cost":"NONE","seed_source_timestamp":26508087476771,"circlet_count":0,"master_deck":["AscendersBane","Strike_B","Defend_B","Defend_B","Defend_B+1","Zap+1","Dualcast","Conserve Battery+1","White Noise+1","Cold Snap","Go for the Eyes+1","Cold Snap+1","Seek","Leap+1","Consume","Ball Lightning"],"relics":["Empty Cage","Ginger","Inserter","Red Mask"],"potions_floor_usage":[16,16,21],"damage_taken":[{"damage":2,"enemies":"2 Louse","floor":1,"turns":4},{"damage":5,"enemies":"Small Slimes","floor":4,"turns":5},{"damage":0,"enemies":"Jaw Worm","floor":10,"turns":5},{"damage":0,"enemies":"2 Fungi Beasts","floor":12,"turns":5},{"damage":0,"enemies":"Blue Slaver","floor":13,"turns":5},{"damage":33,"enemies":"The Guardian","floor":16,"turns":16},{"damage":0,"enemies":"Chosen","floor":18,"turns":6},{"damage":0,"enemies":"Spheric Guardian","floor":21,"turns":8},{"damage":63,"enemies":"Masked Bandits","floor":22,"turns":6},{"damage":6,"enemies":"Snecko","floor":23,"turns":5}],"seed_played":"4029035035270206440","potions_obtained":[{"floor":4,"key":"EssenceOfSteel"},{"floor":13,"key":"EssenceOfSteel"},{"floor":18,"key":"SkillPotion"}],"is_trial":false,"path_per_floor":["M","?","$","M","?","R","?","R","T","M","R","M","M","?","R","B",null,"M","?","$","M","?","M"],"character_chosen":"DEFECT","items_purchased":["White Noise"],"campfire_rested":0,"item_purchase_floors":[3],"current_hp_per_floor":[66,71,71,66,80,80,80,80,80,80,80,80,80,64,64,31,68,68,68,68,68,5,0],"gold":147,"neow_bonus":"BOSS_RELIC","is_prod":false,"is_daily":false,"chose_seed":false,"campfire_upgraded":4,"win_rate":0,"timestamp":1546096032,"path_taken":["M","?","$","M","?","R","?","R","T","?","R","M","M","?","R","BOSS","M","?","$","M","?","M"],"build_version":"2018-12-20","purchased_purges":1,"victory":false,"max_hp_per_floor":[75,80,80,80,80,80,80,80,80,80,80,80,80,80,80,80,80,80,80,80,80,80,80],"card_choices":[{"not_picked":["Stack","Chaos"],"picked":"Conserve Battery","floor":1},{"not_picked":["FTL","Steam"],"picked":"Cold Snap","floor":4},{"not_picked":["Barrage","Redo"],"picked":"Go for the Eyes","floor":10},{"not_picked":["Force Field","Static Discharge","Thunder Strike"],"picked":"SKIP","floor":12},{"not_picked":["Rebound","Leap"],"picked":"Cold Snap","floor":13},{"not_picked":["Rainbow","Meteor Strike"],"picked":"Seek","floor":16},{"not_picked":["BootSequence+1","Steam Power+1"],"picked":"Leap+1","floor":18},{"not_picked":["Storm","Sweeping Beam+1"],"picked":"Ball Lightning","floor":21}],"player_experience":632024,"relics_obtained":[{"floor":9,"key":"Ginger"},{"floor":22,"key":"Red Mask"}],"event_choices":[{"damage_healed":0,"gold_gain":0,"player_choice":"Donut","damage_taken":0,"max_hp_gain":5,"max_hp_loss":0,"event_name":"Big Fish","floor":2,"gold_loss":0},{"damage_healed":20,"gold_gain":0,"player_choice":"Healed","damage_taken":0,"max_hp_gain":0,"max_hp_loss":0,"event_name":"The Cleric","floor":5,"gold_loss":35},{"cards_removed":["Defend_B"],"damage_healed":0,"gold_gain":0,"player_choice":"Forget","damage_taken":0,"max_hp_gain":0,"max_hp_loss":0,"event_name":"Living Wall","floor":7,"gold_loss":0},{"damage_healed":0,"gold_gain":0,"player_choice":"Entered Light","damage_taken":16,"max_hp_gain":0,"max_hp_loss":0,"event_name":"Shining Light","floor":14,"gold_loss":0,"cards_upgraded":["Cold Snap","Defend_B"]},{"damage_healed":0,"gold_gain":0,"player_choice":"Read","damage_taken":0,"max_hp_gain":0,"max_hp_loss":0,"event_name":"The Library","floor":19,"gold_loss":0,"cards_obtained":["Consume"]},{"damage_healed":0,"gold_gain":0,"player_choice":"Fought Bandits","damage_taken":0,"max_hp_gain":0,"max_hp_loss":0,"event_name":"Masked Bandits","floor":22,"gold_loss":0}],"is_beta":false,"boss_relics":[{"not_picked":["Runic Pyramid","Philosopher\u0027s Stone"],"picked":"Inserter"}],"items_purged_floors":[20],"is_endless":false,"potions_floor_spawned":[4,13,18],"killed_by":"Snecko","ascension_level":10}