{"gold_per_floor":[110,124,137,151,169,169,203,203,255,266,277,277,312,312],"floor_reached":14,"playtime":838,"items_purged":[],"score":172,"play_id":"029cd4c3-7ff5-4bcb-818c-314bbe9a5f3d","local_time":"20190425221250","is_ascension_mode":true,"campfire_choices":[{"floor":6.0,"key":"REST"},{"floor":8,"key":"REST"},{"floor":12,"key":"REST"}],"neow_cost":"PERCENT_DAMAGE","seed_source_timestamp":1214115937255870,"circlet_count":0,"master_deck":["AscendersBane","Defend_G","Defend_G","Defend_G","Defend_G","Defend_G","Strike_G","Strike_G","Strike_G","Strike_G","Strike_G","Survivor","Neutralize","Flechettes","A Thousand Cuts","Bouncing Flask","Acrobatics","Acrobatics","Cloak And Dagger","Blade Dance","Grand Finale","Backflip"],"special_seed":0,"relics":["Ring of the Snake","Ginger","Blood Vial","Dream Catcher"],"potions_floor_usage":[7,11,13],"damage_taken":[{"damage":0.0,"enemies":"Cultist","floor":1.0,"turns":5.0},{"damage":0.0,"enemies":"Jaw Worm","floor":2.0,"turns":4.0},{"damage":1.0,"enemies":"Small Slimes","floor":3.0,"turns":4.0},{"damage":6.0,"enemies":"Gremlin Gang","floor":4.0,"turns":5.0},{"damage":4.0,"enemies":"Red Slaver","floor":5.0,"turns":6.0},{"damage":36,"enemies":"Lagavulin","floor":7,"turns":9},{"damage":20,"enemies":"Exordium Thugs","floor":10,"turns":6},{"damage":7,"enemies":"Exordium Wildlife","floor":11,"turns":4},{"damage":31,"enemies":"3 Sentries","floor":13,"turns":8},{"damage":0,"enemies":"Lots of Slimes","floor":14,"turns":1}],"seed_played":"5963732429738648189","potions_obtained":[{"floor":1.0,"key":"Fire Potion"},{"floor":2.0,"key":"PowerPotion"},{"floor":4.0,"key":"PowerPotion"},{"floor":11,"key":"SpeedPotion"},{"floor":13,"key":"Ancient Potion"}],"is_trial":false,"path_per_floor":["M","M","M","M","M","R","E","R","T","M","M","R","E","M"],"character_chosen":"THE_SILENT","items_purchased":[],"campfire_rested":3,"item_purchase_floors":[],"current_hp_per_floor":[45,45,44,38,34,55,19,40,40,22,17,38,9,11],"gold":312,"neow_bonus":"ONE_RARE_RELIC","is_prod":false,"is_daily":false,"chose_seed":false,"campfire_upgraded":0,"win_rate":0,"timestamp":1556197970,"path_taken":["M","M","M","M","M","R","E","R","T","M","?","R","E","M"],"build_version":"2019-01-23","purchased_purges":0,"victory":false,"max_hp_per_floor":[70,70,70,70,70,70,70,70,70,70,70,70,70,70],"card_choices":[{"not_picked":["Prepared","Sucker Punch"],"picked":"Flechettes","floor":1.0},{"not_picked":["Underhanded Strike","Dodge and Roll"],"picked":"A Thousand Cuts","floor":2.0},{"not_picked":["Quick Slash","Blade Dance"],"picked":"Bouncing Flask","floor":3.0},{"not_picked":["Finisher","Backstab"],"picked":"Acrobatics","floor":4.0},{"not_picked":["Choke","Poisoned Stab"],"picked":"Acrobatics","floor":5.0},{"not_picked":["Slice","Predator"],"picked":"Cloak And Dagger","floor":7},{"not_picked":["Eviscerate","Caltrops"],"picked":"Blade Dance","floor":10},{"not_picked":["Riddle With Holes","Calculated Gamble"],"picked":"Grand Finale","floor":11},{"not_picked":["Dagger Spray","Blur"],"picked":"Backflip","floor":13}],"player_experience":698636,"relics_obtained":[{"floor":7,"key":"Blood Vial"},{"floor":9,"key":"Dream Catcher"}],"event_choices":[],"is_beta":false,"boss_relics":[],"items_purged_floors":[],"is_endless":false,"potions_floor_spawned":[1,2,4,11,13],"killed_by":"Lots of Slimes","ascension_level":13}