{"gold_per_floor":[114,38,48,223,223,223,223,253,253,268,303,29,41,66,66,184,184,200,28,85,85,0,0,30,30,30,30,60,60,60,79,79,79],"floor_reached":33,"playtime":2287,"items_purged":[],"score":271,"play_id":"ee646027-3cd0-4ccd-970f-b86d59feb618","local_time":"20190402151531","is_ascension_mode":false,"campfire_choices":[{"data":"Heavy Blade","floor":6.0,"key":"SMITH"},{"floor":15.0,"key":"REST"},{"floor":23,"key":"REST"},{"floor":27,"key":"REST"},{"floor":29,"key":"REST"},{"floor":32,"key":"DIG"}],"neow_cost":"PERCENT_DAMAGE","seed_source_timestamp":0,"circlet_count":0,"master_deck":["Strike_R","Strike_R","Strike_R","Strike_R","Strike_R","Defend_R","Defend_R","Defend_R","Defend_R","Bash","Flex","Cleave","Heavy Blade+1","Perfected Strike","Clash","Headbutt","HandOfGreed","Metallicize","Seeing Red","Demon Form","Berserk","Flex","Clothesline","Combust","Necronomicurse","Impervious","Anger+1"],"special_seed":0,"relics":["Burning Blood","Pocketwatch","Shuriken","Champion Belt","Ginger","Pear","Odd Mushroom","Eternal Feather","Lantern","Necronomicon","Calipers","Regal Pillow","Shovel","Darkstone Periapt"],"potions_floor_usage":[24,33,33,33],"damage_taken":[{"damage":2.0,"enemies":"Small Slimes","floor":1.0,"turns":5.0},{"damage":1.0,"enemies":"Jaw Worm","floor":3.0,"turns":4.0},{"damage":8.0,"enemies":"Gremlin Nob","floor":8.0,"turns":3.0},{"damage":11.0,"enemies":"2 Louse","floor":10.0,"turns":2.0},{"damage":16.0,"enemies":"3 Sentries","floor":11.0,"turns":7.0},{"damage":12.0,"enemies":"Blue Slaver","floor":13.0,"turns":2.0},{"damage":10.0,"enemies":"The Mushroom Lair","floor":14.0,"turns":3.0},{"damage":18.0,"enemies":"Slime Boss","floor":16.0,"turns":8.0},{"damage":23.0,"enemies":"Spheric Guardian","floor":18.0,"turns":4.0},{"damage":39.0,"enemies":"3 Byrds","floor":20.0,"turns":7.0},{"damage":56,"enemies":"Slavers","floor":24,"turns":4},{"damage":59,"enemies":"Sentry and Sphere","floor":28,"turns":6},{"damage":19,"enemies":"Snake Plant","floor":31,"turns":2},{"damage":103,"enemies":"Collector","floor":33,"turns":6}],"seed_played":"226761234227751477","potions_obtained":[{"floor":1.0,"key":"Fire Potion"},{"floor":3.0,"key":"GamblersBrew"},{"floor":11.0,"key":"EssenceOfSteel"},{"floor":14.0,"key":"SpeedPotion"},{"floor":16.0,"key":"GamblersBrew"},{"floor":18.0,"key":"BloodPotion"},{"floor":20.0,"key":"SkillPotion"},{"floor":28,"key":"SteroidPotion"}],"is_trial":false,"path_per_floor":["M","$","M","?","T","R","?","E","T","M","E","$","M","?","R","B",null,"M","$","M","?","?","R","E","$","T","R","M","R","$","M","R","B"],"character_chosen":"IRONCLAD","items_purchased":["Cleave","Heavy Blade","HandOfGreed","Metallicize","Lantern","Clothesline"],"campfire_rested":4,"item_purchase_floors":[2,2,12,12,19,19],"current_hp_per_floor":[60,60,65,65,65,65,58,56,56,51,51,51,45,41,68,56,90,73,73,49,33,33,75,25,25,25,82,29,86,86,73,88,0],"gold":79,"neow_bonus":"ONE_RARE_RELIC","is_prod":false,"is_daily":false,"chose_seed":false,"campfire_upgraded":1,"win_rate":0,"timestamp":1554232531,"path_taken":["M","$","M","?","?","R","?","E","T","M","E","$","?","?","R","BOSS","M","$","M","?","?","R","E","$","T","R","M","R","?","M","R","BOSS"],"build_version":"2019-01-23","purchased_purges":0,"victory":false,"max_hp_per_floor":[80,80,80,80,80,80,80,80,80,80,90,90,90,90,90,90,90,90,90,90,90,90,90,90,90,90,90,90,90,90,90,90,90],"card_choices":[{"not_picked":["Sever Soul","Warcry"],"picked":"Flex","floor":1.0},{"not_picked":["Power Through","Intimidate","Thunderclap"],"picked":"SKIP","floor":3.0},{"not_picked":["Intimidate","Cleave"],"picked":"Perfected Strike","floor":8.0},{"not_picked":["Sever Soul","Twin Strike"],"picked":"Clash","floor":10.0},{"not_picked":["Combust","Wild Strike"],"picked":"Headbutt","floor":11.0},{"not_picked":["Headbutt","Power Through"],"picked":"Seeing Red","floor":13.0},{"not_picked":["Body Slam","Shrug It Off"],"picked":"Demon Form","floor":14.0},{"not_picked":["Bludgeon","Immolate"],"picked":"Berserk","floor":16.0},{"not_picked":["Shrug It Off","Wild Strike"],"picked":"Flex","floor":18.0},{"not_picked":["Battle Trance","Corruption"],"picked":"Combust","floor":20.0},{"not_picked":["Clothesline","Warcry+1","Wild Strike"],"picked":"SKIP","floor":24},{"not_picked":["Cleave","Rupture+1"],"picked":"Impervious","floor":28},{"not_picked":["Perfected Strike","Second Wind+1"],"picked":"Anger+1","floor":31}],"player_experience":11438,"relics_obtained":[{"floor":5.0,"key":"Shuriken"},{"floor":8.0,"key":"Champion Belt"},{"floor":9.0,"key":"Ginger"},{"floor":11.0,"key":"Pear"},{"floor":14.0,"key":"Odd Mushroom"},{"floor":21,"key":"Necronomicon"},{"floor":24,"key":"Regal Pillow"},{"floor":26,"key":"Shovel"},{"floor":32,"key":"Darkstone Periapt"}],"event_choices":[{"damage_healed":0.0,"max_hp_gain":0.0,"max_hp_loss":0.0,"gold_gain":175.0,"event_name":"Liars Game","player_choice":"AGREE","floor":4.0,"gold_loss":0.0,"damage_taken":0.0,"cards_obtained":["Doubt"]},{"cards_removed":["Doubt"],"damage_healed":0.0,"max_hp_gain":0.0,"max_hp_loss":0.0,"gold_gain":0.0,"event_name":"Golden Wing","player_choice":"Card Removal","floor":7.0,"gold_loss":0.0,"damage_taken":7.0},{"damage_healed":0.0,"max_hp_gain":0.0,"max_hp_loss":0.0,"gold_gain":0.0,"event_name":"Mushrooms","player_choice":"Fought Mushrooms","floor":14.0,"gold_loss":0.0,"damage_taken":0.0},{"damage_healed":0,"gold_gain":0,"player_choice":"Obtained Book","damage_taken":16,"max_hp_gain":0,"max_hp_loss":0,"event_name":"Cursed Tome","floor":21,"gold_loss":0},{"damage_healed":0,"gold_gain":0,"player_choice":"Obtained Relic","damage_taken":0,"relics_obtained":["Calipers"],"max_hp_gain":0,"max_hp_loss":0,"event_name":"Addict","floor":22,"gold_loss":85}],"is_beta":false,"boss_relics":[{"not_picked":["Runic Dome","Snecko Eye"],"picked":"Eternal Feather"}],"items_purged_floors":[],"is_endless":false,"potions_floor_spawned":[1,3,11,14,16,18,20,28],"killed_by":"Collector","ascension_level":0}