{"gold_per_floor":[112,132,132,132,145,145,70,109,109,134,234,234,254,154,154,282,282,295,309,333,333,346,346,346],"floor_reached":24,"playtime":906,"items_purged":["Strike_R","Strike_R"],"score":223,"play_id":"34c513f6-fdf8-4fef-b924-2283d55e69eb","local_time":"20190412071710","is_ascension_mode":false,"campfire_choices":[{"data":"Rampage","floor":6,"key":"SMITH"},{"data":"Pommel Strike","floor":12,"key":"SMITH"},{"data":"Shrug It Off","floor":15,"key":"SMITH"},{"floor":23,"key":"REST"}],"neow_cost":"NONE","seed_source_timestamp":73463056242598,"circlet_count":0,"master_deck":["Strike_R+1","Strike_R","Defend_R","Defend_R","Defend_R+1","Defend_R","Bash+1","Pommel Strike+1","Rampage+1","Flame Barrier","Shrug It Off+1","Feed","Headbutt","Combust","Sword Boomerang","True Grit","Double Tap","Armaments"],"relics":["Burning Blood","Golden Idol","Pen Nib","Pear","Orrery"],"potions_floor_usage":[8,23],"damage_taken":[{"damage":6,"enemies":"Jaw Worm","floor":1,"turns":4},{"damage":5,"enemies":"Small Slimes","floor":2,"turns":3},{"damage":1,"enemies":"Cultist","floor":5,"turns":3},{"damage":14,"enemies":"3 Sentries","floor":8,"turns":7},{"damage":20,"enemies":"Exordium Thugs","floor":10,"turns":4},{"damage":5,"enemies":"Red Slaver","floor":13,"turns":4},{"damage":32,"enemies":"The Guardian","floor":16,"turns":12},{"damage":4,"enemies":"Chosen","floor":18,"turns":5},{"damage":32,"enemies":"Shell Parasite","floor":19,"turns":6},{"damage":52,"enemies":"Snake Plant","floor":20,"turns":6},{"damage":13,"enemies":"Snecko","floor":22,"turns":5},{"damage":51,"enemies":"Gremlin Leader","floor":24,"turns":5}],"seed_played":"-5271888458442059250","potions_obtained":[{"floor":5,"key":"Fire Potion"},{"floor":10,"key":"SpeedPotion"},{"floor":18,"key":"Block Potion"},{"floor":20,"key":"Energy Potion"},{"floor":22,"key":"Fruit Juice"}],"is_trial":false,"path_per_floor":["?","?","$","?","M","?"],"character_chosen":"IRONCLAD","items_purchased":[],"campfire_rested":1,"item_purchase_floors":[],"current_hp_per_floor":[80,80,74,59,64,64,64,56,66,52,52,52,53,53,53,27,84,84,61,15,15,11,44,0],"gold":346,"neow_bonus":"UPGRADE_CARD","is_prod":false,"is_daily":false,"chose_seed":false,"campfire_upgraded":3,"win_rate":0,"timestamp":1555028230,"path_taken":["M","M","?","?","M","R","?","E","T","M","?","R","M","$","R","BOSS","M","M","?","?","M","R","E"],"build_version":"2019-01-23","purchased_purges":2,"victory":false,"max_hp_per_floor":[80,80,74,74,74,74,74,74,84,84,84,84,84,84,84,84,84,84,87,87,87,90,95,95],"card_choices":[{"not_picked":["Thunderclap","Twin Strike"],"picked":"Pommel Strike","floor":1},{"not_picked":["Ghostly Armor","Thunderclap"],"picked":"Rampage","floor":2},{"not_picked":["Dual Wield","Twin Strike","Cleave"],"picked":"SKIP","floor":5},{"not_picked":["Flex","Rampage"],"picked":"Flame Barrier","floor":8},{"not_picked":["Cleave","Wild Strike"],"picked":"Shrug It Off","floor":10},{"not_picked":["Rampage","Entrench","Clash"],"picked":"SKIP","floor":13},{"not_picked":["Berserk","Barricade"],"picked":"Feed","floor":16},{"not_picked":["Dropkick","Evolve"],"picked":"Headbutt","floor":17},{"not_picked":["Body Slam","Wild Strike"],"picked":"Combust","floor":17},{"not_picked":["Iron Wave","Cleave"],"picked":"Sword Boomerang","floor":17},{"not_picked":["Sever Soul+1","Searing Blow","Twin Strike"],"picked":"SKIP","floor":18},{"not_picked":["Thunderclap","Sword Boomerang"],"picked":"True Grit","floor":19},{"not_picked":["Body Slam+1","Infernal Blade"],"picked":"Double Tap","floor":20},{"not_picked":["Bloodletting","Cleave"],"picked":"Armaments","floor":22}],"player_experience":11770,"relics_obtained":[{"floor":8,"key":"Pen Nib"},{"floor":9,"key":"Pear"}],"event_choices":[{"damage_healed":0,"gold_gain":0,"player_choice":"Lose Max HP","damage_taken":0,"relics_obtained":["Golden Idol"],"max_hp_gain":0,"max_hp_loss":6,"event_name":"Golden Idol","floor":3,"gold_loss":0},{"damage_healed":0,"gold_gain":0,"player_choice":"Entered Light","damage_taken":15,"max_hp_gain":0,"max_hp_loss":0,"event_name":"Shining Light","floor":4,"gold_loss":0,"cards_upgraded":["Strike_R","Defend_R"]},{"damage_healed":0,"gold_gain":100,"player_choice":"Pray","damage_taken":0,"max_hp_gain":0,"max_hp_loss":0,"event_name":"Golden Shrine","floor":11,"gold_loss":0},{"cards_removed":["Strike_R"],"damage_healed":0,"gold_gain":0,"player_choice":"Purged","damage_taken":0,"max_hp_gain":0,"max_hp_loss":0,"event_name":"Purifier","floor":21,"gold_loss":0}],"is_beta":false,"boss_relics":[{"not_picked":["Lizard Tail","Runic Cube"],"picked":"Orrery"}],"items_purged_floors":[7,14],"is_endless":false,"potions_floor_spawned":[5,10,18,20,22],"killed_by":"Gremlin Leader","ascension_level":0}