{"gold_per_floor":[112,127,139,159,159,187,39,39,63,78,78,113,131,148,148,247,247,265,138,152,152,166,196,196,206,257,269,294,341,372,54,54,157,157,176,186,86,100,6,106,106,137,162,162,162],"floor_reached":45,"playtime":3980,"items_purged":["Strike_G","Strike_G"],"score":547,"play_id":"ffbbc6b0-146b-4638-8111-7b795ca9daf3","local_time":"20190408132310","is_ascension_mode":false,"campfire_choices":[{"floor":8,"key":"REST"},{"data":"Noxious Fumes","floor":11,"key":"SMITH"},{"floor":15,"key":"REST"},{"floor":24,"key":"REST"},{"floor":32,"key":"REST"},{"floor":41,"key":"REST"}],"neow_cost":"NONE","seed_source_timestamp":922053545903647,"circlet_count":0,"master_deck":["Defend_G","Defend_G","Defend_G","Defend_G","Strike_G","Survivor","Neutralize","Dagger Spray","Deadly Poison","Flechettes","Crippling Poison","Envenom","Noxious Fumes+1","Backstab","Flying Knee","Infinite Blades","All Out Attack","Choke","Burst","Backflip","PiercingWail","Poisoned Stab+1","Blade Dance","Bouncing Flask","Ghostly","Ghostly+1","Ghostly+1","Ghostly","Ghostly+1","Poisoned Stab+1","Dagger Throw+1","Slice+1","Terror","Adrenaline","Dash+1","Die Die Die+1","Leg Sweep+1","Prepared+1","Flying Knee+1","Blur+1","Discovery","PiercingWail","Bouncing Flask"],"relics":["Ring of the Snake","NeowsBlessing","Pen Nib","Regal Pillow","Centennial Puzzle","Philosopher\u0027s Stone","Molten Egg 2","MawBank","Bag of Marbles","Frozen Egg 2","Astrolabe","Shovel","Darkstone Periapt","War Paint"],"potions_floor_usage":[12,16,16,23,28,40,45,45],"damage_taken":[{"damage":0,"enemies":"Cultist","floor":1,"turns":1},{"damage":0,"enemies":"2 Louse","floor":2,"turns":1},{"damage":0,"enemies":"Jaw Worm","floor":3,"turns":1},{"damage":8,"enemies":"2 Fungi Beasts","floor":4,"turns":4},{"damage":16,"enemies":"3 Sentries","floor":6,"turns":8},{"damage":0,"enemies":"Exordium Wildlife","floor":10,"turns":3},{"damage":17,"enemies":"Lagavulin","floor":12,"turns":6},{"damage":5,"enemies":"Red Slaver","floor":13,"turns":4},{"damage":4,"enemies":"Blue Slaver","floor":14,"turns":3},{"damage":17,"enemies":"Hexaghost","floor":16,"turns":8},{"damage":14,"enemies":"2 Thieves","floor":18,"turns":3},{"damage":6,"enemies":"Spheric Guardian","floor":20,"turns":4},{"damage":10,"enemies":"3 Cultists","floor":22,"turns":5},{"damage":25,"enemies":"Gremlin Leader","floor":23,"turns":5},{"damage":10,"enemies":"Snecko","floor":25,"turns":4},{"damage":2,"enemies":"Chosen and Byrds","floor":28,"turns":4},{"damage":17,"enemies":"Slavers","floor":29,"turns":4},{"damage":5,"enemies":"Cultist and Chosen","floor":30,"turns":6},{"damage":5,"enemies":"Collector","floor":33,"turns":8},{"damage":0,"enemies":"Orb Walker","floor":35,"turns":3},{"damage":2,"enemies":"3 Shapes","floor":36,"turns":4},{"damage":19,"enemies":"Sphere and 2 Shapes","floor":38,"turns":4},{"damage":4,"enemies":"Mind Bloom Boss Battle","floor":40,"turns":6},{"damage":16,"enemies":"Reptomancer","floor":42,"turns":4},{"damage":27,"enemies":"Giant Head","floor":45,"turns":7}],"seed_played":"-1836490293864414263","potions_obtained":[{"floor":2,"key":"Weak Potion"},{"floor":4,"key":"Block Potion"},{"floor":5,"key":"Energy Potion"},{"floor":12,"key":"Block Potion"},{"floor":13,"key":"Fire Potion"},{"floor":16,"key":"GamblersBrew"},{"floor":18,"key":"SteroidPotion"},{"floor":22,"key":"PowerPotion"},{"floor":25,"key":"Weak Potion"},{"floor":28,"key":"Swift Potion"},{"floor":38,"key":"Fire Potion"},{"floor":42,"key":"GamblersBrew"}],"is_trial":false,"path_per_floor":["M","M","M","M","?","E","$","R","T","M","R","E","M","M","R","B",null,"M","$","M","?","M","E","R","M","T","?","M","E","M","$","R","B",null,"M","M","$","M","$","?","R","E","T","?","E"],"character_chosen":"THE_SILENT","items_purchased":["Noxious Fumes","Backstab","PiercingWail","Frozen Egg 2","Terror","Discovery"],"campfire_rested":5,"item_purchase_floors":[7,7,19,31,31,39],"current_hp_per_floor":[70,70,70,62,62,46,46,67,67,67,67,50,45,41,70,53,70,56,56,50,50,40,15,51,41,41,35,33,16,11,11,35,30,35,35,33,33,14,14,10,35,19,19,19,0],"gold":162,"neow_bonus":"THREE_ENEMY_KILL","is_prod":false,"is_daily":false,"chose_seed":false,"campfire_upgraded":1,"win_rate":0.0,"timestamp":1554744190,"path_taken":["M","M","M","?","?","E","$","R","T","M","R","E","M","?","R","BOSS","M","$","M","?","M","E","R","M","T","?","M","E","M","?","R","BOSS","M","M","$","M","$","?","R","E","T","?","E"],"build_version":"2019-01-23","purchased_purges":2,"victory":false,"max_hp_per_floor":[70,70,70,70,70,70,70,70,70,70,70,70,70,70,70,70,70,70,70,70,70,70,70,70,70,70,35,35,35,35,35,35,35,35,35,35,35,35,35,35,35,35,35,35,35],"card_choices":[{"not_picked":["Acrobatics","Prepared"],"picked":"Dagger Spray","floor":1},{"not_picked":["PiercingWail","Acrobatics"],"picked":"Deadly Poison","floor":2},{"not_picked":["Well Laid Plans","Night Terror"],"picked":"Flechettes","floor":3},{"not_picked":["Choke","Leg Sweep"],"picked":"Crippling Poison","floor":4},{"not_picked":["Malaise","Footwork"],"picked":"Envenom","floor":6},{"not_picked":["Dagger Throw","Deflect"],"picked":"Flying Knee","floor":10},{"not_picked":["Quick Slash","Calculated Gamble"],"picked":"Infinite Blades","floor":12},{"not_picked":["Dagger Spray","Acrobatics"],"picked":"All Out Attack","floor":13},{"not_picked":["Flying Knee","Acrobatics"],"picked":"Choke","floor":14},{"not_picked":["Unload","Envenom"],"picked":"Burst","floor":16},{"not_picked":["PiercingWail","Sucker Punch+1"],"picked":"Backflip","floor":18},{"not_picked":["Flying Knee","Backflip"],"picked":"Poisoned Stab+1","floor":20},{"not_picked":["Caltrops+1","Dagger Spray"],"picked":"Blade Dance","floor":22},{"not_picked":["Tools of the Trade","Infinite Blades+1"],"picked":"Bouncing Flask","floor":23},{"not_picked":["Blade Dance","Dagger Throw+1","Caltrops"],"picked":"SKIP","floor":25},{"not_picked":["Expertise+1","Flying Knee+1"],"picked":"Poisoned Stab+1","floor":28},{"not_picked":["Outmaneuver","Distraction"],"picked":"Dagger Throw+1","floor":29},{"not_picked":["Blade Dance","Dagger Throw+1"],"picked":"Slice+1","floor":30},{"not_picked":["Night Terror","Venomology"],"picked":"Adrenaline","floor":33},{"not_picked":["Underhanded Strike+1","Flying Knee+1"],"picked":"Prepared+1","floor":35},{"not_picked":["Distraction+1","All Out Attack+1"],"picked":"Flying Knee+1","floor":36},{"not_picked":["Escape Plan","Masterful Stab+1"],"picked":"Blur+1","floor":38},{"not_picked":["Dagger Spray+1","Blade Dance"],"picked":"PiercingWail","floor":40},{"not_picked":["Skewer+1","Caltrops+1"],"picked":"Bouncing Flask","floor":42}],"player_experience":66446,"relics_obtained":[{"floor":6,"key":"Pen Nib"},{"floor":9,"key":"Regal Pillow"},{"floor":12,"key":"Centennial Puzzle"},{"floor":23,"key":"Molten Egg 2"},{"floor":26,"key":"MawBank"},{"floor":29,"key":"Bag of Marbles"},{"floor":40,"key":"Shovel"},{"floor":42,"key":"Darkstone Periapt"},{"floor":43,"key":"War Paint"}],"event_choices":[{"damage_healed":0,"gold_gain":0,"player_choice":"Got Potions","damage_taken":0,"max_hp_gain":0,"max_hp_loss":0,"event_name":"Lab","floor":5,"gold_loss":0},{"damage_healed":0,"gold_gain":0,"player_choice":"Ignored","damage_taken":0,"max_hp_gain":0,"max_hp_loss":0,"event_name":"Vampires","floor":21,"gold_loss":0},{"damage_healed":0,"gold_gain":0,"player_choice":"Became a Ghost","damage_taken":0,"max_hp_gain":0,"max_hp_loss":35,"event_name":"Ghosts","floor":27,"gold_loss":0,"cards_obtained":["Ghostly","Ghostly","Ghostly","Ghostly","Ghostly"]},{"damage_healed":0,"gold_gain":0,"player_choice":"Fight","damage_taken":0,"max_hp_gain":0,"max_hp_loss":0,"event_name":"MindBloom","floor":40,"gold_loss":0},{"damage_healed":0,"gold_gain":0,"player_choice":"Forge","damage_taken":0,"max_hp_gain":0,"max_hp_loss":0,"event_name":"Accursed Blacksmith","floor":44,"gold_loss":0,"cards_upgraded":["Ghostly"]}],"is_beta":false,"boss_relics":[{"not_picked":["Ectoplasm","Snecko Eye"],"picked":"Philosopher\u0027s Stone"},{"not_picked":["HoveringKite","Eternal Feather"],"picked":"Astrolabe"}],"items_purged_floors":[19,37],"is_endless":false,"potions_floor_spawned":[2,4,10,12,13,14,16,18,22,25,28,35,38,42],"killed_by":"Giant Head","ascension_level":0}