{"gold_per_floor":[117,133,133,71,86,119,119,137,137,213,259,275,275,275,275,372,372,360,372,372,372,390,422,422,422,422,422,437,454,466,147,147,243,243,254,7,23,23,43,68,68,81,108,108,119,119,139,155,155,155],"floor_reached":51,"playtime":5052,"items_purged":["Decay"],"score":776,"play_id":"df33b775-1d70-4ab5-af9b-b046ee06dc8a","local_time":"20190412181823","is_ascension_mode":false,"campfire_choices":[{"floor":7,"key":"REST"},{"floor":13,"key":"REST"},{"data":"Storm of Steel","floor":15,"key":"SMITH"},{"floor":24,"key":"REST"},{"data":"Choke","floor":27,"key":"SMITH"},{"data":"Infinite Blades","floor":32,"key":"SMITH"},{"data":"Cloak And Dagger","floor":41,"key":"SMITH"},{"floor":44,"key":"REST"},{"floor":49,"key":"REST"}],"neow_cost":"NONE","seed_source_timestamp":119915193329531,"circlet_count":0,"master_deck":["Defend_G+1","Defend_G+1","Defend_G+1","Defend_G+1","Defend_G+1","Strike_G+1","Strike_G+1","Strike_G+1","Strike_G+1","Strike_G+1","Survivor","Neutralize","Choke+1","Deflect","Tools of the Trade","Distraction","Storm of Steel+1","After Image","PiercingWail","Injury","Outmaneuver","Infinite Blades+1","Envenom","Finisher+1","Decay"],"relics":["Ring of the Snake","NeowsBlessing","MawBank","Matryoshka","Ninja Scroll","Bronze Scales","Mummified Hand","Lantern","Cursed Key","PreservedInsect","Dead Branch","Boot","Toxic Egg 2","Lizard Tail","Kunai","Ancient Tea Set","Anchor"],"potions_floor_usage":[6,16,33,33,48,50,50],"damage_taken":[{"damage":0,"enemies":"Small Slimes","floor":1,"turns":1},{"damage":1,"enemies":"2 Louse","floor":2,"turns":2},{"damage":0,"enemies":"Jaw Worm","floor":5,"turns":1},{"damage":27,"enemies":"Gremlin Nob","floor":6,"turns":5},{"damage":15,"enemies":"Lots of Slimes","floor":8,"turns":7},{"damage":0,"enemies":"Blue Slaver","floor":12,"turns":3},{"damage":59,"enemies":"Slime Boss","floor":16,"turns":11},{"damage":12,"enemies":"2 Thieves","floor":18,"turns":4},{"damage":9,"enemies":"3 Byrds","floor":19,"turns":3},{"damage":4,"enemies":"Centurion and Healer","floor":22,"turns":6},{"damage":0,"enemies":"Book of Stabbing","floor":23,"turns":5},{"damage":0,"enemies":"Shelled Parasite and Fungi","floor":28,"turns":1},{"damage":0,"enemies":"Cultist and Chosen","floor":29,"turns":3},{"damage":0,"enemies":"Snake Plant","floor":30,"turns":3},{"damage":20,"enemies":"Collector","floor":33,"turns":6},{"damage":3,"enemies":"3 Shapes","floor":35,"turns":3},{"damage":0,"enemies":"Orb Walker","floor":37,"turns":2},{"damage":8,"enemies":"Transient","floor":39,"turns":5},{"damage":3,"enemies":"Nemesis","floor":40,"turns":3},{"damage":11,"enemies":"Spire Growth","floor":42,"turns":3},{"damage":8,"enemies":"4 Shapes","floor":45,"turns":3},{"damage":7,"enemies":"Sphere and 2 Shapes","floor":47,"turns":5},{"damage":7,"enemies":"3 Darklings","floor":48,"turns":7},{"damage":32,"enemies":"Awakened One","floor":50,"turns":15}],"seed_played":"4022394230014051142","potions_obtained":[{"floor":1,"key":"SpeedPotion"},{"floor":2,"key":"Block Potion"},{"floor":8,"key":"Fire Potion"},{"floor":22,"key":"AttackPotion"},{"floor":23,"key":"PowerPotion"},{"floor":33,"key":"SkillPotion"},{"floor":37,"key":"Swift Potion"},{"floor":48,"key":"LiquidBronze"}],"is_trial":false,"path_per_floor":["M","M","?","$","M","E","R","M","T","?","T","M","R","?","R","B",null,"M","M","?","?","M","E","R","?","T","R","M","M","M","$","R","B",null,"M","$","M","?","M","E","R","M","T","R","M","?","M","M","R","B",null],"character_chosen":"THE_SILENT","items_purchased":["Tools of the Trade","Toxic Egg 2","Kunai"],"campfire_rested":5,"item_purchase_floors":[4,31,36],"current_hp_per_floor":[70,69,51,51,51,24,45,30,30,30,30,30,51,70,70,11,70,58,49,49,49,45,45,66,66,66,66,66,66,66,66,66,46,70,67,67,67,67,59,56,56,45,45,66,58,58,51,44,65,33],"gold":155,"neow_bonus":"THREE_ENEMY_KILL","is_prod":false,"is_daily":false,"chose_seed":false,"campfire_upgraded":4,"win_rate":0,"timestamp":1555107503,"path_taken":["M","M","?","$","M","E","R","M","T","?","?","?","R","?","R","BOSS","M","M","?","?","M","E","R","?","T","R","M","M","M","$","R","BOSS","M","$","M","?","?","E","R","M","T","R","M","?","M","M","R","BOSS"],"build_version":"2019-01-23","purchased_purges":1,"victory":true,"max_hp_per_floor":[70,70,70,70,70,70,70,70,70,70,70,70,70,70,70,70,70,70,70,70,70,70,70,70,70,70,70,70,70,70,70,70,70,70,70,70,70,70,70,70,70,70,70,70,70,70,70,70,70,70],"card_choices":[{"not_picked":["Cloak And Dagger","PiercingWail"],"picked":"Choke","floor":1},{"not_picked":["Heel Hook","Flying Knee"],"picked":"Deflect","floor":2},{"not_picked":["Dagger Spray","Deadly Poison"],"picked":"Distraction","floor":5},{"not_picked":["Sucker Punch","Dagger Spray","Flying Knee"],"picked":"SKIP","floor":6},{"not_picked":["Dagger Throw","Noxious Fumes"],"picked":"Storm of Steel","floor":8},{"not_picked":["All Out Attack","Bouncing Flask","Dagger Throw"],"picked":"SKIP","floor":12},{"not_picked":["Corpse Explosion","Venomology"],"picked":"After Image","floor":16},{"not_picked":["Sucker Punch","Riddle With Holes"],"picked":"Cloak And Dagger","floor":18},{"not_picked":["Sucker Punch","Bane","Flechettes+1"],"picked":"SKIP","floor":19},{"not_picked":["Backflip","Deadly Poison"],"picked":"PiercingWail","floor":22},{"not_picked":["Blur","Escape Plan","Sucker Punch"],"picked":"SKIP","floor":23},{"not_picked":["Bouncing Flask+1","Footwork","Endless Agony"],"picked":"SKIP","floor":28},{"not_picked":["Flying Knee+1","Poisoned Stab"],"picked":"Outmaneuver","floor":29},{"not_picked":["Underhanded Strike","Flying Knee"],"picked":"Infinite Blades","floor":30},{"not_picked":["Doppelganger+1","Tools of the Trade"],"picked":"Envenom","floor":33},{"not_picked":["Cloak And Dagger+1","Quick Slash+1","Flying Knee"],"picked":"SKIP","floor":35},{"not_picked":["Slice","Eviscerate+1"],"picked":"Finisher","floor":37},{"not_picked":["Distraction+1","Cloak And Dagger+1","Deflect+1"],"picked":"SKIP","floor":39},{"not_picked":["Sucker Punch","Cloak And Dagger+1","Deadly Poison+1"],"picked":"SKIP","floor":40},{"not_picked":["Poisoned Stab+1","Bane+1","Flying Knee"],"picked":"SKIP","floor":42},{"not_picked":["Tools of the Trade","Tactician+1","Poisoned Stab+1"],"picked":"SKIP","floor":45},{"not_picked":["Deadly Poison+1","Bouncing Flask+1","Dash+1"],"picked":"SKIP","floor":47},{"not_picked":["Reflex+1","Footwork+1","Poisoned Stab"],"picked":"SKIP","floor":48}],"player_experience":130935,"relics_obtained":[{"floor":6,"key":"Matryoshka"},{"floor":9,"key":"Ninja Scroll"},{"floor":9,"key":"Bronze Scales"},{"floor":11,"key":"Mummified Hand"},{"floor":11,"key":"Lantern"},{"floor":23,"key":"Dead Branch"},{"floor":26,"key":"Boot"},{"floor":40,"key":"Ancient Tea Set"},{"floor":43,"key":"Anchor"}],"event_choices":[{"damage_healed":0,"gold_gain":0,"player_choice":"Success","damage_taken":18,"relics_obtained":["MawBank"],"max_hp_gain":0,"max_hp_loss":0,"event_name":"Scrap Ooze","floor":3,"gold_loss":0},{"damage_healed":0,"gold_gain":76,"player_choice":"Gained Gold","damage_taken":0,"max_hp_gain":0,"max_hp_loss":0,"event_name":"Golden Wing","floor":10,"gold_loss":0},{"damage_healed":23,"gold_gain":0,"player_choice":"Banana","damage_taken":0,"max_hp_gain":0,"max_hp_loss":0,"event_name":"Big Fish","floor":14,"gold_loss":0},{"damage_healed":0,"gold_gain":0,"player_choice":"Opened","damage_taken":0,"relics_obtained":["PreservedInsect"],"max_hp_gain":0,"max_hp_loss":0,"event_name":"The Mausoleum","floor":20,"gold_loss":0},{"damage_healed":0,"gold_gain":0,"player_choice":"Smashed Altar","damage_taken":0,"max_hp_gain":0,"max_hp_loss":0,"event_name":"Forgotten Altar","floor":21,"gold_loss":0,"cards_obtained":["Decay"]},{"damage_healed":0,"gold_gain":0,"player_choice":"Simplicity","damage_taken":0,"max_hp_gain":0,"max_hp_loss":0,"event_name":"Back to Basics","floor":25,"gold_loss":0,"cards_upgraded":["Defend_G","Defend_G","Defend_G","Defend_G","Defend_G","Strike_G","Strike_G","Strike_G","Strike_G","Strike_G"]},{"damage_healed":0,"gold_gain":0,"player_choice":"Upgraded","damage_taken":0,"max_hp_gain":0,"max_hp_loss":0,"event_name":"Upgrade Shrine","floor":38,"gold_loss":0,"cards_upgraded":["Finisher"]},{"cards_removed":["Cloak And Dagger"],"damage_healed":0,"gold_gain":0,"player_choice":"Removed Skill","damage_taken":0,"max_hp_gain":0,"max_hp_loss":0,"event_name":"Falling","floor":46,"gold_loss":0}],"is_beta":false,"boss_relics":[{"not_picked":["HoveringKite","Eternal Feather"],"picked":"Cursed Key"},{"not_picked":["Velvet Choker","Snecko Eye"],"picked":"Lizard Tail"}],"items_purged_floors":[31],"is_endless":false,"potions_floor_spawned":[1,2,8,22,23,28,33,37,42,45,48],"ascension_level":0}