{"gold_per_floor":[117,117,117,131,148,148,176,176,201,46,64,77,77,91,91,190,190,210,309,234,234,149,149,149],"floor_reached":24,"playtime":1079,"items_purged":["Strike_B"],"score":310,"play_id":"ac0a45dd-b26d-4ae1-a8bd-56e79d37423b","local_time":"20190318022539","is_ascension_mode":true,"campfire_choices":[{"data":"Defragment","floor":6,"key":"SMITH"},{"data":"Sunder","floor":8,"key":"SMITH"},{"floor":13,"key":"REST"},{"floor":15,"key":"REST"},{"floor":23,"key":"REST"}],"neow_cost":"NONE","seed_source_timestamp":1168794143231927,"circlet_count":0,"master_deck":["AscendersBane","Strike_B","Defend_B","Defend_B","Defend_B","Defend_B","Zap","Dualcast","Defragment+1","Sunder+1","Defragment","Core Surge","Self Repair","Chill"],"relics":["Cracked Core","Pen Nib","DataDisk","Philosopher\u0027s Stone","Enchiridion","Dream Catcher"],"potions_floor_usage":[7,16],"damage_taken":[{"damage":1,"enemies":"Cultist","floor":1,"turns":3},{"damage":2,"enemies":"2 Louse","floor":4,"turns":3},{"damage":3,"enemies":"Small Slimes","floor":5,"turns":3},{"damage":40,"enemies":"3 Sentries","floor":7,"turns":8},{"damage":7,"enemies":"Looter","floor":11,"turns":3},{"damage":0,"enemies":"2 Fungi Beasts","floor":12,"turns":2},{"damage":6,"enemies":"Blue Slaver","floor":14,"turns":4},{"damage":27,"enemies":"The Guardian","floor":16,"turns":10},{"damage":49,"enemies":"3 Byrds","floor":18,"turns":4},{"damage":33,"enemies":"Book of Stabbing","floor":24,"turns":3}],"seed_played":"8733310713821943767","potions_obtained":[{"floor":4,"key":"Strength Potion"},{"floor":5,"key":"Poison Potion"},{"floor":7,"key":"Ancient Potion"},{"floor":12,"key":"Fire Potion"}],"is_trial":false,"path_per_floor":["M","?","?","M","M","R","E","R","T","$","M","M","R","M","R","B",null,"M","?","?","?","?","R","E"],"character_chosen":"DEFECT","items_purchased":["Defragment"],"campfire_rested":3,"item_purchase_floors":[10],"current_hp_per_floor":[74,74,74,72,69,69,29,29,29,29,22,22,46,40,64,37,71,22,22,22,6,6,30,0],"gold":149,"neow_bonus":"TEN_PERCENT_HP_BONUS","is_prod":false,"is_daily":false,"chose_seed":false,"campfire_upgraded":2,"win_rate":0,"timestamp":1552890339,"path_taken":["M","?","?","?","M","R","E","R","T","$","?","M","R","M","R","BOSS","M","?","?","?","?","R","E"],"build_version":"2019-01-23","purchased_purges":1,"victory":false,"max_hp_per_floor":[82,82,82,82,82,82,82,82,82,82,82,82,82,82,82,82,82,82,82,82,82,82,82,82],"card_choices":[{"not_picked":["Turbo","Hello World","Streamline"],"picked":"SKIP","floor":1},{"not_picked":["Tempest","Storm"],"picked":"Defragment","floor":4},{"not_picked":["Scrape","Sweeping Beam","Beam Cell"],"picked":"SKIP","floor":5},{"not_picked":["Stack","Ball Lightning"],"picked":"Sunder","floor":7},{"not_picked":["Blizzard","Sweeping Beam","Tempest"],"picked":"SKIP","floor":11},{"not_picked":["Darkness","Aggregate","Barrage"],"picked":"SKIP","floor":12},{"not_picked":["Scrape","Hologram","Lockon"],"picked":"SKIP","floor":14},{"not_picked":["Amplify","All For One"],"picked":"Core Surge","floor":16},{"not_picked":["Steam","Redo"],"picked":"Self Repair","floor":18},{"not_picked":["Fusion","Steam"],"picked":"Chill","floor":23}],"player_experience":808697,"relics_obtained":[{"floor":7,"key":"Pen Nib"},{"floor":9,"key":"DataDisk"},{"floor":21,"key":"Enchiridion"}],"event_choices":[{"damage_healed":0,"gold_gain":0,"player_choice":"Ignored","damage_taken":0,"max_hp_gain":0,"max_hp_loss":0,"event_name":"Liars Game","floor":2,"gold_loss":0},{"cards_removed":["Strike_B"],"damage_healed":0,"gold_gain":0,"player_choice":"Purged","damage_taken":0,"max_hp_gain":0,"max_hp_loss":0,"event_name":"Purifier","floor":3,"gold_loss":0},{"damage_healed":0,"gold_gain":99,"player_choice":"Stole From Cult","damage_taken":0,"max_hp_gain":0,"max_hp_loss":0,"event_name":"Nest","floor":19,"gold_loss":0},{"cards_removed":["Strike_B"],"damage_healed":0,"gold_gain":0,"player_choice":"Gave Gold","damage_taken":0,"max_hp_gain":0,"max_hp_loss":0,"event_name":"Beggar","floor":20,"gold_loss":75},{"damage_healed":0,"gold_gain":0,"player_choice":"Obtained Book","damage_taken":16,"max_hp_gain":0,"max_hp_loss":0,"event_name":"Cursed Tome","floor":21,"gold_loss":0},{"damage_healed":0,"gold_gain":0,"player_choice":"Obtained Relic","damage_taken":0,"relics_obtained":["Dream Catcher"],"max_hp_gain":0,"max_hp_loss":0,"event_name":"Addict","floor":22,"gold_loss":85}],"is_beta":false,"boss_relics":[{"not_picked":["Empty Cage","White Beast Statue"],"picked":"Philosopher\u0027s Stone"}],"items_purged_floors":[10],"is_endless":false,"potions_floor_spawned":[4,5,7,12],"killed_by":"Book of Stabbing","ascension_level":12}