{"gold_per_floor":[117,129,129,79,79,108,108,141,141,187,199,239,251,280,292,402,414,414,414,171,171,171,171,171,171,171,171,171,171,171,171,171,171,171,171,171,0,0,0,0,0,0,0,0,0,0,0,0,0,0],"floor_reached":51,"playtime":12651,"items_purged":[],"score":1448,"play_id":"78ed8081-102e-492b-9d4a-54db656c1190","local_time":"20181227191559","daily_mods":["Hoarder","Shiny","Heirloom","Elite Swarm"],"is_ascension_mode":false,"campfire_choices":[{"floor":7,"key":"REST"},{"floor":11,"key":"REST"},{"data":"Wraith Form v2","floor":15,"key":"SMITH"},{"data":"1","floor":32,"key":"LIFT"},{"data":"2","floor":40,"key":"LIFT"},{"data":"3","floor":49,"key":"LIFT"}],"neow_cost":"","seed_source_timestamp":716848375172360,"circlet_count":0,"master_deck":["Demon Form","Wraith Form v2+1","Echo Form","Double Tap","Demon Form+1","Bludgeon","Feed","Limit Break","Barricade","Fiend Fire","Dark Embrace","Impervious","Juggernaut","Brutality","Reaper+1","Exhume","Offering","Immolate","Demon Form","Demon Form","Demon Form","Bludgeon","Bludgeon","Bludgeon","Bludgeon","Bludgeon","Flame Barrier","Flame Barrier","Flame Barrier","Demon Form","Demon Form","Demon Form","Limit Break+1","Limit Break+1","Limit Break+1","Shockwave+1","Shockwave+1","Shockwave+1","Limit Break+1","Limit Break+1","Limit Break+1","Impervious+1","Impervious+1","Impervious+1","Reaper","Reaper","Reaper","Limit Break+1","Limit Break+1","Limit Break+1"],"relics":["Snecko Eye","Turnip","Matryoshka","PreservedInsect","Strawberry","MawBank","Art of War","Omamori","FossilizedHelix","Ectoplasm","Bottled Flame","Toxic Egg 2","Bronze Scales","Orichalcum","Red Skull","Unceasing Top","MutagenicStrength","Girya","Sozu","Red Mask","Bag of Marbles","Lantern","Bottled Tornado","Happy Flower","Oddly Smooth Stone","Shuriken"],"potions_floor_usage":[8,22,29,33,33,33],"damage_taken":[{"damage":0,"enemies":"2 Louse","floor":1,"turns":1},{"damage":11,"enemies":"Jaw Worm","floor":2,"turns":2},{"damage":6,"enemies":"Lagavulin","floor":6,"turns":3},{"damage":9,"enemies":"3 Sentries","floor":8,"turns":3},{"damage":0,"enemies":"Lagavulin","floor":10,"turns":3},{"damage":0,"enemies":"Gremlin Nob","floor":12,"turns":2},{"damage":0,"enemies":"Cultist","floor":14,"turns":2},{"damage":0,"enemies":"The Guardian","floor":16,"turns":6},{"damage":0,"enemies":"Spheric Guardian","floor":18,"turns":3},{"damage":0,"enemies":"Chosen","floor":19,"turns":2},{"damage":0,"enemies":"Centurion and Healer","floor":21,"turns":2},{"damage":3,"enemies":"Cultist and Chosen","floor":22,"turns":4},{"damage":0,"enemies":"Book of Stabbing","floor":23,"turns":2},{"damage":0,"enemies":"Snecko","floor":24,"turns":3},{"damage":0,"enemies":"Gremlin Leader","floor":25,"turns":2},{"damage":0,"enemies":"Book of Stabbing","floor":27,"turns":3},{"damage":14,"enemies":"Snake Plant","floor":29,"turns":2},{"damage":0,"enemies":"Chosen and Byrds","floor":30,"turns":4},{"damage":0,"enemies":"Slavers","floor":31,"turns":1},{"damage":0,"enemies":"Automaton","floor":33,"turns":4},{"damage":0,"enemies":"3 Darklings","floor":35,"turns":3},{"damage":0,"enemies":"3 Shapes","floor":36,"turns":1},{"damage":0,"enemies":"Sphere and 2 Shapes","floor":39,"turns":3},{"damage":0,"enemies":"Nemesis","floor":41,"turns":3},{"damage":0,"enemies":"Giant Head","floor":44,"turns":3},{"damage":0,"enemies":"Maw","floor":45,"turns":3},{"damage":0,"enemies":"Nemesis","floor":46,"turns":3},{"damage":0,"enemies":"Giant Head","floor":48,"turns":5},{"damage":29,"enemies":"Time Eater","floor":50,"turns":6}],"seed_played":"-3057609272722998586","potions_obtained":[{"floor":1,"key":"LiquidBronze"},{"floor":2,"key":"Fire Potion"},{"floor":12,"key":"Fire Potion"},{"floor":13,"key":"GamblersBrew"},{"floor":13,"key":"Weak Potion"},{"floor":13,"key":"Ancient Potion"},{"floor":21,"key":"Dexterity Potion"},{"floor":24,"key":"Dexterity Potion"},{"floor":31,"key":"SkillPotion"}],"is_trial":true,"path_per_floor":["M","M","?","?","T","E","R","E","T","E","R","E","?","M","R","B",null,"M","M","$","M","M","E","M","E","T","E","?","M","M","E","R","B",null,"M","M","?","?","M","R","E","$","T","E","M","E","$","E","R","B",null],"character_chosen":"IRONCLAD","items_purchased":["Bottled Flame"],"campfire_rested":2,"item_purchase_floors":[20],"current_hp_per_floor":[80,72,55,55,55,49,73,76,76,76,90,90,90,90,90,90,90,90,90,90,90,90,90,90,90,90,90,90,76,90,90,90,90,90,90,90,90,90,90,90,90,90,90,90,90,90,90,90,90,90],"gold":0,"neow_bonus":"","is_prod":false,"is_daily":false,"chose_seed":false,"campfire_upgraded":1,"win_rate":0,"timestamp":1545956159,"path_taken":["M","M","?","?","?","E","R","E","T","E","R","E","?","M","R","BOSS","M","?","$","M","M","E","M","E","T","E","?","M","M","E","R","BOSS","M","M","?","?","M","R","E","$","T","E","?","E","?","E","R","BOSS"],"build_version":"2018-12-20","purchased_purges":0,"victory":true,"max_hp_per_floor":[80,83,83,83,83,83,83,90,90,90,90,90,90,90,90,90,90,90,90,90,90,90,90,90,90,90,90,90,90,90,90,90,90,90,90,90,90,90,90,90,90,90,90,90,90,90,90,90,90,90],"card_choices":[{"not_picked":["Sever Soul","Heavy Blade","True Grit"],"picked":"SKIP","floor":1},{"not_picked":["Iron Wave","Spot Weakness","Perfected Strike"],"picked":"SKIP","floor":2},{"not_picked":["Juggernaut","Reaper"],"picked":"Demon Form","floor":6},{"not_picked":["Barricade","Exhume"],"picked":"Bludgeon","floor":8},{"not_picked":["Immolate","Barricade"],"picked":"Bludgeon","floor":10},{"not_picked":["Immolate","Juggernaut","Exhume"],"picked":"SKIP","floor":12},{"not_picked":["Dual Wield","Shrug It Off"],"picked":"Flame Barrier","floor":14},{"not_picked":["Immolate","Dark Embrace"],"picked":"Demon Form","floor":16},{"not_picked":["Bloodletting+1","Shrug It Off","Thunderclap"],"picked":"SKIP","floor":18},{"not_picked":["Body Slam","Inflame","Sword Boomerang"],"picked":"SKIP","floor":19},{"not_picked":["Perfected Strike","Dual Wield","Immolate"],"picked":"SKIP","floor":21},{"not_picked":["Anger","True Grit","Sentinel"],"picked":"SKIP","floor":22},{"not_picked":["Juggernaut","Double Tap","Offering"],"picked":"SKIP","floor":23},{"not_picked":["Pommel Strike","Combust+1","Heavy Blade"],"picked":"SKIP","floor":24},{"not_picked":["Double Tap+1","Dark Embrace"],"picked":"Limit Break+1","floor":25},{"not_picked":["Brutality","Offering+1","Barricade"],"picked":"SKIP","floor":27},{"not_picked":["Pommel Strike","Iron Wave+1","Rupture"],"picked":"SKIP","floor":29},{"not_picked":["Rupture","Iron Wave","Armaments+1"],"picked":"SKIP","floor":30},{"not_picked":["Brutality","Immolate","Barricade"],"picked":"SKIP","floor":31},{"not_picked":["Rupture","Twin Strike","Flex+1"],"picked":"SKIP","floor":35},{"not_picked":["Intimidate+1","Rupture"],"picked":"Shockwave+1","floor":36},{"not_picked":["Perfected Strike","Bloodletting+1","Headbutt"],"picked":"SKIP","floor":39},{"not_picked":["Reaper","Exhume+1"],"picked":"Limit Break+1","floor":41},{"not_picked":["Reaper","Berserk"],"picked":"Impervious+1","floor":44},{"not_picked":["Armaments+1","Cleave","Entrench+1"],"picked":"SKIP","floor":45},{"not_picked":["Barricade","Berserk"],"picked":"Reaper","floor":46},{"not_picked":["Immolate","Fiend Fire"],"picked":"Limit Break+1","floor":48}],"player_experience":593367,"relics_obtained":[{"floor":5,"key":"Matryoshka"},{"floor":6,"key":"PreservedInsect"},{"floor":8,"key":"Strawberry"},{"floor":9,"key":"MawBank"},{"floor":9,"key":"Art of War"},{"floor":10,"key":"Omamori"},{"floor":12,"key":"FossilizedHelix"},{"floor":23,"key":"Toxic Egg 2"},{"floor":25,"key":"Bronze Scales"},{"floor":26,"key":"Orichalcum"},{"floor":26,"key":"Red Skull"},{"floor":27,"key":"Unceasing Top"},{"floor":31,"key":"Girya"},{"floor":41,"key":"Lantern"},{"floor":43,"key":"Bottled Tornado"},{"floor":44,"key":"Happy Flower"},{"floor":46,"key":"Oddly Smooth Stone"},{"floor":48,"key":"Shuriken"}],"event_choices":[{"damage_healed":0,"gold_gain":0,"player_choice":"Entered Light","damage_taken":17,"max_hp_gain":0,"max_hp_loss":0,"event_name":"Shining Light","floor":3,"gold_loss":0,"cards_upgraded":["Reaper","Demon Form"]},{"cards_removed":["Berserk"],"damage_healed":0,"gold_gain":0,"player_choice":"Card Removal","damage_taken":0,"max_hp_gain":0,"max_hp_loss":0,"event_name":"The Cleric","floor":4,"gold_loss":50},{"damage_healed":0,"gold_gain":0,"player_choice":"Got Potions","damage_taken":0,"max_hp_gain":0,"max_hp_loss":0,"event_name":"Lab","floor":13,"gold_loss":0},{"damage_healed":0,"gold_gain":0,"player_choice":"Inject Mutagens","damage_taken":0,"relics_obtained":["MutagenicStrength"],"max_hp_gain":0,"max_hp_loss":0,"event_name":"Drug Dealer","floor":28,"gold_loss":0},{"damage_healed":0,"gold_gain":0,"player_choice":"Paid","damage_taken":0,"relics_obtained":["Red Mask"],"max_hp_gain":0,"max_hp_loss":0,"event_name":"Tomb of Lord Red Mask","floor":37,"gold_loss":171},{"cards_removed":["Bludgeon"],"damage_healed":0,"gold_gain":0,"player_choice":"Gave Card","damage_taken":0,"relics_obtained":["Bag of Marbles"],"max_hp_gain":0,"max_hp_loss":0,"event_name":"WeMeetAgain","floor":38,"gold_loss":0}],"is_beta":false,"boss_relics":[{"not_picked":["Empty Cage","Astrolabe"],"picked":"Ectoplasm"},{"not_picked":["Tiny House","White Beast Statue"],"picked":"Sozu"}],"items_purged_floors":[],"is_endless":false,"potions_floor_spawned":[1,2,12,18,21,24,25,31,41,44,45],"ascension_level":0}