{"gold_per_floor":[110,127,77,252,266,301,301,318,318,318,318,382,382],"floor_reached":13,"playtime":8119,"items_purged":[],"score":83,"play_id":"969d8885-8ffd-4d51-af20-72557ca023ac","local_time":"20190224220125","is_ascension_mode":false,"campfire_choices":[{"floor":7,"key":"REST"},{"floor":10,"key":"REST"}],"neow_cost":"NONE","seed_source_timestamp":713608234849342,"circlet_count":0,"master_deck":["Strike_R","Strike_R","Strike_R","Defend_R","Defend_R","Defend_R","Defend_R","Bash","Disarm","Flex","Doubt","Thunderclap","Anger","Body Slam","Shockwave+1"],"relics":["Burning Blood","Oddly Smooth Stone","Bottled Flame","Darkstone Periapt","Toxic Egg 2"],"potions_floor_usage":[6,12,12],"damage_taken":[{"damage":15,"enemies":"Small Slimes","floor":1,"turns":4},{"damage":8,"enemies":"2 Louse","floor":2,"turns":4},{"damage":9,"enemies":"Jaw Worm","floor":5,"turns":7},{"damage":72,"enemies":"Lagavulin","floor":6,"turns":11},{"damage":6,"enemies":"2 Fungi Beasts","floor":8,"turns":4},{"damage":27,"enemies":"3 Sentries","floor":12,"turns":8},{"damage":36,"enemies":"3 Sentries","floor":13,"turns":6}],"seed_played":"-2906778550744258205","potions_obtained":[{"floor":1,"key":"LiquidBronze"},{"floor":5,"key":"BloodPotion"},{"floor":6,"key":"Explosive Potion"}],"is_trial":false,"path_per_floor":["M","M","?","?","M","E","R","M","T","R","T","?","E"],"character_chosen":"IRONCLAD","items_purchased":[],"campfire_rested":2,"item_purchase_floors":[],"current_hp_per_floor":[71,69,69,69,66,8,32,32,32,56,56,35,0],"gold":382,"neow_bonus":"REMOVE_CARD","is_prod":false,"is_daily":false,"chose_seed":false,"campfire_upgraded":0,"win_rate":0.0,"timestamp":1551042085,"path_taken":["M","M","?","?","M","E","R","M","T","R","?","?","E"],"build_version":"2019-01-23","purchased_purges":0,"victory":false,"max_hp_per_floor":[80,80,80,80,80,80,80,80,80,80,80,80,80],"card_choices":[{"not_picked":["Clash","Reckless Charge"],"picked":"Disarm","floor":1},{"not_picked":["Second Wind","Perfected Strike"],"picked":"Flex","floor":2},{"not_picked":["Pommel Strike","Hemokinesis"],"picked":"Thunderclap","floor":5},{"not_picked":["Brutality","Bloodletting"],"picked":"Anger","floor":6},{"not_picked":["Flex","Iron Wave"],"picked":"Body Slam","floor":8},{"not_picked":["Dark Embrace","Warcry"],"picked":"Shockwave","floor":12}],"player_experience":4460,"relics_obtained":[{"floor":6,"key":"Oddly Smooth Stone"},{"floor":9,"key":"Bottled Flame"},{"floor":11,"key":"Darkstone Periapt"},{"floor":12,"key":"Toxic Egg 2"}],"event_choices":[{"cards_removed":["Strike_R"],"damage_healed":0,"gold_gain":0,"player_choice":"Card Removal","damage_taken":0,"max_hp_gain":0,"max_hp_loss":0,"event_name":"The Cleric","floor":3,"gold_loss":50},{"damage_healed":0,"gold_gain":175,"player_choice":"AGREE","damage_taken":0,"max_hp_gain":0,"max_hp_loss":0,"event_name":"Liars Game","floor":4,"gold_loss":0,"cards_obtained":["Doubt"]},{"damage_healed":0,"gold_gain":30,"player_choice":"Searched \u00273\u0027 times","damage_taken":0,"max_hp_gain":0,"max_hp_loss":0,"event_name":"Dead Adventurer","floor":12,"gold_loss":0}],"is_beta":false,"boss_relics":[],"items_purged_floors":[],"is_endless":false,"potions_floor_spawned":[1,5,6],"killed_by":"3 Sentries","ascension_level":0}