{"gold_per_floor":[115,115,115,132,143,171,186,186,235,235,265,278,291,291,291,386,386,404,329,254,272,272,272,288,39,39,39,39,51,63,63,63,168,168,186,204,79,0,100,100,100,100],"floor_reached":42,"playtime":1623,"items_purged":["Strike_R","Strike_R","Searing Blow"],"score":530,"play_id":"8fbe48d8-03e4-49a1-9fda-9c2c2230d00c","local_time":"20190426183519","is_ascension_mode":true,"campfire_choices":[{"floor":8,"key":"REST"},{"data":"Limit Break","floor":10,"key":"SMITH"},{"floor":15,"key":"REST"},{"data":"Barricade","floor":23,"key":"SMITH"},{"floor":27,"key":"REST"},{"floor":32,"key":"REST"},{"floor":41,"key":"REST"}],"neow_cost":"NONE","seed_source_timestamp":948781256499000,"circlet_count":0,"master_deck":["Defend_R","Defend_R","Defend_R","Defend_R","Bash+1","Spot Weakness","Limit Break+1","Heavy Blade","Barricade+1","Sword Boomerang","Body Slam","Armaments+1","Immolate","Headbutt","Twin Strike+1","Battle Trance+1","Immolate","Shrug It Off","Juggernaut+1","Sentinel+1"],"relics":["Burning Blood","NeowsBlessing","Orichalcum","Centennial Puzzle","Dream Catcher","Mark of Pain","Nloth\u0027s Gift","Vajra","Frozen Egg 2","Regal Pillow","Empty Cage","Red Mask","Thread and Needle"],"potions_floor_usage":[13,16,16,16,24,33,33,40,42],"damage_taken":[{"damage":0,"enemies":"Cultist","floor":1,"turns":1},{"damage":0,"enemies":"Small Slimes","floor":4,"turns":1},{"damage":0,"enemies":"Jaw Worm","floor":5,"turns":1},{"damage":40,"enemies":"3 Sentries","floor":6,"turns":7},{"damage":14,"enemies":"Blue Slaver","floor":7,"turns":5},{"damage":20,"enemies":"Gremlin Nob","floor":11,"turns":4},{"damage":20,"enemies":"Exordium Thugs","floor":12,"turns":5},{"damage":10,"enemies":"2 Fungi Beasts","floor":13,"turns":4},{"damage":40,"enemies":"Slime Boss","floor":16,"turns":11},{"damage":7,"enemies":"Chosen","floor":18,"turns":2},{"damage":21,"enemies":"Shell Parasite","floor":21,"turns":5},{"damage":61,"enemies":"Centurion and Healer","floor":24,"turns":8},{"damage":6,"enemies":"Chosen and Byrds","floor":29,"turns":4},{"damage":12,"enemies":"Cultist and Chosen","floor":30,"turns":4},{"damage":30,"enemies":"Automaton","floor":33,"turns":9},{"damage":10,"enemies":"Orb Walker","floor":35,"turns":3},{"damage":31,"enemies":"3 Darklings","floor":36,"turns":3},{"damage":24,"enemies":"Mind Bloom Boss Battle","floor":39,"turns":6},{"damage":0,"enemies":"Reptomancer","floor":40,"turns":1},{"damage":90,"enemies":"Giant Head","floor":42,"turns":7}],"seed_played":"4389586479711115860","potions_obtained":[{"floor":4,"key":"BloodPotion"},{"floor":6,"key":"FearPotion"},{"floor":12,"key":"Weak Potion"},{"floor":13,"key":"Poison Potion"},{"floor":21,"key":"Weak Potion"},{"floor":24,"key":"PowerPotion"},{"floor":29,"key":"Dexterity Potion"},{"floor":33,"key":"Dexterity Potion"},{"floor":36,"key":"Block Potion"},{"floor":39,"key":"SmokeBomb"}],"is_trial":false,"path_per_floor":["M","?","?","M","M","E","M","R","T","R","E","M","M","?","R","B",null,"M","$","?","M","?","R","M","$","T","R","?","M","M","?","R","B",null,"M","M","$","?","?","E","R","E"],"character_chosen":"IRONCLAD","items_purchased":["Vajra"],"campfire_rested":5,"item_purchase_floors":[25],"current_hp_per_floor":[80,80,62,68,74,40,32,56,56,56,42,28,32,32,56,22,80,79,79,79,64,64,64,9,9,9,33,33,33,27,27,66,42,80,76,51,51,51,33,39,78,0],"gold":100,"neow_bonus":"THREE_ENEMY_KILL","is_prod":false,"is_daily":false,"chose_seed":false,"campfire_upgraded":2,"win_rate":0,"timestamp":1556318119,"path_taken":["M","?","?","?","M","E","M","R","T","R","E","M","M","?","R","BOSS","M","$","?","M","?","R","?","$","T","R","?","?","M","?","R","BOSS","M","M","$","?","?","E","R","E"],"build_version":"2019-01-23","purchased_purges":3,"victory":false,"max_hp_per_floor":[80,80,80,80,80,80,80,80,80,80,80,80,80,80,80,80,80,80,80,80,80,80,80,80,80,80,80,80,80,80,80,80,80,80,80,80,80,80,80,80,80,80],"card_choices":[{"not_picked":["True Grit","Warcry"],"picked":"Spot Weakness","floor":1},{"not_picked":["Perfected Strike","Pommel Strike"],"picked":"Searing Blow","floor":4},{"not_picked":["Searing Blow","Body Slam","Perfected Strike"],"picked":"SKIP","floor":5},{"not_picked":["Twin Strike","True Grit"],"picked":"Limit Break","floor":6},{"not_picked":["Flex","Corruption"],"picked":"Heavy Blade","floor":7},{"not_picked":["Headbutt","Dual Wield"],"picked":"Barricade","floor":11},{"not_picked":["Iron Wave","Thunderclap"],"picked":"Sword Boomerang","floor":12},{"not_picked":["Evolve","Second Wind"],"picked":"Body Slam","floor":13},{"not_picked":["Dark Embrace","Reaper"],"picked":"Immolate","floor":16},{"not_picked":["Iron Wave","Whirlwind+1"],"picked":"Headbutt","floor":18},{"not_picked":["Thunderclap","Iron Wave"],"picked":"Twin Strike+1","floor":21},{"not_picked":["Pommel Strike","Havoc+1","Body Slam"],"picked":"SKIP","floor":24},{"not_picked":["Iron Wave+1","Dual Wield"],"picked":"Battle Trance+1","floor":29},{"not_picked":["Clothesline","Feel No Pain+1"],"picked":"Immolate","floor":30},{"not_picked":["Twin Strike","Perfected Strike"],"picked":"Shrug It Off","floor":32},{"not_picked":["Fiend Fire","Bludgeon"],"picked":"Juggernaut+1","floor":33},{"not_picked":["Combust+1","Wild Strike","Havoc"],"picked":"SKIP","floor":35},{"not_picked":["Armaments","Body Slam"],"picked":"Sentinel+1","floor":36}],"player_experience":255847,"relics_obtained":[{"floor":6,"key":"Orichalcum"},{"floor":9,"key":"Centennial Puzzle"},{"floor":11,"key":"Dream Catcher"},{"floor":26,"key":"Frozen Egg 2"},{"floor":39,"key":"Thread and Needle"}],"event_choices":[{"damage_healed":0,"gold_gain":0,"player_choice":"Grow","damage_taken":0,"max_hp_gain":0,"max_hp_loss":0,"event_name":"Living Wall","floor":2,"gold_loss":0,"cards_upgraded":["Bash"]},{"damage_healed":0,"gold_gain":0,"player_choice":"Success","damage_taken":18,"relics_obtained":["Dodecahedron"],"max_hp_gain":0,"max_hp_loss":0,"event_name":"Scrap Ooze","floor":3,"gold_loss":0},{"damage_healed":0,"gold_gain":0,"player_choice":"1 cards matched","damage_taken":0,"max_hp_gain":0,"max_hp_loss":0,"event_name":"Match and Keep!","floor":14,"gold_loss":0,"cards_obtained":["Armaments"]},{"cards_removed":["Strike_R"],"damage_healed":0,"gold_gain":0,"player_choice":"Gave Gold","damage_taken":0,"max_hp_gain":0,"max_hp_loss":0,"event_name":"Beggar","floor":20,"gold_loss":75},{"damage_healed":0,"gold_gain":0,"player_choice":"Traded Relic","damage_taken":0,"relics_obtained":["Nloth\u0027s Gift"],"max_hp_gain":0,"max_hp_loss":0,"event_name":"N\u0027loth","floor":22,"relics_lost":["Dodecahedron"],"gold_loss":0},{"damage_healed":0,"gold_gain":0,"player_choice":"Forge","damage_taken":0,"max_hp_gain":0,"max_hp_loss":0,"event_name":"Accursed Blacksmith","floor":28,"gold_loss":0,"cards_upgraded":["Armaments"]},{"damage_healed":0,"gold_gain":0,"player_choice":"Opened","damage_taken":0,"relics_obtained":["Regal Pillow"],"max_hp_gain":0,"max_hp_loss":0,"event_name":"The Mausoleum","floor":31,"gold_loss":0},{"damage_healed":0,"gold_gain":0,"player_choice":"Paid","damage_taken":0,"relics_obtained":["Red Mask"],"max_hp_gain":0,"max_hp_loss":0,"event_name":"Tomb of Lord Red Mask","floor":38,"gold_loss":79},{"damage_healed":0,"gold_gain":0,"player_choice":"Fight","damage_taken":0,"max_hp_gain":0,"max_hp_loss":0,"event_name":"MindBloom","floor":39,"gold_loss":0}],"is_beta":false,"boss_relics":[{"not_picked":["Black Star","Ectoplasm"],"picked":"Mark of Pain"},{"not_picked":["Orrery","Calling Bell"],"picked":"Empty Cage"}],"items_purged_floors":[19,25,37],"is_endless":false,"potions_floor_spawned":[4,6,12,13,21,24,29,33,36,39,40],"killed_by":"Giant Head","ascension_level":3}