{"gold_per_floor":[116,46,58,74,24,24,54,76,76,76,1,1,21,33,33,33],"floor_reached":16,"playtime":469,"items_purged":["Strike_B"],"score":125,"play_id":"708585cc-bb38-45c4-a0e8-ea48ca821242","local_time":"20190424170400","is_ascension_mode":false,"campfire_choices":[{"data":"Zap","floor":6,"key":"SMITH"},{"data":"Go for the Eyes","floor":12,"key":"SMITH"},{"data":"Genetic Algorithm","floor":15,"key":"SMITH"}],"neow_cost":"NONE","seed_source_timestamp":18734690454208,"circlet_count":0,"master_deck":["Strike_B","Strike_B","Defend_B","Defend_B","Defend_B","Defend_B","Zap+1","Dualcast","Sweeping Beam","Loop","Ball Lightning","Go for the Eyes+1","Seek","Capacitor","Gash","Genetic Algorithm+1"],"relics":["Cracked Core","Pear","Odd Mushroom","Gremlin Horn"],"potions_floor_usage":[8],"damage_taken":[{"damage":1,"enemies":"Jaw Worm","floor":1,"turns":3},{"damage":7,"enemies":"Small Slimes","floor":3,"turns":4},{"damage":1,"enemies":"Cultist","floor":4,"turns":3},{"damage":31,"enemies":"Gremlin Nob","floor":7,"turns":4},{"damage":12,"enemies":"The Mushroom Lair","floor":8,"turns":3},{"damage":1,"enemies":"2 Fungi Beasts","floor":13,"turns":3},{"damage":12,"enemies":"3 Louse","floor":14,"turns":3},{"damage":57,"enemies":"Hexaghost","floor":16,"turns":9}],"seed_played":"-8683851412557430249","potions_obtained":[{"floor":3,"key":"Strength Potion"},{"floor":4,"key":"Strength Potion"},{"floor":13,"key":"Energy Potion"}],"is_trial":false,"path_per_floor":["?","?","?","$","M"],"character_chosen":"DEFECT","items_purchased":["Loop"],"campfire_rested":0,"item_purchase_floors":[2],"current_hp_per_floor":[81,81,74,73,73,73,52,40,40,70,70,70,69,57,57,0],"gold":33,"neow_bonus":"TEN_PERCENT_HP_BONUS","is_prod":false,"is_daily":false,"chose_seed":false,"campfire_upgraded":3,"win_rate":0,"timestamp":1556100240,"path_taken":["M","$","M","M","?","R","E","?","T","?","?","R","M","?","R","BOSS"],"build_version":"2019-01-23","purchased_purges":1,"victory":false,"max_hp_per_floor":[82,82,82,82,82,82,92,92,92,92,92,92,92,92,92,92],"card_choices":[{"not_picked":["Rebound","Capacitor"],"picked":"Sweeping Beam","floor":1},{"not_picked":["Double Energy","Hologram"],"picked":"Ball Lightning","floor":3},{"not_picked":["Sweeping Beam","Loop"],"picked":"Go for the Eyes","floor":4},{"not_picked":["Streamline","Hologram"],"picked":"Seek","floor":7},{"not_picked":["Cold Snap","Tempest"],"picked":"Capacitor","floor":8},{"not_picked":["Steam","Go for the Eyes"],"picked":"Gash","floor":13},{"not_picked":["BootSequence","Gash"],"picked":"Genetic Algorithm","floor":14}],"player_experience":31967,"relics_obtained":[{"floor":7,"key":"Pear"},{"floor":8,"key":"Odd Mushroom"},{"floor":9,"key":"Gremlin Horn"}],"event_choices":[{"cards_removed":["Strike_B"],"damage_healed":0,"gold_gain":0,"player_choice":"Card Removal","damage_taken":0,"max_hp_gain":0,"max_hp_loss":0,"event_name":"The Cleric","floor":5,"gold_loss":50},{"damage_healed":0,"gold_gain":0,"player_choice":"Fought Mushrooms","damage_taken":0,"max_hp_gain":0,"max_hp_loss":0,"event_name":"Mushrooms","floor":8,"gold_loss":0},{"damage_healed":30,"gold_gain":0,"player_choice":"Banana","damage_taken":0,"max_hp_gain":0,"max_hp_loss":0,"event_name":"Big Fish","floor":10,"gold_loss":0}],"is_beta":false,"boss_relics":[],"items_purged_floors":[11],"is_endless":false,"potions_floor_spawned":[3,4,13],"killed_by":"Hexaghost","ascension_level":0}