{"gold_per_floor":[113,123,138,138,158,174,208,8,35,53,53,53,67,77,77,182,182,122,136,63,63,78,78],"floor_reached":23,"playtime":1218,"items_purged":[],"score":195,"play_id":"44f70c28-c7a6-4afb-a9a2-4f40ec4fb051","local_time":"20190412104748","is_ascension_mode":false,"campfire_choices":[{"floor":12,"key":"REST"},{"floor":15,"key":"REST"}],"neow_cost":"NONE","seed_source_timestamp":96727820001986,"circlet_count":0,"master_deck":["Strike_B","Strike_B","Strike_B","Defend_B","Defend_B","Defend_B","Defend_B","Zap","Dualcast","Redo","Streamline","Multi-Cast","Chill","Redo","Tempest","Auto Shields","Consume","Electrodynamics","Biased Cognition","Blizzard","FTL","Sunder","Gash+1"],"relics":["Cracked Core","NeowsBlessing","Happy Flower","ClockworkSouvenir","PreservedInsect","Sozu","Enchiridion"],"potions_floor_usage":[],"damage_taken":[{"damage":0,"enemies":"Jaw Worm","floor":1,"turns":1},{"damage":0,"enemies":"Cultist","floor":2,"turns":1},{"damage":0,"enemies":"2 Louse","floor":3,"turns":1},{"damage":8,"enemies":"2 Fungi Beasts","floor":5,"turns":3},{"damage":0,"enemies":"3 Louse","floor":6,"turns":6},{"damage":37,"enemies":"Lagavulin","floor":7,"turns":7},{"damage":16,"enemies":"Lots of Slimes","floor":10,"turns":3},{"damage":7,"enemies":"Exordium Wildlife","floor":13,"turns":3},{"damage":22,"enemies":"Exordium Thugs","floor":14,"turns":4},{"damage":15,"enemies":"The Guardian","floor":16,"turns":11},{"damage":5,"enemies":"2 Thieves","floor":18,"turns":4},{"damage":3,"enemies":"Shell Parasite","floor":19,"turns":4},{"damage":14,"enemies":"Shelled Parasite and Fungi","floor":22,"turns":4},{"damage":39,"enemies":"Book of Stabbing","floor":23,"turns":4}],"seed_played":"945259720340568738","potions_obtained":[{"floor":5,"key":"Explosive Potion"},{"floor":6,"key":"GamblersBrew"},{"floor":13,"key":"PowerPotion"}],"is_trial":false,"path_per_floor":["M","M","M","?","M","M","E","$","T","M","$","R","M","M","R","B",null,"M","M","$","?","M","E"],"character_chosen":"DEFECT","items_purchased":["ClockworkSouvenir","Sunder"],"campfire_rested":2,"item_purchase_floors":[8,20],"current_hp_per_floor":[75,75,75,75,67,67,30,30,30,14,14,36,29,7,29,14,75,70,67,67,51,37,0],"gold":78,"neow_bonus":"THREE_ENEMY_KILL","is_prod":false,"is_daily":false,"chose_seed":false,"campfire_upgraded":0,"win_rate":0.0,"timestamp":1555080468,"path_taken":["M","M","M","?","M","M","E","$","T","?","?","R","M","M","R","BOSS","M","M","$","?","M","E"],"build_version":"2019-01-23","purchased_purges":0,"victory":false,"max_hp_per_floor":[75,75,75,75,75,75,75,75,75,75,75,75,75,75,75,75,75,75,75,75,75,75,75],"card_choices":[{"not_picked":["Barrage","Rebound"],"picked":"Redo","floor":1},{"not_picked":["Skim","Leap"],"picked":"Streamline","floor":2},{"not_picked":["Conserve Battery","Go for the Eyes"],"picked":"Multi-Cast","floor":3},{"not_picked":["Compile Driver","Rebound"],"picked":"Chill","floor":5},{"not_picked":["Steam","Sweeping Beam"],"picked":"Redo","floor":6},{"not_picked":["Leap","Rebound"],"picked":"Tempest","floor":7},{"not_picked":["Stack","Steam"],"picked":"Auto Shields","floor":10},{"not_picked":["Steam","Heatsinks"],"picked":"Consume","floor":13},{"not_picked":["Aggregate","Barrage"],"picked":"Electrodynamics","floor":14},{"not_picked":["Fission","Meteor Strike"],"picked":"Biased Cognition","floor":16},{"not_picked":["Turbo","BootSequence+1"],"picked":"Blizzard","floor":18},{"not_picked":["Lockon","Steam"],"picked":"FTL","floor":19},{"not_picked":["Chaos","Hologram"],"picked":"Gash+1","floor":22}],"player_experience":123730,"relics_obtained":[{"floor":7,"key":"Happy Flower"},{"floor":9,"key":"PreservedInsect"},{"floor":21,"key":"Enchiridion"}],"event_choices":[{"cards_removed":["Strike_B"],"damage_healed":0,"gold_gain":0,"player_choice":"Offered Basic","damage_taken":0,"max_hp_gain":0,"max_hp_loss":0,"event_name":"Bonfire Elementals","floor":4,"gold_loss":0},{"damage_healed":0,"gold_gain":0,"player_choice":"Obtained Book","damage_taken":16,"max_hp_gain":0,"max_hp_loss":0,"event_name":"Cursed Tome","floor":21,"gold_loss":0}],"is_beta":false,"boss_relics":[{"not_picked":["Calling Bell","Runic Dome"],"picked":"Sozu"}],"items_purged_floors":[],"is_endless":false,"potions_floor_spawned":[5,6,13,14,19,22],"killed_by":"Book of Stabbing","ascension_level":0}