{"gold_per_floor":[114,125,125,135,148,179,193,493,571,571,602,620,638,656,656,656],"floor_reached":16,"playtime":1049,"items_purged":[],"score":116,"play_id":"8264b1e5-2210-4a9a-aafb-b189d79406bf","local_time":"20190415213950","is_ascension_mode":false,"campfire_choices":[{"floor":10,"key":"REST"},{"floor":15,"key":"REST"}],"neow_cost":"NONE","seed_source_timestamp":10034094504700,"circlet_count":0,"master_deck":["Defend_G","Defend_G","Defend_G","Defend_G","Defend_G","Strike_G","Strike_G","Strike_G","Strike_G","Survivor","Neutralize","Doppelganger","Prepared","Footwork","Deadly Poison","Dodge and Roll","Crippling Poison","All Out Attack","Blade Dance","Backflip","Terror","Flying Knee"],"relics":["Ring of the Snake","Bottled Tornado","Old Coin","Pear","Darkstone Periapt"],"potions_floor_usage":[6,16,16],"damage_taken":[{"damage":0,"enemies":"Cultist","floor":1,"turns":3},{"damage":0,"enemies":"Small Slimes","floor":2,"turns":3},{"damage":1,"enemies":"Jaw Worm","floor":4,"turns":5},{"damage":8,"enemies":"2 Fungi Beasts","floor":5,"turns":6},{"damage":35,"enemies":"3 Sentries","floor":6,"turns":17},{"damage":0,"enemies":"Blue Slaver","floor":7,"turns":6},{"damage":27,"enemies":"Gremlin Nob","floor":11,"turns":6},{"damage":5,"enemies":"Gremlin Gang","floor":12,"turns":4},{"damage":0,"enemies":"Large Slime","floor":13,"turns":6},{"damage":0,"enemies":"Exordium Wildlife","floor":14,"turns":5},{"damage":56,"enemies":"Slime Boss","floor":16,"turns":14}],"seed_played":"-1949591251422827646","potions_obtained":[{"floor":4,"key":"Swift Potion"},{"floor":11,"key":"Explosive Potion"},{"floor":12,"key":"Strength Potion"}],"is_trial":false,"path_per_floor":["M","M","?","M","M","E","M","T","T","R","E","M","M","M","R","B"],"character_chosen":"THE_SILENT","items_purchased":[],"campfire_rested":2,"item_purchase_floors":[],"current_hp_per_floor":[70,70,70,69,61,26,26,26,36,60,33,28,28,28,52,0],"gold":656,"neow_bonus":"ONE_RANDOM_RARE_CARD","is_prod":false,"is_daily":false,"chose_seed":false,"campfire_upgraded":0,"win_rate":0,"timestamp":1555378790,"path_taken":["M","M","?","M","?","E","M","?","T","R","E","M","M","M","R","BOSS"],"build_version":"2019-01-23","purchased_purges":0,"victory":false,"max_hp_per_floor":[70,70,70,70,70,70,70,70,80,80,80,80,80,80,80,80],"card_choices":[{"not_picked":["Concentrate","Slice"],"picked":"Prepared","floor":1},{"not_picked":["Dodge and Roll","Dagger Spray"],"picked":"Footwork","floor":2},{"not_picked":["Dodge and Roll","Infinite Blades"],"picked":"Deadly Poison","floor":4},{"not_picked":["After Image","Flechettes"],"picked":"Dodge and Roll","floor":5},{"not_picked":["Bane","Prepared"],"picked":"Crippling Poison","floor":6},{"not_picked":["Footwork","Quick Slash"],"picked":"All Out Attack","floor":7},{"not_picked":["Heel Hook","Envenom"],"picked":"Blade Dance","floor":11},{"not_picked":["Slice","Distraction"],"picked":"Backflip","floor":12},{"not_picked":["Blade Dance","Deadly Poison"],"picked":"Terror","floor":13},{"not_picked":["Quick Slash","Infinite Blades"],"picked":"Flying Knee","floor":14}],"player_experience":164611,"relics_obtained":[{"floor":6,"key":"Bottled Tornado"},{"floor":8,"key":"Old Coin"},{"floor":9,"key":"Pear"},{"floor":11,"key":"Darkstone Periapt"}],"event_choices":[{"cards_removed":["Strike_G"],"damage_healed":0,"gold_gain":0,"player_choice":"Offered Basic","damage_taken":0,"max_hp_gain":0,"max_hp_loss":0,"event_name":"Bonfire Elementals","floor":3,"gold_loss":0}],"is_beta":false,"boss_relics":[],"items_purged_floors":[],"is_endless":false,"potions_floor_spawned":[4,11,12],"killed_by":"Slime Boss","ascension_level":0}