{"gold_per_floor":[114,114,114,114,126,126,157,75,75,75,75,93,113,127,127,232,232,244,262,274,373,473,473,489,489,489,507,507,520,534,534],"floor_reached":31,"playtime":1837,"items_purged":[],"score":239,"play_id":"ac542b76-a197-4cfb-bebd-a0be3d0f062b","local_time":"20190403143532","is_ascension_mode":false,"campfire_choices":[{"data":"Barricade","floor":6,"key":"SMITH"},{"data":"Shockwave","floor":10,"key":"SMITH"},{"data":"Armaments","floor":15,"key":"SMITH"},{"floor":23,"key":"REST"},{"floor":25,"key":"REST"}],"neow_cost":"TEN_PERCENT_HP_LOSS","seed_source_timestamp":496534617226750,"circlet_count":0,"master_deck":["Strike_R","Strike_R","Strike_R","Strike_R","Defend_R","Defend_R","Defend_R","Defend_R","Bash+1","Barricade+1","Whirlwind","Twin Strike+1","Armaments+1","Shockwave+1","Heavy Blade","Flame Barrier","Rampage","Offering","Clumsy","Pain","Decay","Flex","Shrug It Off+1","Uppercut","Perfected Strike","Metallicize","Flame Barrier","Flex"],"relics":["Burning Blood","Happy Flower","Gambling Chip","Whetstone","Calling Bell","Ancient Tea Set","Mercury Hourglass","Shovel","Oddly Smooth Stone","Letter Opener"],"potions_floor_usage":[16,19,20,31],"damage_taken":[{"damage":5,"enemies":"Cultist","floor":1,"turns":4},{"damage":0,"enemies":"Small Slimes","floor":5,"turns":2},{"damage":25,"enemies":"Lagavulin","floor":7,"turns":11},{"damage":3,"enemies":"Jaw Worm","floor":12,"turns":3},{"damage":0,"enemies":"Looter","floor":13,"turns":3},{"damage":0,"enemies":"Red Slaver","floor":14,"turns":6},{"damage":29,"enemies":"The Guardian","floor":16,"turns":10},{"damage":63,"enemies":"Spheric Guardian","floor":18,"turns":8},{"damage":7,"enemies":"Chosen","floor":19,"turns":5},{"damage":25,"enemies":"Shelled Parasite and Fungi","floor":20,"turns":4},{"damage":29,"enemies":"Snecko","floor":24,"turns":8},{"damage":17,"enemies":"Snake Plant","floor":27,"turns":4},{"damage":7,"enemies":"Cultist and Chosen","floor":29,"turns":6},{"damage":2,"enemies":"Snecko","floor":30,"turns":6},{"damage":22,"enemies":"Book of Stabbing","floor":31,"turns":7}],"seed_played":"-6043531006970798630","potions_obtained":[{"floor":1,"key":"PowerPotion"},{"floor":16,"key":"LiquidBronze"},{"floor":18,"key":"BloodPotion"},{"floor":20,"key":"SkillPotion"},{"floor":29,"key":"SmokeBomb"}],"is_trial":false,"path_per_floor":["M","?","?","?","M","R","E","$","T","R","?","M","M","M","R","B",null,"M","M","M","?","?","R","M","R","T","M","T","M","M","E"],"character_chosen":"IRONCLAD","items_purchased":["Shockwave"],"campfire_rested":2,"item_purchase_floors":[8],"current_hp_per_floor":[72,77,77,74,77,77,58,58,58,58,58,61,67,73,73,50,77,20,26,7,7,7,30,7,30,30,19,19,18,22,0],"gold":534,"neow_bonus":"THREE_RARE_CARDS","is_prod":false,"is_daily":false,"chose_seed":false,"campfire_upgraded":3,"win_rate":0,"timestamp":1554316532,"path_taken":["M","?","?","?","?","R","E","$","T","R","?","M","M","?","R","BOSS","M","M","?","?","?","R","M","R","T","?","?","M","M","E"],"build_version":"2019-01-23","purchased_purges":0,"victory":false,"max_hp_per_floor":[72,77,77,77,77,77,77,77,77,77,77,77,77,77,77,77,77,77,77,77,77,77,77,77,77,77,77,77,77,77,77],"card_choices":[{"not_picked":["Fiend Fire","Brutality"],"picked":"Barricade","floor":0},{"not_picked":["Blood for Blood","True Grit"],"picked":"Whirlwind","floor":1},{"not_picked":["Heavy Blade","Cleave"],"picked":"Twin Strike","floor":5},{"not_picked":["Second Wind","Wild Strike"],"picked":"Armaments","floor":7},{"not_picked":["Wild Strike","Whirlwind"],"picked":"Heavy Blade","floor":12},{"not_picked":["Ghostly Armor","Wild Strike"],"picked":"Flame Barrier","floor":13},{"not_picked":["Second Wind","Power Through"],"picked":"Rampage","floor":14},{"not_picked":["Barricade","Fiend Fire"],"picked":"Offering","floor":16},{"not_picked":["Searing Blow","Spot Weakness"],"picked":"Flex","floor":18},{"not_picked":["Wild Strike","Fire Breathing"],"picked":"Shrug It Off+1","floor":19},{"not_picked":["Sever Soul","Headbutt"],"picked":"Uppercut","floor":20},{"not_picked":["Clothesline","Warcry"],"picked":"Perfected Strike","floor":24},{"not_picked":["Evolve","Bloodletting"],"picked":"Metallicize","floor":27},{"not_picked":["Perfected Strike","Corruption+1"],"picked":"Flame Barrier","floor":29},{"not_picked":["Flame Barrier","Burning Pact"],"picked":"Flex","floor":30}],"player_experience":29300,"relics_obtained":[{"floor":7,"key":"Gambling Chip"},{"floor":9,"key":"Whetstone"},{"floor":17,"key":"Ancient Tea Set"},{"floor":17,"key":"Mercury Hourglass"},{"floor":17,"key":"Shovel"},{"floor":26,"key":"Oddly Smooth Stone"},{"floor":28,"key":"Letter Opener"}],"event_choices":[{"damage_healed":0,"gold_gain":0,"player_choice":"Donut","damage_taken":0,"max_hp_gain":5,"max_hp_loss":0,"event_name":"Big Fish","floor":2,"gold_loss":0},{"damage_healed":0,"gold_gain":0,"player_choice":"Ignored","damage_taken":0,"max_hp_gain":0,"max_hp_loss":0,"event_name":"Liars Game","floor":3,"gold_loss":0},{"damage_healed":0,"gold_gain":0,"player_choice":"Success","damage_taken":3,"relics_obtained":["Happy Flower"],"max_hp_gain":0,"max_hp_loss":0,"event_name":"Scrap Ooze","floor":4,"gold_loss":0},{"cards_removed":["Strike_R"],"damage_healed":0,"gold_gain":0,"player_choice":"Offered Basic","damage_taken":0,"max_hp_gain":0,"max_hp_loss":0,"event_name":"Bonfire Elementals","floor":11,"gold_loss":0},{"damage_healed":0,"gold_gain":99,"player_choice":"Stole From Cult","damage_taken":0,"max_hp_gain":0,"max_hp_loss":0,"event_name":"Nest","floor":21,"gold_loss":0},{"damage_healed":0,"gold_gain":100,"player_choice":"Pray","damage_taken":0,"max_hp_gain":0,"max_hp_loss":0,"event_name":"Golden Shrine","floor":22,"gold_loss":0}],"is_beta":false,"boss_relics":[{"not_picked":["Busted Crown","Velvet Choker"],"picked":"Calling Bell"}],"items_purged_floors":[],"is_endless":false,"potions_floor_spawned":[1,16,18,20,29],"killed_by":"Book of Stabbing","ascension_level":0}