{"gold_per_floor":[113,113,188,188,200,200,228,228,528,581,581,608,207,226,226,323,323,333,343,75,75,0,0,0,0,0,0,0,0,0,11,11,11],"floor_reached":33,"playtime":3301,"items_purged":["Strike_R","Shame"],"score":247,"play_id":"f44003a8-5477-4062-9ee2-65c4f2d64357","local_time":"20190224231311","is_ascension_mode":false,"campfire_choices":[{"data":"Juggernaut","floor":6,"key":"SMITH"},{"data":"Armaments","floor":8,"key":"SMITH"},{"data":"Armaments","floor":15,"key":"SMITH"},{"data":"1","floor":23,"key":"LIFT"},{"data":"2","floor":25,"key":"LIFT"},{"data":"3","floor":28,"key":"LIFT"},{"data":"Inflame","floor":30,"key":"SMITH"},{"data":"Limit Break","floor":32,"key":"SMITH"}],"neow_cost":"NONE","seed_source_timestamp":722735294802060,"circlet_count":0,"master_deck":["Strike_R","Strike_R","Strike_R","Defend_R","Defend_R","Defend_R","Defend_R","Bash","Juggernaut+1","Armaments+1","Cleave","Flex","Dropkick","Dramatic Entrance","Inflame+1","Armaments+1","Limit Break+1","Injury","Infernal Blade","Cleave","Impervious","Discovery","Shame","Demon Form"],"relics":["Burning Blood","Matryoshka","Centennial Puzzle","Bottled Flame","Old Coin","Boot","Juzu Bracelet","Pen Nib","Bag of Marbles","Bag of Preparation","Question Card","Girya","Nloth\u0027s Gift","Sundial","Magic Flower"],"potions_floor_usage":[33,33],"damage_taken":[{"damage":6,"enemies":"2 Louse","floor":1,"turns":3},{"damage":2,"enemies":"Jaw Worm","floor":5,"turns":5},{"damage":14,"enemies":"3 Sentries","floor":7,"turns":6},{"damage":43,"enemies":"Gremlin Nob","floor":12,"turns":5},{"damage":5,"enemies":"Small Slimes","floor":14,"turns":2},{"damage":29,"enemies":"Slime Boss","floor":16,"turns":8},{"damage":19,"enemies":"Shell Parasite","floor":18,"turns":5},{"damage":13,"enemies":"3 Byrds","floor":19,"turns":4},{"damage":15,"enemies":"Snecko","floor":31,"turns":3},{"damage":98,"enemies":"Champ","floor":33,"turns":9}],"seed_played":"-8649083731526962983","potions_obtained":[{"floor":1,"key":"Strength Potion"},{"floor":12,"key":"FairyPotion"},{"floor":14,"key":"EssenceOfSteel"},{"floor":16,"key":"EntropicBrew"}],"is_trial":false,"path_per_floor":["M","?","?","?","M","R","E","R","T","T","?","E","$","M","R","B",null,"M","M","$","?","?","R","?","R","T","?","R","$","R","M","R","B"],"character_chosen":"IRONCLAD","items_purchased":["Bag of Marbles","Dramatic Entrance","Inflame","Impervious","Discovery"],"campfire_rested":0,"item_purchase_floors":[13,13,13,20,20],"current_hp_per_floor":[80,77,66,59,63,63,55,55,55,55,80,43,43,44,44,21,80,67,60,60,60,60,60,60,60,60,60,60,60,60,54,54,0],"gold":11,"neow_bonus":"ONE_RANDOM_RARE_CARD","is_prod":false,"is_daily":false,"chose_seed":false,"campfire_upgraded":5,"win_rate":0.0,"timestamp":1551046391,"path_taken":["M","?","?","?","M","R","E","R","T","?","?","E","$","M","R","BOSS","M","M","$","?","?","R","?","R","T","?","R","$","R","M","R","BOSS"],"build_version":"2019-01-23","purchased_purges":2,"victory":false,"max_hp_per_floor":[80,80,80,80,80,80,80,80,80,80,80,80,80,80,80,80,80,80,80,80,80,80,80,80,80,80,80,80,80,80,80,80,80],"card_choices":[{"not_picked":["Burning Pact","Clash"],"picked":"Armaments","floor":1},{"not_picked":["Dual Wield","Pommel Strike"],"picked":"Cleave","floor":5},{"not_picked":["Bludgeon","Thunderclap"],"picked":"Flex","floor":7},{"not_picked":["Warcry","Thunderclap"],"picked":"Dropkick","floor":12},{"not_picked":["Sword Boomerang","Iron Wave"],"picked":"Armaments","floor":14},{"not_picked":["Feed","Reaper"],"picked":"Limit Break","floor":16},{"not_picked":["Disarm","Twin Strike","Bloodletting+1"],"picked":"Infernal Blade","floor":18},{"not_picked":["Iron Wave","Entrench+1","Perfected Strike"],"picked":"Cleave","floor":19},{"not_picked":["Shrug It Off","Entrench","Cleave"],"picked":"Demon Form","floor":31}],"player_experience":13513,"relics_obtained":[{"floor":7,"key":"Centennial Puzzle"},{"floor":9,"key":"Bottled Flame"},{"floor":9,"key":"Old Coin"},{"floor":10,"key":"Boot"},{"floor":10,"key":"Juzu Bracelet"},{"floor":12,"key":"Pen Nib"},{"floor":17,"key":"Bag of Preparation"},{"floor":17,"key":"Question Card"},{"floor":17,"key":"Girya"},{"floor":26,"key":"Sundial"}],"event_choices":[{"damage_healed":0,"gold_gain":0,"player_choice":"Success","damage_taken":3,"relics_obtained":["Matryoshka"],"max_hp_gain":0,"max_hp_loss":0,"event_name":"Scrap Ooze","floor":2,"gold_loss":0},{"damage_healed":0,"gold_gain":75,"player_choice":"Gather Gold","damage_taken":11,"max_hp_gain":0,"max_hp_loss":0,"event_name":"World of Goop","floor":3,"gold_loss":0},{"cards_removed":["Strike_R"],"damage_healed":0,"gold_gain":0,"player_choice":"Card Removal","damage_taken":7,"max_hp_gain":0,"max_hp_loss":0,"event_name":"Golden Wing","floor":4,"gold_loss":0},{"damage_healed":26,"gold_gain":0,"player_choice":"Banana","damage_taken":0,"max_hp_gain":0,"max_hp_loss":0,"event_name":"Big Fish","floor":11,"gold_loss":0},{"damage_healed":0,"gold_gain":0,"player_choice":"Ignored","damage_taken":0,"max_hp_gain":0,"max_hp_loss":0,"event_name":"Vampires","floor":21,"gold_loss":0},{"cards_removed":["Writhe"],"damage_healed":0,"gold_gain":0,"player_choice":"Gave Gold","damage_taken":0,"max_hp_gain":0,"max_hp_loss":0,"event_name":"Beggar","floor":22,"gold_loss":75},{"damage_healed":0,"gold_gain":0,"player_choice":"Traded Relic","damage_taken":0,"relics_obtained":["Nloth\u0027s Gift"],"max_hp_gain":0,"max_hp_loss":0,"event_name":"N\u0027loth","floor":24,"relics_lost":["Calling Bell"],"gold_loss":0},{"damage_healed":0,"gold_gain":0,"player_choice":"Stole Relic","damage_taken":0,"relics_obtained":["Magic Flower"],"max_hp_gain":0,"max_hp_loss":0,"event_name":"Addict","floor":27,"gold_loss":0,"cards_obtained":["Shame"]}],"is_beta":false,"boss_relics":[{"not_picked":["Snecko Eye","Tiny House"],"picked":"Calling Bell"}],"items_purged_floors":[13,20],"is_endless":false,"potions_floor_spawned":[1,12,14,16,19,31],"killed_by":"Champ","ascension_level":0}