{"gold_per_floor":[216,55,55,55,78,78,111,111,137,157,172,185,185,208,208,327,327,327,327,327,327,327,327,327,327,327,327],"floor_reached":27,"playtime":1153,"items_purged":["Strike_B"],"score":239,"play_id":"a762f5a8-17cc-4251-b49c-bd3682ad9e7c","local_time":"20180907233339","is_ascension_mode":true,"campfire_choices":[{"floor":6,"key":"REST"},{"data":"Defragment","floor":8,"key":"SMITH"},{"data":"Zap","floor":13,"key":"SMITH"},{"floor":15,"key":"REST"},{"floor":23,"key":"REST"}],"neow_cost":"NONE","seed_source_timestamp":18426056660810,"circlet_count":0,"master_deck":["Strike_B+1","Strike_B+1","Strike_B+1","Defend_B+1","Defend_B+1","Defend_B+1","Defend_B+1","Zap+1","Dualcast","Defragment+1","Capacitor","Ball Lightning","Auto Shields","Reinforced Body","Chill","BootSequence","Hologram","Amplify","Sweeping Beam+1","Conserve Battery+1","Reinforced Body","Loop+1"],"relics":["Cracked Core","Golden Idol","Frozen Egg 2","StoneCalendar","Ancient Tea Set","Ectoplasm","MutagenicStrength","Pen Nib"],"potions_floor_usage":[16,18,27],"damage_taken":[{"damage":9,"enemies":"2 Louse","floor":1,"turns":3},{"damage":0,"enemies":"Small Slimes","floor":5,"turns":3},{"damage":14,"enemies":"Gremlin Nob","floor":7,"turns":4},{"damage":0,"enemies":"Cultist","floor":10,"turns":3},{"damage":1,"enemies":"Looter","floor":11,"turns":4},{"damage":2,"enemies":"Blue Slaver","floor":12,"turns":3},{"damage":0,"enemies":"Large Slime","floor":14,"turns":5},{"damage":19,"enemies":"Slime Boss","floor":16,"turns":7},{"damage":14,"enemies":"Chosen","floor":18,"turns":5},{"damage":7,"enemies":"Shell Parasite","floor":19,"turns":6},{"damage":31,"enemies":"Cultist and Chosen","floor":22,"turns":6},{"damage":14,"enemies":"3 Cultists","floor":24,"turns":5},{"damage":18,"enemies":"Snecko","floor":25,"turns":6},{"damage":15,"enemies":"Gremlin Leader","floor":27,"turns":3}],"seed_played":"-3851532653261664563","potions_obtained":[{"floor":5,"key":"Weak Potion"},{"floor":10,"key":"SteroidPotion"},{"floor":16,"key":"SkillPotion"},{"floor":22,"key":"Explosive Potion"}],"is_trial":false,"path_per_floor":["M","$","?","?","M","R","E","R","T","M","M","M","R","M","R","B",null,"M","M","?","?","M","R","M","M","T"],"character_chosen":"DEFECT","items_purchased":["Capacitor","Ball Lightning"],"campfire_rested":3,"item_purchase_floors":[2,2],"current_hp_per_floor":[66,66,48,41,41,63,49,49,49,49,48,46,46,46,68,49,75,61,54,54,54,23,45,31,13,13,0],"gold":327,"neow_bonus":"HUNDRED_GOLD","is_prod":false,"is_daily":false,"chose_seed":false,"campfire_upgraded":2,"win_rate":0,"timestamp":1536377619,"path_taken":["M","$","?","?","M","R","E","R","T","M","M","M","R","M","R","BOSS","M","M","?","?","M","R","?","M","T","E"],"build_version":"2018-09-06","purchased_purges":1,"victory":false,"max_hp_per_floor":[75,75,75,75,75,75,75,75,75,75,75,75,75,75,75,75,75,75,75,75,75,75,75,75,75,75,75],"card_choices":[{"not_picked":["Stack","Barrage"],"picked":"Defragment","floor":1},{"not_picked":["Leap","Cold Snap"],"picked":"Auto Shields","floor":5},{"not_picked":["Coolheaded","Turbo"],"picked":"Reinforced Body","floor":7},{"not_picked":["Gash","Streamline"],"picked":"Chill","floor":10},{"not_picked":["Double Energy","Gash"],"picked":"BootSequence","floor":11},{"not_picked":["Beam Cell","Hyperbeam","Stack"],"picked":"SKIP","floor":12},{"not_picked":["Chaos","Reprogram"],"picked":"Hologram","floor":14},{"not_picked":["Meteor Strike","Fission"],"picked":"Amplify","floor":16},{"not_picked":["Turbo","Leap"],"picked":"Sweeping Beam+1","floor":18},{"not_picked":["Gash","Fusion","Streamline"],"picked":"SKIP","floor":19},{"not_picked":["Streamline","Gash"],"picked":"Conserve Battery+1","floor":22},{"not_picked":["Coolheaded","Static Discharge+1"],"picked":"Reinforced Body","floor":24},{"not_picked":["FTL","Gash"],"picked":"Loop+1","floor":25}],"player_experience":82189,"relics_obtained":[{"floor":7,"key":"StoneCalendar"},{"floor":9,"key":"Ancient Tea Set"},{"floor":26,"key":"Pen Nib"}],"event_choices":[{"event_name":"Golden Idol","player_choice":"Take Damage","floor":3,"damage_taken":0},{"event_name":"Scrap Ooze","player_choice":"success","floor":4,"damage_taken":7},{"event_name":"Back to Basics","player_choice":"Simplicity","floor":20,"damage_taken":0},{"event_name":"Drug Dealer","player_choice":"Inject Mutagens","floor":21,"damage_taken":0}],"is_beta":false,"boss_relics":[{"not_picked":["Astrolabe","FrozenCore"],"picked":"Ectoplasm"}],"items_purged_floors":[2],"is_endless":false,"potions_floor_spawned":[5,10,16,22],"killed_by":"Gremlin Leader","ascension_level":2}