{"gold_per_floor":[15,15,27,43,43,43,67,67,67,77,77,88,58,69,69,174,174,188,203,217,217,228,228,240,30,80,102,114,126,138,150,162,277,289,312,424,436,4,20,20,40,56,109,120,120,151,169,186,186,186],"floor_reached":50,"playtime":3959,"items_purged":["Defend_B"],"score":754,"play_id":"fb4d4d11-c8c5-4e68-ac82-db3280273d56","local_time":"20190225201431","is_ascension_mode":true,"campfire_choices":[{"data":"Conserve Battery","floor":6,"key":"SMITH"},{"data":"White Noise","floor":8,"key":"SMITH"},{"floor":11,"key":"REST"},{"data":"Defragment","floor":15,"key":"SMITH"},{"floor":23,"key":"REST"},{"floor":28,"key":"REST"},{"data":"Buffer","floor":30,"key":"SMITH"},{"data":"Zap","floor":32,"key":"SMITH"},{"data":"Defragment","floor":40,"key":"SMITH"},{"floor":45,"key":"REST"},{"floor":49,"key":"REST"}],"neow_cost":"NO_GOLD","seed_source_timestamp":740589658601991,"circlet_count":0,"master_deck":["AscendersBane","Defend_B","Defend_B","Zap+1","Dualcast","Electrodynamics","Conserve Battery+1","White Noise+1","Coolheaded","Defragment+1","Buffer+1","Stack+1","Multi-Cast+1","Rainbow+1","Conserve Battery+1","Defragment+1","Defragment+1","Parasite","Loop","White Noise+1"],"relics":["Cracked Core","Odd Mushroom","Shuriken","Astrolabe","Toy Ornithopter","MawBank","Singing Bowl","Busted Crown","Torii","StoneCalendar","Omamori","Smiling Mask"],"potions_floor_usage":[16,20,29,46,48],"damage_taken":[{"damage":18,"enemies":"Small Slimes","floor":1,"turns":3},{"damage":1,"enemies":"2 Louse","floor":3,"turns":2},{"damage":0,"enemies":"Cultist","floor":4,"turns":3},{"damage":0,"enemies":"The Mushroom Lair","floor":7,"turns":2},{"damage":9,"enemies":"Exordium Wildlife","floor":10,"turns":4},{"damage":0,"enemies":"3 Louse","floor":12,"turns":2},{"damage":0,"enemies":"Large Slime","floor":14,"turns":5},{"damage":10,"enemies":"Slime Boss","floor":16,"turns":6},{"damage":0,"enemies":"Chosen","floor":18,"turns":4},{"damage":0,"enemies":"Spheric Guardian","floor":19,"turns":4},{"damage":0,"enemies":"Snake Plant","floor":20,"turns":3},{"damage":28,"enemies":"Centurion and Healer","floor":22,"turns":4},{"damage":29,"enemies":"Shelled Parasite and Fungi","floor":24,"turns":9},{"damage":0,"enemies":"3 Cultists","floor":27,"turns":3},{"damage":0,"enemies":"Chosen and Byrds","floor":29,"turns":1},{"damage":54,"enemies":"Champ","floor":33,"turns":13},{"damage":28,"enemies":"3 Darklings","floor":35,"turns":3},{"damage":0,"enemies":"Mind Bloom Boss Battle","floor":36,"turns":8},{"damage":0,"enemies":"Orb Walker","floor":39,"turns":5},{"damage":12,"enemies":"Writhing Mass","floor":41,"turns":5},{"damage":0,"enemies":"3 Darklings","floor":42,"turns":2},{"damage":1,"enemies":"Sphere and 2 Shapes","floor":44,"turns":4},{"damage":42,"enemies":"Reptomancer","floor":46,"turns":5},{"damage":18,"enemies":"Spire Growth","floor":47,"turns":5},{"damage":0,"enemies":"Maw","floor":48,"turns":7},{"damage":54,"enemies":"Time Eater","floor":50,"turns":6}],"seed_played":"8544683918665550610","potions_obtained":[{"floor":3,"key":"FearPotion"},{"floor":7,"key":"Strength Potion"},{"floor":13,"key":"Strength Potion"},{"floor":13,"key":"FairyPotion"},{"floor":16,"key":"PowerPotion"},{"floor":20,"key":"SmokeBomb"},{"floor":33,"key":"Fire Potion"},{"floor":36,"key":"Explosive Potion"},{"floor":41,"key":"Strength Potion"},{"floor":44,"key":"FairyPotion"},{"floor":47,"key":"EssenceOfSteel"}],"is_trial":false,"path_per_floor":["M","?","M","M","?","R","?","R","T","M","R","M","?","M","R","B",null,"M","M","M","?","M","R","M","$","T","M","R","M","R","T","R","B",null,"M","?","?","$","M","R","M","M","T","M","R","E","M","M","R","B"],"character_chosen":"DEFECT","items_purchased":["Toy Ornithopter","Defragment","StoneCalendar"],"campfire_rested":5,"item_purchase_floors":[25,38,38],"current_hp_per_floor":[50,50,49,49,42,42,42,42,42,33,55,55,55,55,55,45,68,68,68,68,54,26,50,21,21,21,21,45,50,50,50,50,10,64,38,40,40,40,42,42,30,30,30,31,58,23,7,14,42,0],"gold":186,"neow_bonus":"THREE_RARE_CARDS","is_prod":false,"is_daily":false,"chose_seed":false,"campfire_upgraded":6,"win_rate":0,"timestamp":1551122071,"path_taken":["M","?","M","M","?","R","?","R","T","M","R","M","?","M","R","BOSS","M","?","M","?","M","R","M","$","T","M","R","M","R","?","R","BOSS","M","?","?","$","M","R","M","M","T","M","R","E","M","M","R","BOSS"],"build_version":"2019-01-23","purchased_purges":1,"victory":false,"max_hp_per_floor":[75,75,75,75,75,75,75,75,75,75,75,75,75,75,75,75,75,75,75,75,80,80,80,80,80,80,80,80,80,80,80,80,82,82,84,86,86,86,88,88,88,88,88,90,90,92,94,96,96,96],"card_choices":[{"not_picked":["Core Surge","Meteor Strike"],"picked":"Electrodynamics","floor":0},{"not_picked":["Beam Cell","Auto Shields","Steam"],"picked":"SKIP","floor":1},{"not_picked":["Coolheaded","Leap"],"picked":"Conserve Battery","floor":3},{"not_picked":["Storm","Beam Cell","Go for the Eyes"],"picked":"SKIP","floor":4},{"not_picked":["Scrape","Beam Cell"],"picked":"White Noise","floor":7},{"not_picked":["Turbo","Redo"],"picked":"Coolheaded","floor":10},{"not_picked":["Undo","Redo","Beam Cell"],"picked":"SKIP","floor":12},{"not_picked":["Skim","Consume"],"picked":"Defragment","floor":14},{"not_picked":["Reboot","Amplify"],"picked":"Buffer","floor":16},{"not_picked":["Hologram","Undo","Turbo+1"],"picked":"SKIP","floor":18},{"not_picked":["Turbo","Redo"],"picked":"Conserve Battery+1","floor":19},{"not_picked":["Tempest","Hologram","Rebound"],"picked":"SKIP","floor":20},{"not_picked":["Streamline","Turbo","Meteor Strike"],"picked":"SKIP","floor":22},{"not_picked":["Go for the Eyes","Force Field","Streamline"],"picked":"SKIP","floor":24},{"not_picked":["BootSequence+1","Steam"],"picked":"Defragment+1","floor":27},{"not_picked":["Hyperbeam","Multi-Cast","Core Surge"],"picked":"Singing Bowl","floor":33},{"not_picked":["Reprogram"],"picked":"Singing Bowl","floor":35},{"not_picked":["Leap"],"picked":"Singing Bowl","floor":36},{"not_picked":["Recycle+1"],"picked":"Singing Bowl","floor":39},{"not_picked":[],"picked":"Loop","floor":41},{"not_picked":[],"picked":"White Noise+1","floor":42},{"not_picked":["Ball Lightning"],"picked":"Singing Bowl","floor":44},{"not_picked":["Stack"],"picked":"Singing Bowl","floor":46},{"not_picked":["Rebound"],"picked":"Singing Bowl","floor":47},{"not_picked":["Doom and Gloom"],"picked":"Singing Bowl","floor":48}],"player_experience":697879,"relics_obtained":[{"floor":7,"key":"Odd Mushroom"},{"floor":9,"key":"Shuriken"},{"floor":26,"key":"MawBank"},{"floor":31,"key":"Singing Bowl"},{"floor":36,"key":"Torii"},{"floor":43,"key":"Omamori"},{"floor":46,"key":"Smiling Mask"}],"event_choices":[{"damage_healed":0,"gold_gain":0,"player_choice":"Leave","damage_taken":0,"max_hp_gain":0,"max_hp_loss":0,"event_name":"The Cleric","floor":2,"gold_loss":0},{"cards_removed":["Strike_B"],"damage_healed":0,"gold_gain":0,"player_choice":"Card Removal","damage_taken":7,"max_hp_gain":0,"max_hp_loss":0,"event_name":"Golden Wing","floor":5,"gold_loss":0},{"damage_healed":0,"gold_gain":0,"player_choice":"Fought Mushrooms","damage_taken":0,"max_hp_gain":0,"max_hp_loss":0,"event_name":"Mushrooms","floor":7,"gold_loss":0},{"damage_healed":0,"gold_gain":0,"player_choice":"Bought 2 Potions","damage_taken":0,"max_hp_gain":0,"max_hp_loss":0,"event_name":"The Woman in Blue","floor":13,"gold_loss":0},{"damage_healed":0,"gold_gain":0,"player_choice":"Shed Blood","damage_taken":19,"max_hp_gain":5,"max_hp_loss":0,"event_name":"Forgotten Altar","floor":21,"gold_loss":0},{"damage_healed":0,"gold_gain":0,"player_choice":"Fight","damage_taken":0,"max_hp_gain":0,"max_hp_loss":0,"event_name":"MindBloom","floor":36,"gold_loss":0},{"cards_removed":["Strike_B"],"damage_healed":0,"gold_gain":0,"player_choice":"Removed Attack","damage_taken":0,"max_hp_gain":0,"max_hp_loss":0,"event_name":"Falling","floor":37,"gold_loss":0}],"is_beta":false,"boss_relics":[{"not_picked":["Nuclear Battery","Philosopher\u0027s Stone"],"picked":"Astrolabe"},{"not_picked":["Empty Cage","Black Star"],"picked":"Busted Crown"}],"items_purged_floors":[38],"is_endless":false,"potions_floor_spawned":[3,7,16,20,22,29,33,36,41,44,47],"killed_by":"Time Eater","ascension_level":11}