{"gold_per_floor":[119,119,119,119,142,178,178,201,201,216,234,249,249,199,199,328,328,307,307,48,69,85,129,54,54,77,77,98,129,254,274,274,400,400,416,416,441,441,312,312,335,335,380,43,43,62,62,62,62,62],"floor_reached":51,"playtime":2351,"items_purged":["Strike_R"],"score":749,"play_id":"de9587b5-324e-4c01-a7c0-c195f4de9ec3","local_time":"20190426135108","is_ascension_mode":true,"campfire_choices":[{"data":"Uppercut","floor":7,"key":"SMITH"},{"floor":15,"key":"REST"},{"data":"True Grit","floor":25,"key":"SMITH"},{"floor":27,"key":"REST"},{"floor":32,"key":"REST"},{"data":"PanicButton","floor":40,"key":"SMITH"},{"data":"Flame Barrier","floor":42,"key":"SMITH"},{"data":"Rage","floor":45,"key":"SMITH"},{"data":"Infernal Blade","floor":47,"key":"SMITH"},{"floor":49,"key":"REST"}],"neow_cost":"NONE","seed_source_timestamp":930993216432200,"circlet_count":0,"master_deck":["Strike_R","Defend_R","Defend_R","Defend_R","Defend_R","Bash+1","Iron Wave","Shrug It Off","Uppercut+1","Infernal Blade+1","Blood for Blood","Rage+1","Juggernaut","Headbutt","Feed","Spot Weakness","True Grit+1","Reckless Charge+1","Battle Trance+1","Combust+1","Pummel+1","Flame Barrier+1","Flex+1","Barricade+1","PanicButton+1","Body Slam+1","Pummel+1"],"relics":["Burning Blood","Anchor","Golden Idol","Self Forming Clay","Dodecahedron","Darkstone Periapt","Mark of Pain","Frozen Egg 2","Shuriken","Boot","Vajra","Molten Egg 2","Gambling Chip","Kunai","Velvet Choker","Blood Vial","Frozen Eye","Pen Nib"],"potions_floor_usage":[16,30,30,33,50],"damage_taken":[{"damage":5,"enemies":"Small Slimes","floor":1,"turns":4},{"damage":0,"enemies":"2 Louse","floor":5,"turns":3},{"damage":36,"enemies":"3 Sentries","floor":6,"turns":13},{"damage":0,"enemies":"Jaw Worm","floor":8,"turns":3},{"damage":1,"enemies":"Blue Slaver","floor":10,"turns":4},{"damage":5,"enemies":"Exordium Wildlife","floor":11,"turns":3},{"damage":11,"enemies":"Large Slime","floor":12,"turns":7},{"damage":26,"enemies":"Hexaghost","floor":16,"turns":6},{"damage":13,"enemies":"2 Thieves","floor":18,"turns":5},{"damage":0,"enemies":"Chosen","floor":21,"turns":4},{"damage":9,"enemies":"Snake Plant","floor":22,"turns":4},{"damage":26,"enemies":"Slavers","floor":23,"turns":6},{"damage":1,"enemies":"Snecko","floor":28,"turns":3},{"damage":24,"enemies":"Book of Stabbing","floor":29,"turns":5},{"damage":8,"enemies":"Colosseum Slavers","floor":30,"turns":3},{"damage":10,"enemies":"Colosseum Nobs","floor":30,"turns":4},{"damage":6,"enemies":"Chosen and Byrds","floor":31,"turns":6},{"damage":40,"enemies":"Automaton","floor":33,"turns":7},{"damage":21,"enemies":"3 Darklings","floor":35,"turns":6},{"damage":1,"enemies":"3 Shapes","floor":37,"turns":4},{"damage":13,"enemies":"Maw","floor":41,"turns":7},{"damage":2,"enemies":"Writhing Mass","floor":46,"turns":6},{"damage":34,"enemies":"Donu and Deca","floor":50,"turns":10}],"seed_played":"7588644662293355302","potions_obtained":[{"floor":8,"key":"Poison Potion"},{"floor":10,"key":"Regen Potion"},{"floor":16,"key":"Ancient Potion"},{"floor":22,"key":"SpeedPotion"},{"floor":23,"key":"Energy Potion"},{"floor":28,"key":"SkillPotion"},{"floor":30,"key":"PowerPotion"},{"floor":35,"key":"SteroidPotion"}],"is_trial":false,"path_per_floor":["M","?","?","T","M","E","R","M","T","M","M","M","?","?","R","B",null,"M","?","$","M","M","E","?","R","T","R","M","E","?","M","R","B",null,"M","?","M","?","$","R","M","R","T","$","R","M","R","?","R","B",null],"character_chosen":"IRONCLAD","items_purchased":["Shuriken","Body Slam+1","Frozen Eye","Pen Nib"],"campfire_rested":4,"item_purchase_floors":[20,39,44,44],"current_hp_per_floor":[80,68,68,68,74,44,44,50,50,55,56,51,51,51,73,53,74,67,67,67,73,70,53,53,53,53,76,77,59,56,56,80,46,80,65,65,70,70,70,70,63,63,63,63,63,69,69,69,80,52],"gold":62,"neow_bonus":"UPGRADE_CARD","is_prod":false,"is_daily":false,"chose_seed":false,"campfire_upgraded":6,"win_rate":0,"timestamp":1556301068,"path_taken":["M","?","?","?","M","E","R","?","T","M","M","M","?","?","R","BOSS","M","?","$","M","M","E","?","R","T","R","M","E","?","M","R","BOSS","M","?","M","?","?","R","M","R","T","$","R","?","R","?","R","BOSS"],"build_version":"2019-01-23","purchased_purges":1,"victory":true,"max_hp_per_floor":[80,80,74,74,74,74,74,74,74,74,74,74,74,74,74,74,74,74,74,74,74,74,77,77,77,77,77,77,77,80,80,80,80,80,80,80,80,80,80,80,80,80,80,80,80,80,80,80,80,80],"card_choices":[{"not_picked":["Pommel Strike","Hemokinesis"],"picked":"Iron Wave","floor":1},{"not_picked":["Iron Wave","Clothesline"],"picked":"Shrug It Off","floor":5},{"not_picked":["Anger","Armaments"],"picked":"Uppercut","floor":6},{"not_picked":["True Grit","Body Slam"],"picked":"Infernal Blade","floor":8},{"not_picked":["Shrug It Off","Dual Wield"],"picked":"Blood for Blood","floor":10},{"not_picked":["Carnage","Feel No Pain"],"picked":"Rage","floor":11},{"not_picked":["Cleave","Anger"],"picked":"Juggernaut","floor":12},{"not_picked":["Fiend Fire","Juggernaut"],"picked":"Feed","floor":16},{"not_picked":["Warcry","Armaments"],"picked":"Spot Weakness","floor":18},{"not_picked":["Sentinel","Wild Strike+1"],"picked":"True Grit","floor":21},{"not_picked":["Carnage","Burning Pact"],"picked":"Reckless Charge+1","floor":22},{"not_picked":["Infernal Blade","Dropkick"],"picked":"Battle Trance+1","floor":23},{"not_picked":["Evolve+1","True Grit+1"],"picked":"Combust+1","floor":28},{"not_picked":["Seeing Red","Havoc"],"picked":"Pummel","floor":29},{"not_picked":["Pommel Strike+1","Cleave+1"],"picked":"Flame Barrier","floor":30},{"not_picked":["Rupture+1","Uppercut+1"],"picked":"Flex+1","floor":31},{"not_picked":["Reaper+1","Juggernaut+1"],"picked":"Barricade+1","floor":33},{"not_picked":["Hemokinesis+1","Rupture+1"],"picked":"Cleave+1","floor":35},{"not_picked":["Swift Strike+1","Good Instincts"],"picked":"PanicButton","floor":36},{"not_picked":["Disarm","Anger+1","Pommel Strike+1"],"picked":"SKIP","floor":37},{"not_picked":["Metallicize+1","Searing Blow+1","Perfected Strike+1"],"picked":"SKIP","floor":41},{"not_picked":["Perfected Strike+1","Rupture+1"],"picked":"Pummel+1","floor":46}],"player_experience":250524,"relics_obtained":[{"floor":4,"key":"Self Forming Clay"},{"floor":6,"key":"Dodecahedron"},{"floor":9,"key":"Darkstone Periapt"},{"floor":23,"key":"Boot"},{"floor":26,"key":"Vajra"},{"floor":29,"key":"Molten Egg 2"},{"floor":30,"key":"Gambling Chip"},{"floor":30,"key":"Kunai"},{"floor":43,"key":"Blood Vial"}],"event_choices":[{"damage_healed":0,"gold_gain":0,"player_choice":"Success","damage_taken":12,"relics_obtained":["Anchor"],"max_hp_gain":0,"max_hp_loss":0,"event_name":"Scrap Ooze","floor":2,"gold_loss":0},{"damage_healed":0,"gold_gain":0,"player_choice":"Lose Max HP","damage_taken":0,"relics_obtained":["Golden Idol"],"max_hp_gain":0,"max_hp_loss":6,"event_name":"Golden Idol","floor":3,"gold_loss":0},{"damage_healed":0,"gold_gain":0,"cards_transformed":["Strike_R"],"player_choice":"Change","damage_taken":0,"max_hp_gain":0,"max_hp_loss":0,"event_name":"Living Wall","floor":13,"gold_loss":0,"cards_obtained":["Headbutt"]},{"cards_removed":["Strike_R"],"damage_healed":0,"gold_gain":0,"player_choice":"Card Removal","damage_taken":0,"max_hp_gain":0,"max_hp_loss":0,"event_name":"The Cleric","floor":14,"gold_loss":50},{"damage_healed":0,"gold_gain":0,"player_choice":"Opened","damage_taken":0,"relics_obtained":["Frozen Egg 2"],"max_hp_gain":0,"max_hp_loss":0,"event_name":"The Mausoleum","floor":19,"gold_loss":0},{"cards_removed":["Strike_R"],"damage_healed":0,"gold_gain":0,"player_choice":"Gave Gold","damage_taken":0,"max_hp_gain":0,"max_hp_loss":0,"event_name":"Beggar","floor":24,"gold_loss":75},{"damage_healed":0,"gold_gain":0,"player_choice":"Fight","damage_taken":0,"max_hp_gain":0,"max_hp_loss":0,"event_name":"Colosseum","floor":30,"gold_loss":0},{"damage_healed":0,"gold_gain":0,"player_choice":"Fought Nobs","damage_taken":0,"max_hp_gain":0,"max_hp_loss":0,"event_name":"Colosseum","floor":30,"gold_loss":0},{"damage_healed":0,"gold_gain":0,"player_choice":"Memory 1","damage_taken":0,"max_hp_gain":0,"max_hp_loss":0,"event_name":"SensoryStone","floor":36,"gold_loss":0},{"cards_removed":["Cleave"],"damage_healed":0,"gold_gain":0,"player_choice":"Removed Attack","damage_taken":0,"max_hp_gain":0,"max_hp_loss":0,"event_name":"Falling","floor":38,"gold_loss":0},{"damage_healed":0,"gold_gain":0,"player_choice":"Ignored","damage_taken":0,"max_hp_gain":0,"max_hp_loss":0,"event_name":"Mysterious Sphere","floor":48,"gold_loss":0}],"is_beta":false,"boss_relics":[{"not_picked":["Astrolabe","Black Star"],"picked":"Mark of Pain"},{"not_picked":["Philosopher\u0027s Stone","Eternal Feather"],"picked":"Velvet Choker"}],"items_purged_floors":[39],"is_endless":false,"potions_floor_spawned":[8,10,16,22,23,28,29,30,35],"ascension_level":2}