{"gold_per_floor":[214,228,242,242,254,279,279,297,297,79,79,90,90,101,101,101],"floor_reached":16,"playtime":872,"items_purged":["Strike_G"],"score":172,"play_id":"f4f53354-5132-4617-9222-bde43972f48c","local_time":"20190425194428","is_ascension_mode":true,"campfire_choices":[{"floor":7.0,"key":"REST"},{"floor":11,"key":"REST"},{"floor":13,"key":"DIG"},{"floor":15,"key":"DIG"}],"neow_cost":"NONE","seed_source_timestamp":35554303251850,"circlet_count":0,"master_deck":["AscendersBane","Defend_G","Defend_G","Defend_G","Defend_G","Defend_G","Strike_G","Strike_G","Strike_G","Strike_G","Survivor","Neutralize","Flying Knee","Deadly Poison","Backflip","Well Laid Plans","Prepared","Burst","Backflip"],"special_seed":0,"relics":["Ring of the Snake","Dream Catcher","Shovel","Regal Pillow","Shuriken","Turnip"],"potions_floor_usage":[],"damage_taken":[{"damage":0.0,"enemies":"Small Slimes","floor":1.0,"turns":4.0},{"damage":3.0,"enemies":"2 Louse","floor":2.0,"turns":3.0},{"damage":2.0,"enemies":"Jaw Worm","floor":3.0,"turns":4.0},{"damage":2.0,"enemies":"Looter","floor":5.0,"turns":4.0},{"damage":44.0,"enemies":"3 Sentries","floor":6.0,"turns":17.0},{"damage":16.0,"enemies":"Exordium Wildlife","floor":8.0,"turns":7.0},{"damage":8,"enemies":"3 Louse","floor":12,"turns":5},{"damage":28,"enemies":"Large Slime","floor":14,"turns":7},{"damage":18,"enemies":"Hexaghost","floor":16,"turns":11}],"seed_played":"7978275929894329741","potions_obtained":[{"floor":3.0,"key":"SpeedPotion"},{"floor":8.0,"key":"GamblersBrew"},{"floor":14,"key":"Energy Potion"}],"is_trial":false,"path_per_floor":["M","M","M","?","M","E","R","M","T","$","R","M","R","M","R","B"],"character_chosen":"THE_SILENT","items_purchased":["Regal Pillow"],"campfire_rested":2,"item_purchase_floors":[10],"current_hp_per_floor":[63,60,58,58,56,12,33,17,17,17,53,45,45,17,17,0],"gold":101,"neow_bonus":"HUNDRED_GOLD","is_prod":false,"is_daily":false,"chose_seed":false,"campfire_upgraded":0,"win_rate":0,"timestamp":1556189068,"path_taken":["M","M","M","?","M","E","R","M","T","$","R","M","R","M","R","BOSS"],"build_version":"2019-01-23","purchased_purges":1,"victory":false,"max_hp_per_floor":[70,70,70,70,70,70,70,70,70,70,70,70,70,70,70,70],"card_choices":[{"not_picked":["Dagger Throw","Blade Dance"],"picked":"Flying Knee","floor":1.0},{"not_picked":["Sucker Punch","Deflect"],"picked":"Deadly Poison","floor":2.0},{"not_picked":["Slice","Blade Dance","Underhanded Strike"],"picked":"SKIP","floor":3.0},{"not_picked":["Finisher","Eviscerate"],"picked":"Backflip","floor":5.0},{"not_picked":["Masterful Stab","Storm of Steel"],"picked":"Well Laid Plans","floor":6.0},{"not_picked":["PiercingWail","Flying Knee"],"picked":"Prepared","floor":8.0},{"not_picked":["Bane","Outmaneuver"],"picked":"Burst","floor":11},{"not_picked":["Dodge and Roll","Bouncing Flask"],"picked":"Backflip","floor":12},{"not_picked":["Poisoned Stab","Flechettes","Backflip"],"picked":"SKIP","floor":14}],"player_experience":697764,"relics_obtained":[{"floor":6.0,"key":"Dream Catcher"},{"floor":9.0,"key":"Shovel"},{"floor":13,"key":"Shuriken"},{"floor":15,"key":"Turnip"}],"event_choices":[{"damage_healed":0.0,"max_hp_gain":0.0,"max_hp_loss":0.0,"gold_gain":0.0,"event_name":"Liars Game","player_choice":"Ignored","floor":4.0,"gold_loss":0.0,"damage_taken":0.0}],"is_beta":false,"boss_relics":[],"items_purged_floors":[10],"is_endless":false,"potions_floor_spawned":[3,8,14],"killed_by":"Hexaghost","ascension_level":13}