{"gold_per_floor":[115,115,115,131,143,143,4,4,27,27,27,61,79,98,98,98],"floor_reached":16,"playtime":1196,"items_purged":[],"score":125,"play_id":"5cedb58c-1b46-4df8-a89f-580431b10b74","local_time":"20190317124749","is_ascension_mode":true,"campfire_choices":[{"data":"Neutralize","floor":6,"key":"SMITH"},{"data":"Leg Sweep","floor":8,"key":"SMITH"},{"data":"Cloak And Dagger","floor":11,"key":"SMITH"},{"floor":15,"key":"REST"}],"neow_cost":"NONE","seed_source_timestamp":1119840668711422,"circlet_count":0,"master_deck":["Defend_G+1","Defend_G","Defend_G","Defend_G","Defend_G","Strike_G+1","Strike_G","Strike_G","Strike_G","Strike_G","Survivor","Neutralize+1","Leg Sweep+1","Cloak And Dagger+1","Leg Sweep+1","Well Laid Plans","Backstab","Leg Sweep"],"relics":["Ring of the Snake","Anchor","Lantern"],"potions_floor_usage":[12,16],"damage_taken":[{"damage":4,"enemies":"Small Slimes","floor":1,"turns":4},{"damage":0,"enemies":"2 Louse","floor":4,"turns":3},{"damage":0,"enemies":"Cultist","floor":5,"turns":5},{"damage":30,"enemies":"Gremlin Nob","floor":12,"turns":7},{"damage":0,"enemies":"Red Slaver","floor":13,"turns":4},{"damage":0,"enemies":"Exordium Thugs","floor":14,"turns":5},{"damage":57,"enemies":"Hexaghost","floor":16,"turns":19}],"seed_played":"1615212156766092830","potions_obtained":[{"floor":1,"key":"EssenceOfSteel"},{"floor":4,"key":"PowerPotion"}],"is_trial":false,"path_per_floor":["M","?","?","M","M","R","$","R","T","$","R","E","M","M","R","B"],"character_chosen":"THE_SILENT","items_purchased":["Leg Sweep","Well Laid Plans"],"campfire_rested":1,"item_purchase_floors":[7,7],"current_hp_per_floor":[73,58,58,58,58,58,58,58,58,58,58,28,28,28,51,0],"gold":98,"neow_bonus":"TEN_PERCENT_HP_BONUS","is_prod":false,"is_daily":false,"chose_seed":false,"campfire_upgraded":3,"win_rate":0,"timestamp":1552841269,"path_taken":["M","?","?","M","?","R","?","R","T","?","R","E","M","?","R","BOSS"],"build_version":"2019-01-23","purchased_purges":0,"victory":false,"max_hp_per_floor":[77,77,77,77,77,77,77,77,77,77,77,77,77,77,77,77],"card_choices":[{"not_picked":["Dagger Throw","Outmaneuver"],"picked":"Leg Sweep","floor":1},{"not_picked":["Deflect","Blade Dance"],"picked":"Cloak And Dagger","floor":4},{"not_picked":["Accuracy","Prepared","Dodge and Roll"],"picked":"SKIP","floor":5},{"not_picked":["Slice","Concentrate","Underhanded Strike"],"picked":"SKIP","floor":12},{"not_picked":["Underhanded Strike","Distraction"],"picked":"Backstab","floor":13},{"not_picked":["Quick Slash","Underhanded Strike"],"picked":"Leg Sweep","floor":14}],"player_experience":764619,"relics_obtained":[{"floor":9,"key":"Anchor"},{"floor":12,"key":"Lantern"}],"event_choices":[{"damage_healed":0,"gold_gain":0,"player_choice":"Entered Light","damage_taken":15,"max_hp_gain":0,"max_hp_loss":0,"event_name":"Shining Light","floor":2,"gold_loss":0,"cards_upgraded":["Defend_G","Strike_G"]},{"damage_healed":0,"gold_gain":0,"player_choice":"Upgraded","damage_taken":0,"max_hp_gain":0,"max_hp_loss":0,"event_name":"Upgrade Shrine","floor":3,"gold_loss":0,"cards_upgraded":["Leg Sweep"]}],"is_beta":false,"boss_relics":[],"items_purged_floors":[],"is_endless":false,"potions_floor_spawned":[1,4],"killed_by":"Hexaghost","ascension_level":5}