{"gold_per_floor":[114,114,131,306,319,333,333,674,674,697,728,728,751,751,751,870,870,870,870,870,870,404,404,404,404,404,404,404,404,404,404,404,404,404,404,404,404,404,404,404,404,404,404,404,404],"floor_reached":45,"playtime":4208,"items_purged":["Doubt"],"score":549,"play_id":"9ac2c3dc-76df-4229-ba3f-f901e0c7cf30","local_time":"20190404113817","is_ascension_mode":false,"campfire_choices":[{"floor":12,"key":"REST"},{"floor":15,"key":"REST"},{"floor":23,"key":"REST"},{"data":"Body Slam","floor":29,"key":"SMITH"},{"floor":32,"key":"REST"},{"floor":40,"key":"REST"},{"floor":42,"key":"REST"}],"neow_cost":"NONE","seed_source_timestamp":569930377200311,"circlet_count":0,"master_deck":["Strike_R","Strike_R","Strike_R","Strike_R","Strike_R","Defend_R","Defend_R","Defend_R","Defend_R","Bash","Limit Break","Shrug It Off","Shrug It Off","Rage","Cleave","Injury","Shockwave","Inflame","Clothesline","Perfected Strike","Double Tap","Body Slam+1","Second Wind","Thunderclap","Armaments","Demon Form","Twin Strike","Whirlwind","Flame Barrier","Metallicize+1","Double Tap","Battle Trance","Dark Shackles","Chrysalis","Burning Pact+1","Anger+1","Corruption+1","Metallicize+1"],"relics":["Burning Blood","Blue Candle","Golden Idol","Old Coin","Thread and Needle","Centennial Puzzle","Happy Flower","Ectoplasm","Lantern","Self Forming Clay","Strawberry","Pear","Boot","Mark of Pain","FossilizedHelix","Bird Faced Urn"],"potions_floor_usage":[8,11,16,16,16,27,27,33,41,45],"damage_taken":[{"damage":2,"enemies":"Small Slimes","floor":1,"turns":4},{"damage":5,"enemies":"2 Louse","floor":3,"turns":3},{"damage":6,"enemies":"Jaw Worm","floor":5,"turns":5},{"damage":3,"enemies":"3 Louse","floor":6,"turns":6},{"damage":30,"enemies":"3 Sentries","floor":8,"turns":14},{"damage":5,"enemies":"Blue Slaver","floor":10,"turns":6},{"damage":31,"enemies":"Gremlin Nob","floor":11,"turns":6},{"damage":13,"enemies":"Gremlin Gang","floor":13,"turns":5},{"damage":45,"enemies":"Hexaghost","floor":16,"turns":10},{"damage":13,"enemies":"Spheric Guardian","floor":18,"turns":6},{"damage":24,"enemies":"3 Byrds","floor":20,"turns":8},{"damage":7,"enemies":"Cultist and Chosen","floor":21,"turns":5},{"damage":3,"enemies":"Snake Plant","floor":24,"turns":4},{"damage":0,"enemies":"Snecko","floor":25,"turns":4},{"damage":27,"enemies":"Slavers","floor":27,"turns":6},{"damage":9,"enemies":"Centurion and Healer","floor":28,"turns":5},{"damage":23,"enemies":"Gremlin Leader","floor":30,"turns":5},{"damage":6,"enemies":"Cultist and Chosen","floor":31,"turns":4},{"damage":67,"enemies":"Collector","floor":33,"turns":13},{"damage":6,"enemies":"Orb Walker","floor":35,"turns":2},{"damage":32,"enemies":"3 Shapes","floor":37,"turns":7},{"damage":18,"enemies":"Spire Growth","floor":38,"turns":6},{"damage":46,"enemies":"Nemesis","floor":41,"turns":7},{"damage":0,"enemies":"Maw","floor":44,"turns":9},{"damage":100,"enemies":"2 Orb Walkers","floor":45,"turns":6}],"seed_played":"-7105487348945343018","potions_obtained":[{"floor":5,"key":"Swift Potion"},{"floor":8,"key":"Swift Potion"},{"floor":10,"key":"EntropicBrew"},{"floor":11,"key":"PowerPotion"},{"floor":13,"key":"FearPotion"},{"floor":18,"key":"Energy Potion"},{"floor":21,"key":"Block Potion"},{"floor":33,"key":"FearPotion"},{"floor":35,"key":"Weak Potion"},{"floor":37,"key":"Dexterity Potion"}],"is_trial":false,"path_per_floor":["M","?","M","?","M","M","?","E","T","M","E","R","M","?","R","B",null,"M","?","M","M","$","R","M","M","T","E","M","R","E","M","R","B",null,"M","?","M","M","?","R","E","R","T","M","?"],"character_chosen":"IRONCLAD","items_purchased":["Lantern","Self Forming Clay"],"campfire_rested":6,"item_purchase_floors":[22,22],"current_hp_per_floor":[80,80,80,80,80,80,80,56,56,57,32,56,49,49,73,34,80,73,73,55,54,54,78,80,80,87,76,73,73,56,56,85,33,97,97,92,66,54,54,83,43,72,72,84,0],"gold":404,"neow_bonus":"ONE_RANDOM_RARE_CARD","is_prod":false,"is_daily":false,"chose_seed":false,"campfire_upgraded":1,"win_rate":0,"timestamp":1554392297,"path_taken":["M","?","M","?","M","M","?","E","T","M","E","R","?","?","R","BOSS","M","?","M","?","$","R","M","M","T","E","M","R","E","M","R","BOSS","M","?","M","M","?","R","E","R","T","?","?"],"build_version":"2019-01-23","purchased_purges":1,"victory":false,"max_hp_per_floor":[80,80,80,80,80,80,80,80,80,80,80,80,80,80,80,80,80,80,80,80,80,80,80,80,80,87,97,97,97,97,97,97,97,97,97,97,97,97,97,97,97,97,97,97,97],"card_choices":[{"not_picked":["Clothesline","Anger"],"picked":"Shrug It Off","floor":1},{"not_picked":["Anger","Twin Strike"],"picked":"Shrug It Off","floor":3},{"not_picked":["Sword Boomerang","Anger"],"picked":"Rage","floor":5},{"not_picked":["Flex","Infernal Blade"],"picked":"Cleave","floor":6},{"not_picked":["Disarm","Corruption"],"picked":"Shockwave","floor":8},{"not_picked":["Searing Blow","True Grit"],"picked":"Inflame","floor":10},{"not_picked":["Dual Wield","Clash"],"picked":"Clothesline","floor":11},{"not_picked":["Searing Blow","Dual Wield"],"picked":"Perfected Strike","floor":13},{"not_picked":["Bludgeon","Reaper"],"picked":"Double Tap","floor":16},{"not_picked":["Heavy Blade","Combust"],"picked":"Body Slam","floor":18},{"not_picked":["Body Slam","Burning Pact+1"],"picked":"Second Wind","floor":20},{"not_picked":["Dual Wield","Spot Weakness"],"picked":"Thunderclap","floor":21},{"not_picked":["Shockwave+1","Battle Trance"],"picked":"Armaments","floor":24},{"not_picked":["Evolve","Infernal Blade"],"picked":"Demon Form","floor":25},{"not_picked":["Reckless Charge","Clash"],"picked":"Twin Strike","floor":27},{"not_picked":["True Grit","Clothesline"],"picked":"Whirlwind","floor":28},{"not_picked":["Shrug It Off+1","Reckless Charge"],"picked":"Flame Barrier","floor":30},{"not_picked":["Searing Blow","Wild Strike"],"picked":"Metallicize+1","floor":31},{"not_picked":["Demon Form","Barricade"],"picked":"Double Tap","floor":33},{"not_picked":["Anger","Sword Boomerang"],"picked":"Battle Trance","floor":35},{"not_picked":["HandOfGreed","Deep Breath"],"picked":"Dark Shackles","floor":36},{"not_picked":["Dark Shackles","Violence"],"picked":"Chrysalis","floor":36},{"not_picked":["Sever Soul","Spot Weakness"],"picked":"Burning Pact+1","floor":37},{"not_picked":["Second Wind+1","Rampage"],"picked":"Anger+1","floor":38},{"not_picked":["Spot Weakness","Body Slam"],"picked":"Corruption+1","floor":41},{"not_picked":["True Grit+1","Sword Boomerang"],"picked":"Metallicize+1","floor":44}],"player_experience":37785,"relics_obtained":[{"floor":8,"key":"Old Coin"},{"floor":9,"key":"Thread and Needle"},{"floor":11,"key":"Centennial Puzzle"},{"floor":26,"key":"Strawberry"},{"floor":27,"key":"Pear"},{"floor":30,"key":"Boot"},{"floor":41,"key":"FossilizedHelix"},{"floor":43,"key":"Bird Faced Urn"}],"event_choices":[{"damage_healed":0,"gold_gain":0,"player_choice":"Box","damage_taken":0,"relics_obtained":["Blue Candle"],"max_hp_gain":0,"max_hp_loss":0,"event_name":"Big Fish","floor":2,"gold_loss":0,"cards_obtained":["Regret"]},{"damage_healed":0,"gold_gain":175,"player_choice":"AGREE","damage_taken":0,"max_hp_gain":0,"max_hp_loss":0,"event_name":"Liars Game","floor":4,"gold_loss":0,"cards_obtained":["Doubt"]},{"damage_healed":0,"gold_gain":0,"player_choice":"Take Wound","damage_taken":0,"relics_obtained":["Golden Idol"],"max_hp_gain":0,"max_hp_loss":0,"event_name":"Golden Idol","floor":7,"gold_loss":0,"cards_obtained":["Injury"]},{"damage_healed":0,"gold_gain":0,"player_choice":"Searched \u00271\u0027 times","damage_taken":0,"relics_obtained":["Happy Flower"],"max_hp_gain":0,"max_hp_loss":0,"event_name":"Dead Adventurer","floor":14,"gold_loss":0},{"cards_removed":["Regret"],"damage_healed":0,"gold_gain":0,"player_choice":"Purged","damage_taken":0,"max_hp_gain":0,"max_hp_loss":0,"event_name":"Purifier","floor":19,"gold_loss":0},{"damage_healed":0,"gold_gain":0,"player_choice":"Memory 2","damage_taken":5,"max_hp_gain":0,"max_hp_loss":0,"event_name":"SensoryStone","floor":36,"gold_loss":0},{"damage_healed":0,"gold_gain":100,"player_choice":"Pray","damage_taken":0,"max_hp_gain":0,"max_hp_loss":0,"event_name":"Golden Shrine","floor":39,"gold_loss":0},{"damage_healed":0,"gold_gain":0,"player_choice":"Fight","damage_taken":0,"max_hp_gain":0,"max_hp_loss":0,"event_name":"Mysterious Sphere","floor":45,"gold_loss":0}],"is_beta":false,"boss_relics":[{"not_picked":["Black Blood","Runic Cube"],"picked":"Ectoplasm"},{"not_picked":["Astrolabe","Calling Bell"],"picked":"Mark of Pain"}],"items_purged_floors":[22],"is_endless":false,"potions_floor_spawned":[5,8,10,11,13,18,20,21,25,33,35,37],"killed_by":"2 Orb Walkers","ascension_level":0}