{"gold_per_floor":[17,36,136,68,81,81,115,115,115,115,115,125,137,137],"floor_reached":14,"playtime":1571,"items_purged":[],"score":90,"play_id":"910e5fc9-7c18-4320-8556-1e04a652091e","local_time":"20181224213125","is_ascension_mode":false,"campfire_choices":[{"data":"Barricade","floor":6,"key":"SMITH"},{"data":"True Grit","floor":8,"key":"SMITH"},{"data":"Spot Weakness","floor":10,"key":"SMITH"}],"neow_cost":"NO_GOLD","seed_source_timestamp":627938626767769,"circlet_count":0,"master_deck":["Strike_R","Strike_R","Strike_R","Strike_R","Strike_R","Defend_R","Defend_R","Defend_R","Defend_R","Bash","Barricade+1","Body Slam","Heavy Blade","Spot Weakness+1","Inflame","True Grit+1","Battle Trance","Metallicize"],"relics":["Burning Blood","Juzu Bracelet","Sundial","The Courier"],"potions_floor_usage":[7,14],"damage_taken":[{"damage":5,"enemies":"Small Slimes","floor":1,"turns":5},{"damage":10,"enemies":"Cultist","floor":2,"turns":4},{"damage":6,"enemies":"Jaw Worm","floor":5,"turns":3},{"damage":21,"enemies":"Lagavulin","floor":7,"turns":7},{"damage":22,"enemies":"Gremlin Gang","floor":12,"turns":7},{"damage":2,"enemies":"Large Slime","floor":13,"turns":4},{"damage":27,"enemies":"3 Sentries","floor":14,"turns":4}],"seed_played":"-1007346689705243908","potions_obtained":[{"floor":2,"key":"SteroidPotion"},{"floor":7,"key":"Ancient Potion"},{"floor":13,"key":"SpeedPotion"}],"is_trial":false,"path_per_floor":["M","M","?","$","M","R","E","R","T","R","?","M","M","E"],"character_chosen":"IRONCLAD","items_purchased":["Spot Weakness"],"campfire_rested":0,"item_purchase_floors":[4],"current_hp_per_floor":[80,76,76,76,76,76,61,61,61,61,36,20,24,0],"gold":137,"neow_bonus":"THREE_RARE_CARDS","is_prod":false,"is_daily":false,"chose_seed":false,"campfire_upgraded":3,"win_rate":0,"timestamp":1545705085,"path_taken":["M","M","?","$","M","R","E","R","T","R","?","M","M","E"],"build_version":"2018-12-20","purchased_purges":0,"victory":false,"max_hp_per_floor":[80,80,80,80,80,80,80,80,80,80,80,80,80,80],"card_choices":[{"not_picked":["Bludgeon","Limit Break"],"picked":"Barricade","floor":0},{"not_picked":["Wild Strike","Pommel Strike"],"picked":"Body Slam","floor":1},{"not_picked":["Twin Strike","Wild Strike"],"picked":"Heavy Blade","floor":2},{"not_picked":["Carnage","Warcry"],"picked":"Inflame","floor":5},{"not_picked":["Heavy Blade","Power Through"],"picked":"True Grit","floor":7},{"not_picked":["Fiend Fire","Clash"],"picked":"Battle Trance","floor":12},{"not_picked":["Blood for Blood","Heavy Blade"],"picked":"Metallicize","floor":13}],"player_experience":502187,"relics_obtained":[{"floor":7,"key":"Juzu Bracelet"},{"floor":9,"key":"Sundial"}],"event_choices":[{"damage_healed":0,"gold_gain":100,"player_choice":"Pray","damage_taken":0,"max_hp_gain":0,"max_hp_loss":0,"event_name":"Golden Shrine","floor":3,"gold_loss":0},{"damage_healed":0,"gold_gain":0,"player_choice":"Success","damage_taken":25,"relics_obtained":["The Courier"],"max_hp_gain":0,"max_hp_loss":0,"event_name":"Scrap Ooze","floor":11,"gold_loss":0}],"is_beta":false,"boss_relics":[],"items_purged_floors":[],"is_endless":false,"potions_floor_spawned":[2,7,13],"killed_by":"3 Sentries","ascension_level":0}