{"gold_per_floor":[118,129,144,94,94,135,154,168,168,168,189,213,213,236,236,362,362,376,399,417,437,437,437,480,492],"floor_reached":25,"playtime":3684,"items_purged":[],"score":229,"play_id":"9a63e296-dbd9-428b-9d75-5311c0251f1b","local_time":"20181225223029","is_ascension_mode":false,"campfire_choices":[{"data":"Sunder","floor":10,"key":"SMITH"},{"floor":13,"key":"REST"},{"floor":15,"key":"REST"},{"floor":23,"key":"REST"}],"neow_cost":"NONE","seed_source_timestamp":671884240657873,"circlet_count":0,"master_deck":["Strike_B","Strike_B","Strike_B","Defend_B","Defend_B","Defend_B","Defend_B","Zap","Dualcast","Undo","Sunder+1","Conserve Battery+1","Conserve Battery+1","Seek+1","Hologram+1","Consume+1","BootSequence+1","Static Discharge","BootSequence+1","White Noise+1"],"relics":["Cracked Core","Boot","Golden Idol","Mummified Hand","Toxic Egg 2","Black Star","Gremlin Horn","MawBank"],"potions_floor_usage":[14,16,16,20,20,24],"damage_taken":[{"damage":1,"enemies":"Jaw Worm","floor":1,"turns":3},{"damage":0,"enemies":"Cultist","floor":2,"turns":3},{"damage":0,"enemies":"2 Louse","floor":3,"turns":2},{"damage":39,"enemies":"Gremlin Nob","floor":6,"turns":5},{"damage":0,"enemies":"Looter","floor":7,"turns":4},{"damage":18,"enemies":"Exordium Thugs","floor":8,"turns":8},{"damage":3,"enemies":"Lots of Slimes","floor":11,"turns":3},{"damage":0,"enemies":"Looter","floor":12,"turns":2},{"damage":0,"enemies":"3 Louse","floor":14,"turns":3},{"damage":10,"enemies":"The Guardian","floor":16,"turns":13},{"damage":18,"enemies":"3 Byrds","floor":18,"turns":6},{"damage":7,"enemies":"Shell Parasite","floor":19,"turns":15},{"damage":8,"enemies":"Snake Plant","floor":20,"turns":3},{"damage":6,"enemies":"Centurion and Healer","floor":21,"turns":8},{"damage":52,"enemies":"Gremlin Leader","floor":24,"turns":9},{"damage":7,"enemies":"Shelled Parasite and Fungi","floor":25,"turns":3}],"seed_played":"-4206697452143999784","potions_obtained":[{"floor":2,"key":"Regen Potion"},{"floor":6,"key":"EntropicBrew"},{"floor":12,"key":"Energy Potion"},{"floor":19,"key":"Regen Potion"}],"is_trial":false,"path_per_floor":["M","M","M","?","?","E","M","M","T","R","M","M","R","M","R","B",null,"M","M","M","M","?","R","E","M"],"character_chosen":"DEFECT","items_purchased":[],"campfire_rested":3,"item_purchase_floors":[],"current_hp_per_floor":[74,74,74,74,69,30,30,12,12,12,9,9,29,34,54,44,69,51,44,45,39,39,59,7,0],"gold":492,"neow_bonus":"RANDOM_COMMON_RELIC","is_prod":false,"is_daily":false,"chose_seed":false,"campfire_upgraded":1,"win_rate":0,"timestamp":1545795029,"path_taken":["M","M","M","?","?","E","?","M","T","R","M","M","R","M","R","BOSS","M","M","?","M","?","R","E","M"],"build_version":"2018-12-20","purchased_purges":0,"victory":false,"max_hp_per_floor":[75,75,75,75,69,69,69,69,69,69,69,69,69,69,69,69,69,69,69,69,69,69,69,69,69],"card_choices":[{"not_picked":["Beam Cell","Steam","Compile Driver"],"picked":"SKIP","floor":1},{"not_picked":["Stack","Scrape","Beam Cell"],"picked":"SKIP","floor":2},{"not_picked":["Rebound","Sweeping Beam"],"picked":"Undo","floor":3},{"not_picked":["Barrage","Stack","Streamline"],"picked":"SKIP","floor":6},{"not_picked":["Gash","Leap"],"picked":"Sunder","floor":7},{"not_picked":["Blizzard","Turbo","Hologram"],"picked":"SKIP","floor":8},{"not_picked":["Tempest+1","Loop"],"picked":"Conserve Battery+1","floor":11},{"not_picked":["Aggregate+1","Streamline"],"picked":"Conserve Battery+1","floor":12},{"not_picked":["Static Discharge","Sweeping Beam","Rainbow+1"],"picked":"SKIP","floor":14},{"not_picked":["Reboot+1","Multi-Cast+1"],"picked":"Seek+1","floor":16},{"not_picked":["Steam Power+1","Turbo+1"],"picked":"Hologram+1","floor":18},{"not_picked":["Hello World","Conserve Battery+1"],"picked":"Consume+1","floor":19},{"not_picked":["Compile Driver","Rebound"],"picked":"BootSequence+1","floor":20},{"not_picked":["Rebound+1","Ball Lightning"],"picked":"Static Discharge","floor":21},{"not_picked":["Rebound+1","Leap+1"],"picked":"White Noise+1","floor":24}],"player_experience":543765,"relics_obtained":[{"floor":6,"key":"Mummified Hand"},{"floor":9,"key":"Toxic Egg 2"},{"floor":24,"key":"Gremlin Horn"},{"floor":24,"key":"MawBank"}],"event_choices":[{"cards_removed":["Strike_B"],"damage_healed":0,"gold_gain":0,"player_choice":"Card Removal","damage_taken":0,"max_hp_gain":0,"max_hp_loss":0,"event_name":"The Cleric","floor":4,"gold_loss":50},{"damage_healed":0,"gold_gain":0,"player_choice":"Lose Max HP","damage_taken":0,"relics_obtained":["Golden Idol"],"max_hp_gain":0,"max_hp_loss":6,"event_name":"Golden Idol","floor":5,"gold_loss":0},{"damage_healed":0,"gold_gain":0,"player_choice":"Read","damage_taken":0,"max_hp_gain":0,"max_hp_loss":0,"event_name":"The Library","floor":22,"gold_loss":0,"cards_obtained":["BootSequence"]}],"is_beta":false,"boss_relics":[{"not_picked":["Inserter","Orrery"],"picked":"Black Star"}],"items_purged_floors":[],"is_endless":false,"potions_floor_spawned":[2,6,12,18,19],"killed_by":"Shelled Parasite and Fungi","ascension_level":0}