{"gold_per_floor":[115,40,57,57,57,57,92,42,69,81,104,126,138,150,162,174],"floor_reached":16,"playtime":1574,"items_purged":["Strike_R"],"score":98,"play_id":"b0a7b338-bbec-4c2a-ad31-193b2bdbfe77","local_time":"20181225003503","is_ascension_mode":false,"campfire_choices":[{"data":"Flame Barrier","floor":6,"key":"SMITH"},{"data":"Shrug It Off","floor":10,"key":"SMITH"},{"data":"Ghostly Armor","floor":13,"key":"SMITH"},{"data":"Bash","floor":15,"key":"SMITH"}],"neow_cost":"NONE","seed_source_timestamp":638951402746019,"circlet_count":0,"master_deck":["Strike_R","Strike_R","Strike_R","Defend_R","Defend_R","Defend_R","Defend_R","Bash+1","Flame Barrier+1","Ghostly Armor+1","Shrug It Off+1"],"relics":["Burning Blood","Ginger","MawBank","Bag of Preparation"],"potions_floor_usage":[0,7,7,12,12,16],"damage_taken":[{"damage":1,"enemies":"Cultist","floor":1,"turns":4},{"damage":6,"enemies":"Jaw Worm","floor":3,"turns":5},{"damage":16,"enemies":"Lagavulin","floor":7,"turns":11},{"damage":0,"enemies":"Small Slimes","floor":11,"turns":4},{"damage":0,"enemies":"Gremlin Gang","floor":12,"turns":7},{"damage":83,"enemies":"Slime Boss","floor":16,"turns":15}],"seed_played":"8203171403356543733","potions_obtained":[{"floor":0,"key":"SkillPotion"},{"floor":0,"key":"AttackPotion"},{"floor":0,"key":"Fruit Juice"},{"floor":1,"key":"SkillPotion"},{"floor":7,"key":"SpeedPotion"},{"floor":11,"key":"Swift Potion"}],"is_trial":false,"path_per_floor":["M","$","M","?","?","R","E","$","T","R","M","M","R","?","R","B"],"character_chosen":"IRONCLAD","items_purchased":["Shrug It Off"],"campfire_rested":0,"item_purchase_floors":[8],"current_hp_per_floor":[85,85,85,78,78,78,68,68,68,68,74,80,80,73,73,0],"gold":174,"neow_bonus":"THREE_SMALL_POTIONS","is_prod":false,"is_daily":false,"chose_seed":false,"campfire_upgraded":4,"win_rate":0,"timestamp":1545716103,"path_taken":["M","?","?","?","?","R","E","$","T","R","?","M","R","?","R","BOSS"],"build_version":"2018-12-20","purchased_purges":1,"victory":false,"max_hp_per_floor":[85,85,85,85,85,85,85,85,85,85,85,85,85,85,85,85],"card_choices":[{"not_picked":["Blood for Blood","Havoc","Armaments"],"picked":"SKIP","floor":1},{"not_picked":["Anger","Clash"],"picked":"Flame Barrier","floor":3},{"not_picked":["Berserk","Searing Blow"],"picked":"Ghostly Armor","floor":7},{"not_picked":["Hemokinesis","Clash","Pommel Strike"],"picked":"SKIP","floor":11},{"not_picked":["Clash","Armaments","Sword Boomerang"],"picked":"SKIP","floor":12}],"player_experience":513115,"relics_obtained":[{"floor":7,"key":"Ginger"},{"floor":9,"key":"MawBank"}],"event_choices":[{"cards_removed":["Strike_R"],"damage_healed":0,"gold_gain":0,"player_choice":"Card Removal","damage_taken":7,"max_hp_gain":0,"max_hp_loss":0,"event_name":"Golden Wing","floor":4,"gold_loss":0},{"damage_healed":0,"gold_gain":0,"player_choice":"Bought 0 Potions","damage_taken":0,"max_hp_gain":0,"max_hp_loss":0,"event_name":"The Woman in Blue","floor":5,"gold_loss":0},{"damage_healed":0,"gold_gain":0,"player_choice":"Success","damage_taken":7,"relics_obtained":["Bag of Preparation"],"max_hp_gain":0,"max_hp_loss":0,"event_name":"Scrap Ooze","floor":14,"gold_loss":0}],"is_beta":false,"boss_relics":[],"items_purged_floors":[2],"is_endless":false,"potions_floor_spawned":[1,7,11],"killed_by":"Slime Boss","ascension_level":0}