{"gold_per_floor":[360,17,17,37,53,53,53,65,92,92,126,126,136,152,152,152],"floor_reached":16,"playtime":1248,"items_purged":["Strike_B"],"score":179,"play_id":"669cb0f3-854c-4b7a-a356-2c6dc0b1d1f6","local_time":"20190422213346","is_ascension_mode":true,"campfire_choices":[{"data":"Zap","floor":6,"key":"SMITH"},{"data":"Coolheaded","floor":12,"key":"SMITH"},{"data":"Cold Snap","floor":15,"key":"SMITH"}],"neow_cost":"TEN_PERCENT_HP_LOSS","seed_source_timestamp":662561965023776,"circlet_count":0,"master_deck":["AscendersBane","Strike_B","Strike_B","Defend_B","Defend_B+1","Defend_B","Defend_B","Zap+1","Dualcast+1","Capacitor+1","Coolheaded+1","Cold Snap+1"],"relics":["Cracked Core","Toy Ornithopter","Happy Flower","Strawberry"],"potions_floor_usage":[8,13,14],"damage_taken":[{"damage":0,"enemies":"2 Louse","floor":1,"turns":3},{"damage":1,"enemies":"Cultist","floor":4,"turns":4},{"damage":8,"enemies":"Jaw Worm","floor":5,"turns":4},{"damage":0,"enemies":"Looter","floor":8,"turns":3},{"damage":6,"enemies":"Lagavulin","floor":11,"turns":9},{"damage":6,"enemies":"Lots of Slimes","floor":13,"turns":4},{"damage":3,"enemies":"2 Fungi Beasts","floor":14,"turns":4},{"damage":48,"enemies":"Hexaghost","floor":16,"turns":14}],"seed_played":"-5974399949603468973","potions_obtained":[{"floor":5,"key":"EssenceOfSteel"},{"floor":8,"key":"SkillPotion"},{"floor":11,"key":"FearPotion"}],"is_trial":false,"path_per_floor":["M","$","?","M","M","R","?","M","T","?","E","R","M","M","R","B"],"character_chosen":"DEFECT","items_purchased":["Toy Ornithopter","Capacitor"],"campfire_rested":0,"item_purchase_floors":[2,2],"current_hp_per_floor":[64,64,64,63,55,55,36,41,41,41,42,42,41,43,43,0],"gold":152,"neow_bonus":"TWO_FIFTY_GOLD","is_prod":false,"is_daily":false,"chose_seed":false,"campfire_upgraded":3,"win_rate":0,"timestamp":1555983226,"path_taken":["M","$","?","?","?","R","?","M","T","?","E","R","M","M","R","BOSS"],"build_version":"2019-01-23","purchased_purges":1,"victory":false,"max_hp_per_floor":[64,64,64,64,64,64,64,64,64,64,71,71,71,71,71,71],"card_choices":[{"not_picked":["Redo","Static Discharge","Reprogram"],"picked":"SKIP","floor":1},{"not_picked":["Stack","Compile Driver","Gash"],"picked":"SKIP","floor":4},{"not_picked":["Streamline","Rip and Tear","Static Discharge"],"picked":"SKIP","floor":5},{"not_picked":["Rip and Tear","Tempest"],"picked":"Coolheaded","floor":8},{"not_picked":["Streamline","Beam Cell","Reprogram"],"picked":"SKIP","floor":11},{"not_picked":["Aggregate","Hologram","Leap"],"picked":"SKIP","floor":13},{"not_picked":["Genetic Algorithm","Rip and Tear"],"picked":"Cold Snap","floor":14}],"player_experience":861133,"relics_obtained":[{"floor":9,"key":"Happy Flower"},{"floor":11,"key":"Strawberry"}],"event_choices":[{"damage_healed":0,"gold_gain":0,"player_choice":"Forge","damage_taken":0,"max_hp_gain":0,"max_hp_loss":0,"event_name":"Accursed Blacksmith","floor":3,"gold_loss":0,"cards_upgraded":["Capacitor"]},{"damage_healed":0,"gold_gain":0,"player_choice":"Entered Light","damage_taken":19,"max_hp_gain":0,"max_hp_loss":0,"event_name":"Shining Light","floor":7,"gold_loss":0,"cards_upgraded":["Dualcast","Defend_B"]},{"cards_removed":["Strike_B"],"damage_healed":0,"gold_gain":0,"player_choice":"Purged","damage_taken":0,"max_hp_gain":0,"max_hp_loss":0,"event_name":"Purifier","floor":10,"gold_loss":0}],"is_beta":false,"boss_relics":[],"items_purged_floors":[2],"is_endless":false,"potions_floor_spawned":[5,8,11],"killed_by":"Hexaghost","ascension_level":15}