{"gold_per_floor":[116,116,116,127,137,165,165,180,207,207,72,72,92,105,105,209,209,221,161,180,200,213,245,245,275,275,300,319,319,337,337],"floor_reached":31,"playtime":2437,"items_purged":[],"score":279,"play_id":"87ea6722-ff4c-4b58-abaa-5d1e7bd3a913","local_time":"20190409150647","is_ascension_mode":false,"campfire_choices":[{"floor":7,"key":"REST"},{"floor":10,"key":"REST"},{"data":"Defragment","floor":12,"key":"SMITH"},{"floor":15,"key":"REST"},{"floor":24,"key":"REST"}],"neow_cost":"NONE","seed_source_timestamp":1016206062770679,"circlet_count":0,"master_deck":["Strike_B","Strike_B+1","Strike_B+1","Defend_B","Defend_B","Defend_B","Zap+1","Dualcast","Turbo","Defragment+1","Go for the Eyes","Reboot","Cold Snap","Multi-Cast+1","Barrage","Redo","Multi-Cast","Barrage+1","Meteor Strike","Reboot","Steam+1","Leap+1","Turbo+1","Steam+1","Core Surge","Consume","Doom and Gloom","Tempest+1"],"relics":["Cracked Core","Happy Flower","Pen Nib","Whetstone","Centennial Puzzle","Inserter","FossilizedHelix","Orichalcum","Lantern","Red Mask"],"potions_floor_usage":[16,23,25,25,30,31],"damage_taken":[{"damage":0,"enemies":"2 Louse","floor":1,"turns":3},{"damage":0,"enemies":"Small Slimes","floor":4,"turns":3},{"damage":1,"enemies":"Cultist","floor":5,"turns":3},{"damage":30,"enemies":"3 Sentries","floor":6,"turns":7},{"damage":16,"enemies":"Gremlin Gang","floor":8,"turns":4},{"damage":7,"enemies":"Large Slime","floor":13,"turns":2},{"damage":8,"enemies":"Red Slaver","floor":14,"turns":2},{"damage":30,"enemies":"Slime Boss","floor":16,"turns":8},{"damage":20,"enemies":"Spheric Guardian","floor":18,"turns":4},{"damage":0,"enemies":"Chosen","floor":20,"turns":4},{"damage":8,"enemies":"Snecko","floor":21,"turns":4},{"damage":25,"enemies":"Centurion and Healer","floor":22,"turns":7},{"damage":5,"enemies":"Book of Stabbing","floor":23,"turns":4},{"damage":38,"enemies":"Gremlin Leader","floor":25,"turns":7},{"damage":0,"enemies":"Masked Bandits","floor":27,"turns":4},{"damage":0,"enemies":"Shelled Parasite and Fungi","floor":28,"turns":5},{"damage":8,"enemies":"Sentry and Sphere","floor":30,"turns":4},{"damage":8,"enemies":"Snake Plant","floor":31,"turns":3}],"seed_played":"5619865524798155142","potions_obtained":[{"floor":8,"key":"SpeedPotion"},{"floor":13,"key":"SteroidPotion"},{"floor":14,"key":"EssenceOfSteel"},{"floor":16,"key":"GamblersBrew"},{"floor":23,"key":"Regen Potion"},{"floor":28,"key":"EssenceOfSteel"},{"floor":30,"key":"EssenceOfSteel"}],"is_trial":false,"path_per_floor":["M","?","?","M","M","E","R","M","T","R","$","R","M","M","R","B",null,"M","?","M","M","M","E","R","E","T","?","M","?","M","M"],"character_chosen":"DEFECT","items_purchased":["Multi-Cast"],"campfire_rested":4,"item_purchase_floors":[11],"current_hp_per_floor":[75,68,68,68,67,37,59,43,43,65,65,65,58,50,72,42,75,55,55,55,47,22,17,39,16,16,16,16,16,8,0],"gold":337,"neow_bonus":"RANDOM_COMMON_RELIC","is_prod":false,"is_daily":false,"chose_seed":false,"campfire_upgraded":1,"win_rate":0.0,"timestamp":1554836807,"path_taken":["M","?","?","M","?","E","R","M","T","R","$","R","M","?","R","BOSS","M","?","M","M","?","E","R","E","T","?","M","?","M","M"],"build_version":"2019-01-23","purchased_purges":0,"victory":false,"max_hp_per_floor":[75,75,75,75,75,75,75,75,75,75,75,75,75,75,75,75,75,75,75,75,75,75,75,75,75,75,75,75,75,75,75],"card_choices":[{"not_picked":["Barrage","Auto Shields"],"picked":"Turbo","floor":1},{"not_picked":["Recycle","Chaos"],"picked":"Defragment","floor":4},{"not_picked":["Beam Cell","Steam"],"picked":"Go for the Eyes","floor":5},{"not_picked":["Steam","Chill"],"picked":"Reboot","floor":6},{"not_picked":["Hologram","Blizzard"],"picked":"Cold Snap","floor":8},{"not_picked":["Cold Snap","Stack"],"picked":"Barrage","floor":13},{"not_picked":["Beam Cell","Hologram"],"picked":"Redo","floor":14},{"not_picked":["Reboot","Hyperbeam"],"picked":"Multi-Cast","floor":16},{"not_picked":["Turbo","Ball Lightning"],"picked":"Barrage+1","floor":18},{"not_picked":["Rip and Tear","Stack"],"picked":"Steam+1","floor":20},{"not_picked":["Steam+1","Go for the Eyes"],"picked":"Leap+1","floor":21},{"not_picked":["Compile Driver","Gash"],"picked":"Turbo+1","floor":22},{"not_picked":["Compile Driver","Beam Cell"],"picked":"Steam+1","floor":23},{"not_picked":["Defragment","Cold Snap"],"picked":"Core Surge","floor":25},{"not_picked":["Tempest","Compile Driver+1"],"picked":"Consume","floor":27},{"not_picked":["Chill","Darkness+1"],"picked":"Doom and Gloom","floor":28},{"not_picked":["FTL+1","Beam Cell"],"picked":"Tempest+1","floor":30}],"player_experience":80272,"relics_obtained":[{"floor":6,"key":"Whetstone"},{"floor":9,"key":"Centennial Puzzle"},{"floor":23,"key":"FossilizedHelix"},{"floor":25,"key":"Orichalcum"},{"floor":26,"key":"Lantern"},{"floor":27,"key":"Red Mask"}],"event_choices":[{"damage_healed":0,"gold_gain":0,"player_choice":"Success","damage_taken":7,"relics_obtained":["Pen Nib"],"max_hp_gain":0,"max_hp_loss":0,"event_name":"Scrap Ooze","floor":2,"gold_loss":0},{"damage_healed":0,"gold_gain":0,"player_choice":"Upgraded","damage_taken":0,"max_hp_gain":0,"max_hp_loss":0,"event_name":"Upgrade Shrine","floor":3,"gold_loss":0,"cards_upgraded":["Zap"]},{"damage_healed":0,"gold_gain":0,"cards_transformed":["Strike_B","Defend_B"],"player_choice":"Transformed Cards","damage_taken":0,"max_hp_gain":0,"max_hp_loss":0,"event_name":"Designer","floor":19,"gold_loss":60,"cards_obtained":["Meteor Strike","Reboot"]},{"damage_healed":0,"gold_gain":0,"player_choice":"Fought Bandits","damage_taken":0,"max_hp_gain":0,"max_hp_loss":0,"event_name":"Masked Bandits","floor":27,"gold_loss":0},{"damage_healed":0,"gold_gain":0,"player_choice":"Upgraded","damage_taken":0,"max_hp_gain":0,"max_hp_loss":0,"event_name":"Upgrade Shrine","floor":29,"gold_loss":0,"cards_upgraded":["Multi-Cast"]}],"is_beta":false,"boss_relics":[{"not_picked":["Astrolabe","Lizard Tail"],"picked":"Inserter"}],"items_purged_floors":[],"is_endless":false,"potions_floor_spawned":[8,13,14,16,18,22,23,28,30],"killed_by":"Snake Plant","ascension_level":0}