{"gold_per_floor":[113,130,130,130,130,159,176,176,224,240,240,273,289,239,239,341,341,357,0,32,49,68,68,102,102,127,127,143,171,171,185,185,287,287,305,527,122,135,158,186,186,201,201,226,226,240,240,253,253,253,253,253,81,115,115],"floor_reached":55,"playtime":8382,"items_purged":["Defend_R","Strike_R"],"score":880,"play_id":"65665066-2921-4e39-914c-42b68a6b9186","local_time":"20181226203651","is_ascension_mode":false,"campfire_choices":[{"data":"Bash","floor":8,"key":"SMITH"},{"floor":15,"key":"REST"},{"data":"Flame Barrier","floor":23,"key":"SMITH"},{"data":"Body Slam","floor":25,"key":"SMITH"},{"data":"Offering","floor":27,"key":"SMITH"},{"data":"Immolate","floor":30,"key":"SMITH"},{"data":"Impervious","floor":32,"key":"SMITH"},{"data":"Limit Break","floor":41,"key":"SMITH"},{"data":"Pummel","floor":45,"key":"SMITH"},{"floor":47,"key":"RECALL"},{"data":"Defend_R","floor":49,"key":"SMITH"},{"data":"Defend_R","floor":52,"key":"SMITH"}],"neow_cost":"NONE","seed_source_timestamp":688524449141137,"circlet_count":0,"master_deck":["Strike_R+1","Defend_R+1","Defend_R+1","Defend_R+1","Bash+1","Flame Barrier+1","Pummel+1","Offering+1","Body Slam+1","Flame Barrier+1","Intimidate+1","Body Slam+1","Immolate+1","Whirlwind+1","Impervious+1","Limit Break+1","Entrench","Shrug It Off+1"],"relics":["Burning Blood","Pen Nib","Oddly Smooth Stone","Anchor","Coffee Dripper","Sling","Red Skull","Red Mask","Strawberry","Lantern","Self Forming Clay","Snecko Eye","ClockworkSouvenir","Mummified Hand","PreservedInsect","Orichalcum","Pantograph"],"potions_floor_usage":[16,18,20,20,20,29,35,50,55,55,55],"damage_taken":[{"damage":0,"enemies":"Small Slimes","floor":1,"turns":6},{"damage":1,"enemies":"2 Louse","floor":2,"turns":4},{"damage":40,"enemies":"3 Sentries","floor":6,"turns":14},{"damage":0,"enemies":"Cultist","floor":7,"turns":5},{"damage":0,"enemies":"Exordium Wildlife","floor":10,"turns":3},{"damage":18,"enemies":"Gremlin Nob","floor":12,"turns":5},{"damage":0,"enemies":"Large Slime","floor":13,"turns":7},{"damage":2,"enemies":"The Guardian","floor":16,"turns":18},{"damage":0,"enemies":"Chosen","floor":18,"turns":5},{"damage":12,"enemies":"Masked Bandits","floor":20,"turns":5},{"damage":7,"enemies":"Spheric Guardian","floor":21,"turns":6},{"damage":3,"enemies":"Cultist and Chosen","floor":22,"turns":9},{"damage":6,"enemies":"Slavers","floor":24,"turns":7},{"damage":0,"enemies":"3 Cultists","floor":28,"turns":4},{"damage":12,"enemies":"Gremlin Leader","floor":29,"turns":3},{"damage":0,"enemies":"Snake Plant","floor":31,"turns":2},{"damage":18,"enemies":"Champ","floor":33,"turns":8},{"damage":6,"enemies":"3 Darklings","floor":35,"turns":3},{"damage":0,"enemies":"Orb Walker","floor":38,"turns":3},{"damage":0,"enemies":"Reptomancer","floor":40,"turns":3},{"damage":2,"enemies":"Writhing Mass","floor":42,"turns":4},{"damage":9,"enemies":"Giant Head","floor":44,"turns":6},{"damage":0,"enemies":"Sphere and 2 Shapes","floor":46,"turns":3},{"damage":0,"enemies":"4 Shapes","floor":48,"turns":3},{"damage":43,"enemies":"Time Eater","floor":50,"turns":12},{"damage":6,"enemies":"Shield and Spear","floor":54,"turns":2},{"damage":98,"enemies":"The Heart","floor":55,"turns":8}],"seed_played":"-4078033088605737096","potions_obtained":[{"floor":1,"key":"FearPotion"},{"floor":6,"key":"Block Potion"},{"floor":12,"key":"EssenceOfSteel"},{"floor":16,"key":"EssenceOfSteel"},{"floor":18,"key":"Energy Potion"},{"floor":20,"key":"AttackPotion"},{"floor":28,"key":"Weak Potion"},{"floor":38,"key":"Ancient Potion"},{"floor":44,"key":"Block Potion"}],"is_trial":false,"path_per_floor":["M","M","?","?","?","E","M","R","T","M","?","E","M","?","R","B",null,"M","$","?","M","M","R","E","R","T","R","M","E","R","M","R","B",null,"M","?","$","M","T","E","R","M","T","E","R","M","R","M","R","B",null,"R","$","E","B"],"character_chosen":"IRONCLAD","items_purchased":["Sling","Red Skull","ClockworkSouvenir","AttackPotion","LiquidBronze","Ancient Potion"],"campfire_rested":1,"item_purchase_floors":[19,19,37,37,37,53],"current_hp_per_floor":[80,80,73,73,73,39,45,45,45,51,35,23,29,29,53,57,80,80,80,74,73,76,76,83,83,83,83,87,81,81,87,87,75,87,87,87,87,87,87,87,87,87,87,84,84,87,87,87,87,50,87,87,87,87,0],"gold":115,"neow_bonus":"REMOVE_CARD","is_prod":false,"is_daily":false,"chose_seed":false,"campfire_upgraded":10,"win_rate":0,"timestamp":1545874611,"path_taken":["M","M","?","?","?","E","M","R","T","?","?","E","M","?","R","BOSS","M","$","?","M","M","R","E","R","T","R","M","E","R","M","R","BOSS","M","?","$","M","?","E","R","M","T","E","R","M","R","?","R","BOSS","R","$","E","BOSS"],"build_version":"2018-12-20","purchased_purges":2,"victory":false,"max_hp_per_floor":[80,80,80,80,80,80,80,80,80,80,80,80,80,80,80,80,80,80,80,80,80,80,80,87,87,87,87,87,87,87,87,87,87,87,87,87,87,87,87,87,87,87,87,87,87,87,87,87,87,87,87,87,87,87,87],"card_choices":[{"not_picked":["Metallicize","Cleave"],"picked":"Flame Barrier","floor":1},{"not_picked":["Cleave","True Grit","Evolve"],"picked":"SKIP","floor":2},{"not_picked":["Cleave","Havoc","Brutality"],"picked":"SKIP","floor":6},{"not_picked":["Thunderclap","Heavy Blade","Warcry"],"picked":"SKIP","floor":7},{"not_picked":["Thunderclap","Heavy Blade","Warcry"],"picked":"SKIP","floor":7},{"not_picked":["Thunderclap","Heavy Blade","Warcry"],"picked":"SKIP","floor":7},{"not_picked":["Twin Strike","Flex","True Grit"],"picked":"SKIP","floor":10},{"not_picked":["Perfected Strike","Thunderclap","Corruption"],"picked":"SKIP","floor":12},{"not_picked":["Bloodletting","Cleave"],"picked":"Pummel","floor":13},{"not_picked":["Exhume","Impervious"],"picked":"Offering","floor":16},{"not_picked":["Power Through","Rupture"],"picked":"Body Slam","floor":18},{"not_picked":["Burning Pact+1","Warcry"],"picked":"Flame Barrier","floor":20},{"not_picked":["Sentinel","Clothesline+1"],"picked":"Intimidate+1","floor":21},{"not_picked":["Twin Strike","Shrug It Off"],"picked":"Body Slam+1","floor":22},{"not_picked":["Brutality","Wild Strike"],"picked":"Immolate","floor":24},{"not_picked":["Metallicize","Perfected Strike+1"],"picked":"Whirlwind+1","floor":28},{"not_picked":["Flex","Bloodletting","Clothesline"],"picked":"SKIP","floor":29},{"not_picked":["Body Slam","Clothesline"],"picked":"Impervious","floor":31},{"not_picked":["Dark Embrace","Double Tap"],"picked":"Limit Break","floor":33},{"not_picked":["Infernal Blade+1","Wild Strike"],"picked":"Entrench","floor":35},{"not_picked":["Clothesline","Pummel","Evolve"],"picked":"SKIP","floor":38},{"not_picked":["Body Slam+1","Havoc+1","Thunderclap+1"],"picked":"SKIP","floor":40},{"not_picked":["Rage","Sever Soul+1","Corruption+1"],"picked":"SKIP","floor":42},{"not_picked":["Havoc","Exhume","Pommel Strike"],"picked":"SKIP","floor":44},{"not_picked":["Iron Wave","Headbutt","Rupture"],"picked":"SKIP","floor":46},{"not_picked":["Perfected Strike+1","True Grit+1","Wild Strike+1"],"picked":"SKIP","floor":48},{"not_picked":["Heavy Blade","Wild Strike+1"],"picked":"Shrug It Off+1","floor":54}],"player_experience":558797,"relics_obtained":[{"floor":6,"key":"Pen Nib"},{"floor":9,"key":"Oddly Smooth Stone"},{"floor":12,"key":"Anchor"},{"floor":20,"key":"Red Mask"},{"floor":24,"key":"Strawberry"},{"floor":26,"key":"Lantern"},{"floor":29,"key":"Self Forming Clay"},{"floor":40,"key":"Mummified Hand"},{"floor":43,"key":"PreservedInsect"},{"floor":44,"key":"Orichalcum"},{"floor":54,"key":"Pantograph"}],"event_choices":[{"cards_removed":["Strike_R"],"damage_healed":0,"gold_gain":0,"player_choice":"Card Removal","damage_taken":7,"max_hp_gain":0,"max_hp_loss":0,"event_name":"Golden Wing","floor":3,"gold_loss":0},{"damage_healed":0,"gold_gain":0,"player_choice":"Ignored","damage_taken":0,"max_hp_gain":0,"max_hp_loss":0,"event_name":"Liars Game","floor":4,"gold_loss":0},{"damage_healed":0,"gold_gain":0,"player_choice":"Forge","damage_taken":0,"max_hp_gain":0,"max_hp_loss":0,"event_name":"Accursed Blacksmith","floor":5,"gold_loss":0,"cards_upgraded":["Flame Barrier"]},{"damage_healed":0,"gold_gain":0,"player_choice":"Entered Light","damage_taken":16,"max_hp_gain":0,"max_hp_loss":0,"event_name":"Shining Light","floor":11,"gold_loss":0,"cards_upgraded":["Strike_R","Defend_R"]},{"cards_removed":["Strike_R"],"damage_healed":0,"gold_gain":0,"player_choice":"Card Removal","damage_taken":0,"max_hp_gain":0,"max_hp_loss":0,"event_name":"The Cleric","floor":14,"gold_loss":50},{"damage_healed":0,"gold_gain":0,"player_choice":"Fought Bandits","damage_taken":0,"max_hp_gain":0,"max_hp_loss":0,"event_name":"Masked Bandits","floor":20,"gold_loss":0},{"damage_healed":0,"gold_gain":222,"player_choice":"Wore Mask","damage_taken":0,"max_hp_gain":0,"max_hp_loss":0,"event_name":"Tomb of Lord Red Mask","floor":36,"gold_loss":0}],"is_beta":false,"boss_relics":[{"not_picked":["White Beast Statue","Empty Cage"],"picked":"Coffee Dripper"},{"not_picked":["Orrery","Runic Cube"],"picked":"Snecko Eye"}],"items_purged_floors":[37,53],"is_endless":false,"potions_floor_spawned":[1,6,12,16,18,20,28,38,44,46],"killed_by":"The Heart","ascension_level":0}