{"gold_per_floor":[114,89,104,119,134,149,164,164,239,269,269,284,284,284,284,384,384,399,414,429,444,444,474,24,24,24,39,39,3,3,18,18,118,118,133,148,28,43,58,88,88,103,103,103,118,118,118,118],"floor_reached":49,"playtime":1944,"items_purged":[],"score":693,"play_id":"a4e2248b-ae22-478c-8e39-92c87990b813","local_time":"20190426142420","daily_mods":["Chimera","Uncertain Future","Night Terrors"],"is_ascension_mode":false,"campfire_choices":[{"floor":11,"key":"REST"},{"data":"Static Discharge","floor":13,"key":"SMITH"},{"data":"Zap","floor":15,"key":"SMITH"},{"floor":28,"key":"REST"},{"data":"Thunder Strike","floor":30,"key":"SMITH"},{"data":"Seek","floor":32,"key":"SMITH"},{"floor":41,"key":"REST"},{"floor":44,"key":"REST"}],"neow_cost":"","seed_source_timestamp":930993216432200,"circlet_count":0,"master_deck":["Bash","Survivor","Zap+1","Defend_R","Defend_G","Defend_B","Ball Lightning","Redo","Static Discharge","Conserve Battery","Melter","Static Discharge+1","Double Energy","Conserve Battery","Hologram","Thunder Strike+1","BootSequence+1","Sweeping Beam","Seek+1","Amplify","Heatsinks+1","Conserve Battery","Storm+1","Electrodynamics+1"],"special_seed":18012,"relics":["Cracked Core","CultistMask","Blue Candle","Ornamental Fan","Sozu","Ancient Tea Set","Frozen Egg 2","ClockworkSouvenir","Mercury Hourglass","The Courier","Fusion Hammer","PreservedInsect","Emotion Chip","Bottled Tornado"],"potions_floor_usage":[16,48,48],"damage_taken":[{"damage":0,"enemies":"Cultist","floor":1,"turns":3},{"damage":3,"enemies":"Jaw Worm","floor":3,"turns":3},{"damage":0,"enemies":"2 Louse","floor":4,"turns":2},{"damage":7,"enemies":"Large Slime","floor":5,"turns":7},{"damage":6,"enemies":"Exordium Wildlife","floor":6,"turns":3},{"damage":5,"enemies":"Looter","floor":7,"turns":3},{"damage":23,"enemies":"Lagavulin","floor":10,"turns":6},{"damage":13,"enemies":"Lots of Slimes","floor":12,"turns":3},{"damage":25,"enemies":"Hexaghost","floor":16,"turns":7},{"damage":27,"enemies":"2 Thieves","floor":18,"turns":4},{"damage":7,"enemies":"Spheric Guardian","floor":19,"turns":4},{"damage":7,"enemies":"Cultist and Chosen","floor":20,"turns":3},{"damage":18,"enemies":"Shelled Parasite and Fungi","floor":21,"turns":4},{"damage":8,"enemies":"Book of Stabbing","floor":23,"turns":4},{"damage":2,"enemies":"Snecko","floor":27,"turns":4},{"damage":5,"enemies":"Centurion and Healer","floor":31,"turns":5},{"damage":25,"enemies":"Automaton","floor":33,"turns":4},{"damage":15,"enemies":"Orb Walker","floor":35,"turns":3},{"damage":0,"enemies":"3 Shapes","floor":36,"turns":3},{"damage":0,"enemies":"Sphere and 2 Shapes","floor":38,"turns":2},{"damage":3,"enemies":"4 Shapes","floor":39,"turns":2},{"damage":31,"enemies":"Nemesis","floor":40,"turns":3},{"damage":0,"enemies":"Jaw Worm Horde","floor":42,"turns":1},{"damage":5,"enemies":"Maw","floor":45,"turns":6},{"damage":48,"enemies":"Time Eater","floor":48,"turns":6}],"seed_played":"1936740419660225574","potions_obtained":[{"floor":4,"key":"EssenceOfSteel"},{"floor":5,"key":"Strength Potion"},{"floor":6,"key":"FocusPotion"}],"is_trial":false,"path_per_floor":["M","$","M","M","M","M","M","?","T","E","R","M","R","?","R","B",null,"M","M","M","M","?","E","$","?","T","M","R","$","R","M","R","B",null,"M","M","$","M","M","E","R","M","T","R","M","?","?","B",null],"character_chosen":"DEFECT","items_purchased":["Redo","ClockworkSouvenir","Mercury Hourglass","Conserve Battery","PreservedInsect"],"campfire_rested":4,"item_purchase_floors":[2,24,24,29,37],"current_hp_per_floor":[75,75,72,72,65,59,54,54,54,31,70,57,57,57,57,32,70,43,36,29,11,11,3,3,3,3,1,65,65,65,60,60,35,65,50,50,50,50,47,16,60,60,60,55,50,50,50,2],"gold":118,"neow_bonus":"","is_prod":false,"is_daily":true,"chose_seed":false,"campfire_upgraded":4,"win_rate":0,"timestamp":1556303060,"path_taken":["M","$","M","M","M","M","M","?","T","E","R","?","R","?","R","BOSS","M","M","M","M","?","E","$","?","T","M","R","?","R","M","R","BOSS","M","M","$","M","M","E","R","M","T","R","M","?","?","BOSS"],"build_version":"2019-01-23","purchased_purges":0,"victory":true,"max_hp_per_floor":[75,75,75,75,75,75,75,75,75,75,70,70,70,70,70,70,70,70,70,70,70,70,70,70,70,70,70,65,65,65,65,65,65,65,65,65,65,65,65,65,60,60,60,55,55,55,55,55],"card_choices":[{"not_picked":["Gash","Barrage"],"picked":"Ball Lightning","floor":1},{"not_picked":["Chaos","Hologram"],"picked":"Static Discharge","floor":3},{"not_picked":["Defragment","Coolheaded"],"picked":"Conserve Battery","floor":4},{"not_picked":["Hello World","Redo"],"picked":"Melter","floor":5},{"not_picked":["Rebound","Stack"],"picked":"Static Discharge","floor":6},{"not_picked":["Steam","Hologram"],"picked":"Double Energy","floor":7},{"not_picked":["Stack","Aggregate"],"picked":"Steam","floor":10},{"not_picked":["Steam Power","BootSequence"],"picked":"Conserve Battery","floor":12},{"not_picked":["Biased Cognition","Reboot"],"picked":"Thunder Strike","floor":16},{"not_picked":["Double Energy","Aggregate+1","Turbo"],"picked":"SKIP","floor":18},{"not_picked":["Consume","Reinforced Body","Darkness"],"picked":"SKIP","floor":19},{"not_picked":["Coolheaded","Beam Cell"],"picked":"BootSequence+1","floor":20},{"not_picked":["Rebound","Leap"],"picked":"Sweeping Beam","floor":21},{"not_picked":["Cold Snap+1","Leap"],"picked":"Seek","floor":23},{"not_picked":["Compile Driver+1","Blizzard","Stack+1"],"picked":"SKIP","floor":27},{"not_picked":["Barrage","Redo"],"picked":"Storm+1","floor":31},{"not_picked":["Reboot","Meteor Strike"],"picked":"Electrodynamics+1","floor":33},{"not_picked":["Darkness","Barrage","Steam+1"],"picked":"SKIP","floor":35},{"not_picked":["Tempest+1","Rebound","Glacier"],"picked":"SKIP","floor":36},{"not_picked":["Sunder+1","Lockon+1","Redo"],"picked":"SKIP","floor":38},{"not_picked":["Chaos","Barrage+1","Sweeping Beam+1"],"picked":"SKIP","floor":39},{"not_picked":["Stack+1","Rip and Tear+1","Creative AI+1"],"picked":"SKIP","floor":40},{"not_picked":["Compile Driver","Steam+1","Storm+1"],"picked":"SKIP","floor":42},{"not_picked":["Go for the Eyes+1","Gash","FTL"],"picked":"SKIP","floor":45}],"player_experience":252875,"relics_obtained":[{"floor":9,"key":"Blue Candle"},{"floor":10,"key":"Ornamental Fan"},{"floor":23,"key":"Frozen Egg 2"},{"floor":26,"key":"The Courier"},{"floor":40,"key":"Emotion Chip"},{"floor":43,"key":"Bottled Tornado"}],"event_choices":[{"damage_healed":0,"gold_gain":0,"player_choice":"Trade","damage_taken":0,"relics_obtained":["CultistMask"],"max_hp_gain":0,"max_hp_loss":0,"event_name":"FaceTrader","floor":8,"gold_loss":0},{"damage_healed":0,"gold_gain":0,"cards_transformed":["Strike_R"],"player_choice":"Change","damage_taken":0,"max_hp_gain":0,"max_hp_loss":0,"event_name":"Living Wall","floor":14,"gold_loss":0,"cards_obtained":["Hologram"]},{"damage_healed":0,"gold_gain":0,"player_choice":"Opened","damage_taken":0,"relics_obtained":["Ancient Tea Set"],"max_hp_gain":0,"max_hp_loss":0,"event_name":"The Mausoleum","floor":22,"gold_loss":0},{"damage_healed":0,"gold_gain":0,"cards_transformed":["Strike_G","Strike_B"],"player_choice":"Became Test Subject","damage_taken":0,"max_hp_gain":0,"max_hp_loss":0,"event_name":"Drug Dealer","floor":25,"gold_loss":0,"cards_obtained":["Amplify","Heatsinks"]},{"cards_removed":["Steam"],"damage_healed":0,"gold_gain":0,"player_choice":"Removed Skill","damage_taken":0,"max_hp_gain":0,"max_hp_loss":0,"event_name":"Falling","floor":46,"gold_loss":0},{"damage_healed":0,"gold_gain":0,"player_choice":"Took Portal","damage_taken":0,"max_hp_gain":0,"max_hp_loss":0,"event_name":"SecretPortal","floor":47,"gold_loss":0}],"is_beta":false,"boss_relics":[{"not_picked":["Ectoplasm","Nuclear Battery"],"picked":"Sozu"},{"not_picked":["Black Star","Tiny House"],"picked":"Fusion Hammer"}],"items_purged_floors":[],"is_endless":false,"potions_floor_spawned":[4,5,6,7,20,21,23,27,31,35,36,42],"ascension_level":0}