{"gold_per_floor":[114,64,64,64,64,64,78,78,150,150,164,175,175,194,194,194],"floor_reached":16,"playtime":2383,"items_purged":[],"score":125,"play_id":"246eac59-9e47-4913-b59a-bb65ccbfac3c","local_time":"20190424143433","is_ascension_mode":true,"campfire_choices":[{"data":"Setup","floor":6,"key":"SMITH"},{"floor":10,"key":"REST"},{"floor":15,"key":"REST"}],"neow_cost":"PERCENT_DAMAGE","seed_source_timestamp":39035860026352,"circlet_count":0,"master_deck":["Defend_G","Defend_G","Defend_G","Defend_G+1","Strike_G+1","Strike_G","Survivor","Neutralize","Setup+1","Endless Agony","Setup","Envenom"],"relics":["Ring of the Snake","Kunai","The Courier"],"potions_floor_usage":[8],"damage_taken":[{"damage":0,"enemies":"Jaw Worm","floor":1,"turns":6},{"damage":0,"enemies":"2 Louse","floor":7,"turns":3},{"damage":11,"enemies":"Lagavulin","floor":8,"turns":8},{"damage":0,"enemies":"Small Slimes","floor":11,"turns":4},{"damage":29,"enemies":"Exordium Wildlife","floor":12,"turns":14},{"damage":0,"enemies":"Large Slime","floor":14,"turns":12},{"damage":39,"enemies":"Hexaghost","floor":16,"turns":11}],"seed_played":"-6401729794524741920","potions_obtained":[{"floor":7,"key":"SmokeBomb"}],"is_trial":false,"path_per_floor":["M","?","?","?","?","R","M","E","T","R","M","M","T","M","R","B"],"character_chosen":"THE_SILENT","items_purchased":[],"campfire_rested":2,"item_purchase_floors":[],"current_hp_per_floor":[49,49,54,47,32,32,32,21,21,43,43,14,14,14,36,0],"gold":194,"neow_bonus":"REMOVE_TWO","is_prod":false,"is_daily":false,"chose_seed":false,"campfire_upgraded":1,"win_rate":0,"timestamp":1556130873,"path_taken":["M","?","?","?","?","R","M","E","T","R","M","?","?","M","R","BOSS"],"build_version":"2019-01-23","purchased_purges":0,"victory":false,"max_hp_per_floor":[70,70,75,75,75,75,75,75,75,75,75,75,75,75,75,75],"card_choices":[{"not_picked":["Flying Knee","Quick Slash"],"picked":"Setup","floor":1},{"not_picked":["All Out Attack","Blade Dance","Slice"],"picked":"SKIP","floor":7},{"not_picked":["Outmaneuver","Deadly Poison"],"picked":"Endless Agony","floor":11},{"not_picked":["Bane","Reflex"],"picked":"Setup","floor":12},{"not_picked":["Bouncing Flask","Skewer"],"picked":"Envenom","floor":14}],"player_experience":905027,"relics_obtained":[{"floor":9,"key":"Kunai"},{"floor":13,"key":"The Courier"}],"event_choices":[{"cards_removed":["Defend_G"],"damage_healed":0,"gold_gain":0,"player_choice":"Card Removal","damage_taken":0,"max_hp_gain":0,"max_hp_loss":0,"event_name":"The Cleric","floor":2,"gold_loss":50},{"damage_healed":0,"gold_gain":0,"player_choice":"Donut","damage_taken":0,"max_hp_gain":5,"max_hp_loss":0,"event_name":"Big Fish","floor":3,"gold_loss":0},{"cards_removed":["Strike_G"],"damage_healed":0,"gold_gain":0,"player_choice":"Card Removal","damage_taken":7,"max_hp_gain":0,"max_hp_loss":0,"event_name":"Golden Wing","floor":4,"gold_loss":0},{"damage_healed":0,"gold_gain":0,"player_choice":"Entered Light","damage_taken":15,"max_hp_gain":0,"max_hp_loss":0,"event_name":"Shining Light","floor":5,"gold_loss":0,"cards_upgraded":["Defend_G","Strike_G"]}],"is_beta":false,"boss_relics":[],"items_purged_floors":[],"is_endless":false,"potions_floor_spawned":[7,8],"killed_by":"Hexaghost","ascension_level":5}