{"gold_per_floor":[112,112,126,143,159,159,189,202,202,115,115,115,130,155,155,253,253,267,281,7,23,37,37,53,84,137,62,62,62,62,77,77,174,174,188,188,3,23,23],"floor_reached":39,"playtime":2981,"items_purged":[],"score":463,"play_id":"3a869e9f-e826-4382-8e7f-0934ec3d5a48","local_time":"20190402212609","is_ascension_mode":false,"campfire_choices":[{"data":"Heavy Blade","floor":6,"key":"SMITH"},{"floor":12,"key":"REST"},{"floor":15,"key":"REST"},{"floor":23,"key":"REST"},{"data":"Strike_R","floor":32,"key":"SMITH"}],"neow_cost":"NONE","seed_source_timestamp":433628562347013,"circlet_count":0,"master_deck":["Strike_R","Strike_R","Strike_R","Strike_R+1","Defend_R","Defend_R","Defend_R","Defend_R","Spot Weakness","Heavy Blade+1","Pommel Strike+1","Shrug It Off","Juggernaut","Flex","Good Instincts","Perfected Strike","Flame Barrier","Bloodletting+1","Chrysalis","Pommel Strike","Flex","Necronomicurse","Shrug It Off","Immolate","Intimidate+1","Berserk+1","Demon Form+1","Sword Boomerang+1","Dual Wield"],"relics":["Burning Blood","Dream Catcher","Darkstone Periapt","Regal Pillow","Boot","Dodecahedron","Busted Crown","Matryoshka","Ornamental Fan","Strawberry","Necronomicon","Astrolabe","Lantern"],"potions_floor_usage":[16,16,22,25,33,33,33,39],"damage_taken":[{"damage":6,"enemies":"Jaw Worm","floor":1,"turns":4},{"damage":5,"enemies":"Cultist","floor":3,"turns":4},{"damage":2,"enemies":"Small Slimes","floor":4,"turns":3},{"damage":19,"enemies":"Blue Slaver","floor":5,"turns":4},{"damage":31,"enemies":"Lagavulin","floor":7,"turns":6},{"damage":10,"enemies":"Looter","floor":8,"turns":3},{"damage":4,"enemies":"3 Louse","floor":13,"turns":4},{"damage":21,"enemies":"3 Sentries","floor":14,"turns":5},{"damage":9,"enemies":"The Guardian","floor":16,"turns":9},{"damage":2,"enemies":"3 Byrds","floor":18,"turns":3},{"damage":16,"enemies":"Spheric Guardian","floor":19,"turns":4},{"damage":24,"enemies":"Snake Plant","floor":21,"turns":4},{"damage":29,"enemies":"Centurion and Healer","floor":22,"turns":4},{"damage":16,"enemies":"Chosen and Byrds","floor":24,"turns":5},{"damage":43,"enemies":"Book of Stabbing","floor":25,"turns":6},{"damage":2,"enemies":"3 Cultists","floor":31,"turns":5},{"damage":45,"enemies":"Collector","floor":33,"turns":5},{"damage":14,"enemies":"3 Shapes","floor":35,"turns":4},{"damage":21,"enemies":"Orb Walker","floor":38,"turns":3},{"damage":104,"enemies":"Writhing Mass","floor":39,"turns":6}],"seed_played":"-2748098442297286324","potions_obtained":[{"floor":4,"key":"SpeedPotion"},{"floor":5,"key":"SpeedPotion"},{"floor":8,"key":"Poison Potion"},{"floor":21,"key":"Strength Potion"},{"floor":22,"key":"Strength Potion"},{"floor":25,"key":"SteroidPotion"},{"floor":33,"key":"SteroidPotion"}],"is_trial":false,"path_per_floor":["M","?","M","M","M","R","E","M","T","$","?","R","M","E","R","B",null,"M","M","$","M","M","R","M","E","T","?","?","?","?","M","R","B",null,"M","?","$","M","M"],"character_chosen":"IRONCLAD","items_purchased":["Good Instincts","Chrysalis","Pommel Strike","SkillPotion","Lantern","Dual Wield"],"campfire_rested":3,"item_purchase_floors":[10,20,20,20,37,37],"current_hp_per_floor":[80,73,74,78,65,65,40,36,36,36,36,75,77,62,80,77,80,80,70,70,52,29,68,58,21,28,28,18,18,103,103,103,64,103,95,95,95,80,0],"gold":23,"neow_bonus":"RANDOM_COMMON_RELIC","is_prod":false,"is_daily":false,"chose_seed":false,"campfire_upgraded":2,"win_rate":0,"timestamp":1554254769,"path_taken":["M","?","M","M","M","R","E","M","T","$","?","R","?","E","R","BOSS","M","M","$","M","?","R","M","E","T","?","?","?","?","?","R","BOSS","M","?","$","M","M"],"build_version":"2019-01-23","purchased_purges":0,"victory":false,"max_hp_per_floor":[80,80,80,80,80,80,80,80,80,80,80,80,80,80,80,80,80,80,80,80,80,80,80,80,80,87,87,93,93,103,103,103,103,103,103,103,103,103,103],"card_choices":[{"not_picked":["Twin Strike","Dual Wield"],"picked":"Spot Weakness","floor":1},{"not_picked":["Pummel","Flex"],"picked":"Heavy Blade","floor":3},{"not_picked":["Seeing Red","True Grit"],"picked":"Pommel Strike","floor":4},{"not_picked":["Pommel Strike","Sever Soul"],"picked":"Shrug It Off","floor":5},{"not_picked":["Entrench","Iron Wave"],"picked":"Juggernaut","floor":7},{"not_picked":["Intimidate","Fire Breathing"],"picked":"Flex","floor":8},{"not_picked":["Warcry","Clothesline"],"picked":"Metallicize","floor":12},{"not_picked":["Anger","Warcry"],"picked":"Perfected Strike","floor":13},{"not_picked":["Spot Weakness","Thunderclap"],"picked":"Flame Barrier","floor":14},{"not_picked":["Dual Wield","Feel No Pain"],"picked":"Pommel Strike","floor":15},{"not_picked":["Brutality","Impervious"],"picked":"Juggernaut","floor":16},{"not_picked":[],"picked":"Bloodletting+1","floor":18},{"not_picked":["Warcry"],"picked":"SKIP","floor":19},{"not_picked":["Headbutt"],"picked":"SKIP","floor":21},{"not_picked":["Hemokinesis+1"],"picked":"SKIP","floor":22},{"not_picked":["Combust"],"picked":"SKIP","floor":24},{"not_picked":[],"picked":"Flex","floor":25},{"not_picked":[],"picked":"Shrug It Off","floor":31},{"not_picked":[],"picked":"Immolate","floor":33},{"not_picked":[],"picked":"Sword Boomerang+1","floor":35},{"not_picked":["Burning Pact"],"picked":"SKIP","floor":38}],"player_experience":18723,"relics_obtained":[{"floor":7,"key":"Regal Pillow"},{"floor":9,"key":"Boot"},{"floor":14,"key":"Dodecahedron"},{"floor":25,"key":"Matryoshka"},{"floor":26,"key":"Ornamental Fan"},{"floor":26,"key":"Strawberry"},{"floor":28,"key":"Necronomicon"}],"event_choices":[{"damage_healed":0,"gold_gain":0,"player_choice":"Success","damage_taken":7,"relics_obtained":["Darkstone Periapt"],"max_hp_gain":0,"max_hp_loss":0,"event_name":"Scrap Ooze","floor":2,"gold_loss":0},{"damage_healed":0,"gold_gain":0,"player_choice":"Forge","damage_taken":0,"max_hp_gain":0,"max_hp_loss":0,"event_name":"Accursed Blacksmith","floor":11,"gold_loss":0,"cards_upgraded":["Pommel Strike"]},{"cards_removed":["Strike_R"],"damage_healed":0,"gold_gain":0,"player_choice":"Gave Gold","damage_taken":0,"max_hp_gain":0,"max_hp_loss":0,"event_name":"Beggar","floor":27,"gold_loss":75},{"damage_healed":0,"gold_gain":0,"player_choice":"Obtained Book","damage_taken":16,"max_hp_gain":0,"max_hp_loss":0,"event_name":"Cursed Tome","floor":28,"gold_loss":0},{"damage_healed":0,"gold_gain":0,"player_choice":"Ignored","damage_taken":0,"max_hp_gain":0,"max_hp_loss":0,"event_name":"Ghosts","floor":29,"gold_loss":0},{"cards_removed":["Juggernaut"],"damage_healed":75,"gold_gain":0,"player_choice":"Offered Rare","damage_taken":0,"max_hp_gain":10,"max_hp_loss":0,"event_name":"Bonfire Elementals","floor":30,"gold_loss":0},{"damage_healed":0,"gold_gain":0,"player_choice":"Ignored","damage_taken":0,"max_hp_gain":0,"max_hp_loss":0,"event_name":"Tomb of Lord Red Mask","floor":36,"gold_loss":0}],"is_beta":false,"boss_relics":[{"not_picked":["Coffee Dripper","Snecko Eye"],"picked":"Busted Crown"},{"not_picked":["Empty Cage","White Beast Statue"],"picked":"Astrolabe"}],"items_purged_floors":[],"is_endless":false,"potions_floor_spawned":[4,5,8,21,22,25,31,33],"killed_by":"Writhing Mass","ascension_level":0}