{"gold_per_floor":[113,127,202,212,55,89,89,89,164,13,31,66,85,113,113,217,217,235,235,250,268,268,268,22,42,42,42,42,75,85,120,120,221,221,237,250,82,82,96,126,226,252,275,71,71,71,88,106,106,106],"floor_reached":50,"playtime":7215,"items_purged":["Strike_G","Strike_G"],"score":677,"play_id":"53464dea-9d31-467c-b6fd-254f815a2058","local_time":"20190301173905","is_ascension_mode":true,"campfire_choices":[{"data":"Footwork","floor":7,"key":"SMITH"},{"floor":15,"key":"REST"},{"data":"Adrenaline","floor":23,"key":"SMITH"},{"data":"Well Laid Plans","floor":27,"key":"SMITH"},{"data":"Neutralize","floor":32,"key":"SMITH"},{"floor":46,"key":"RECALL"}],"neow_cost":"TEN_PERCENT_HP_LOSS","seed_source_timestamp":817039579046658,"circlet_count":0,"master_deck":["Defend_G","Defend_G","Defend_G","Defend_G","Defend_G","Strike_G","Strike_G","Strike_G","Survivor","Neutralize+1","Backflip","Die Die Die+1","Footwork+1","Bouncing Flask","Well Laid Plans+1","Adrenaline+1","Caltrops+1","Bouncing Flask","Backstab+1","Tools of the Trade+1","Outmaneuver+1","Poisoned Stab+1","Noxious Fumes+1","Catalyst+1","Predator+1","Malaise","Caltrops+1","Footwork+1"],"relics":["Ring of the Snake","Gambling Chip","Pen Nib","Sundial","Anchor","Kunai","Lantern","Coffee Dripper","Enchiridion","Frozen Egg 2","Gremlin Horn","Red Mask","Ice Cream","Fusion Hammer","PreservedInsect","Calipers","Question Card","Bag of Preparation"],"potions_floor_usage":[6,12,18,31,31,33,33,39,47,50,50,50],"damage_taken":[{"damage":0,"enemies":"Cultist","floor":1,"turns":5},{"damage":0,"enemies":"Jaw Worm","floor":2,"turns":5},{"damage":0,"enemies":"2 Louse","floor":4,"turns":4},{"damage":6,"enemies":"3 Sentries","floor":6,"turns":6},{"damage":7,"enemies":"Exordium Thugs","floor":11,"turns":6},{"damage":13,"enemies":"Lagavulin","floor":12,"turns":5},{"damage":0,"enemies":"2 Fungi Beasts","floor":13,"turns":2},{"damage":8,"enemies":"Gremlin Nob","floor":14,"turns":4},{"damage":1,"enemies":"Hexaghost","floor":16,"turns":10},{"damage":2,"enemies":"3 Byrds","floor":18,"turns":5},{"damage":0,"enemies":"Spheric Guardian","floor":20,"turns":5},{"damage":0,"enemies":"Chosen and Byrds","floor":21,"turns":7},{"damage":0,"enemies":"Snecko","floor":25,"turns":5},{"damage":1,"enemies":"Masked Bandits","floor":29,"turns":4},{"damage":2,"enemies":"Shelled Parasite and Fungi","floor":30,"turns":4},{"damage":0,"enemies":"Slavers","floor":31,"turns":4},{"damage":8,"enemies":"Collector","floor":33,"turns":8},{"damage":12,"enemies":"Orb Walker","floor":35,"turns":4},{"damage":0,"enemies":"3 Shapes","floor":36,"turns":3},{"damage":15,"enemies":"Maw","floor":39,"turns":6},{"damage":6,"enemies":"Nemesis","floor":40,"turns":7},{"damage":0,"enemies":"Mind Bloom Boss Battle","floor":41,"turns":3},{"damage":0,"enemies":"Giant Head","floor":42,"turns":6},{"damage":0,"enemies":"3 Darklings","floor":47,"turns":4},{"damage":0,"enemies":"Transient","floor":48,"turns":5},{"damage":41,"enemies":"Time Eater","floor":50,"turns":8}],"seed_played":"-6921676655427034616","potions_obtained":[{"floor":4,"key":"AttackPotion"},{"floor":6,"key":"Ancient Potion"},{"floor":11,"key":"FairyPotion"},{"floor":14,"key":"GhostInAJar"},{"floor":16,"key":"Swift Potion"},{"floor":25,"key":"Poison Potion"},{"floor":29,"key":"GhostInAJar"},{"floor":30,"key":"Explosive Potion"},{"floor":31,"key":"Fire Potion"},{"floor":35,"key":"Dexterity Potion"},{"floor":39,"key":"Dexterity Potion"},{"floor":40,"key":"SteroidPotion"},{"floor":47,"key":"Swift Potion"},{"floor":48,"key":"AttackPotion"}],"is_trial":false,"path_per_floor":["M","M","?","M","$","E","R","?","T","$","M","E","M","E","R","B",null,"M","?","M","M","?","R","$","M","T","R","?","?","M","E","R","B",null,"M","M","$","?","M","E","?","E","T","$","?","R","M","M","R","B"],"character_chosen":"THE_SILENT","items_purchased":["Footwork","Anchor","Frozen Egg 2","Noxious Fumes+1","Malaise","Dexterity Potion"],"campfire_rested":1,"item_purchase_floors":[5,10,24,37,44,44],"current_hp_per_floor":[63,63,52,52,52,46,46,46,46,46,39,26,26,18,36,35,63,61,61,61,61,45,45,45,45,45,45,45,44,42,42,42,34,63,51,51,51,51,36,30,30,30,30,30,30,30,30,30,30,0],"gold":106,"neow_bonus":"ONE_RARE_RELIC","is_prod":false,"is_daily":false,"chose_seed":false,"campfire_upgraded":4,"win_rate":0,"timestamp":1551458345,"path_taken":["M","?","?","M","$","E","R","?","T","$","M","E","?","E","R","BOSS","M","?","M","M","?","R","$","M","T","R","?","?","M","E","R","BOSS","M","M","$","?","M","E","?","E","T","$","?","R","M","M","R","BOSS"],"build_version":"2019-01-23","purchased_purges":2,"victory":false,"max_hp_per_floor":[63,63,63,63,63,63,63,63,63,63,63,63,63,63,63,63,63,63,63,63,63,63,63,63,63,63,63,63,63,63,63,63,63,63,63,63,63,60,60,60,60,60,60,60,60,60,60,60,60,60],"card_choices":[{"not_picked":["Deadly Poison","All Out Attack","Slice"],"picked":"SKIP","floor":1},{"not_picked":["Finisher","Dagger Throw"],"picked":"Backflip","floor":2},{"not_picked":["Heel Hook","Underhanded Strike"],"picked":"Die Die Die","floor":4},{"not_picked":["Dodge and Roll","Backflip","Poisoned Stab"],"picked":"SKIP","floor":6},{"not_picked":["Calculated Gamble","Predator"],"picked":"Bouncing Flask","floor":11},{"not_picked":["Reflex","Quick Slash"],"picked":"Well Laid Plans","floor":12},{"not_picked":["Prepared","Outmaneuver","Deadly Poison"],"picked":"SKIP","floor":13},{"not_picked":["Choke","Concentrate","Finisher"],"picked":"SKIP","floor":14},{"not_picked":["Envenom","Die Die Die"],"picked":"Adrenaline","floor":16},{"not_picked":["Dodge and Roll","Backflip","Acrobatics"],"picked":"SKIP","floor":18},{"not_picked":["Dagger Spray","Prepared","Calculated Gamble"],"picked":"SKIP","floor":20},{"not_picked":["Concentrate","Heel Hook","Dagger Throw"],"picked":"SKIP","floor":21},{"not_picked":["Bane","Slice"],"picked":"Caltrops+1","floor":25},{"not_picked":["Acrobatics","Bane"],"picked":"Bouncing Flask","floor":29},{"not_picked":["PiercingWail","Deadly Poison","Dagger Spray+1"],"picked":"SKIP","floor":30},{"not_picked":["Expertise+1","Sucker Punch"],"picked":"Backstab+1","floor":31},{"not_picked":["Grand Finale","Bullet Time"],"picked":"Tools of the Trade+1","floor":33},{"not_picked":["Slice","Flying Knee+1"],"picked":"Outmaneuver+1","floor":35},{"not_picked":["Dodge and Roll","Backstab"],"picked":"Poisoned Stab+1","floor":36},{"not_picked":["Outmaneuver","Flying Knee+1","Deflect+1"],"picked":"SKIP","floor":39},{"not_picked":["Sucker Punch+1","Dagger Spray"],"picked":"Catalyst+1","floor":40},{"not_picked":["Prepared+1","Sucker Punch"],"picked":"Predator+1","floor":41},{"not_picked":["Prepared+1","Escape Plan","PiercingWail"],"picked":"SKIP","floor":42},{"not_picked":["Flechettes","Glass Knife","Outmaneuver"],"picked":"Caltrops+1","floor":47},{"not_picked":["Underhanded Strike","Dodge and Roll+1","Distraction"],"picked":"Footwork+1","floor":48}],"player_experience":722713,"relics_obtained":[{"floor":6,"key":"Pen Nib"},{"floor":9,"key":"Sundial"},{"floor":12,"key":"Kunai"},{"floor":14,"key":"Lantern"},{"floor":22,"key":"Enchiridion"},{"floor":26,"key":"Gremlin Horn"},{"floor":29,"key":"Red Mask"},{"floor":31,"key":"Ice Cream"},{"floor":40,"key":"PreservedInsect"},{"floor":41,"key":"Calipers"},{"floor":42,"key":"Question Card"},{"floor":43,"key":"Bag of Preparation"}],"event_choices":[{"damage_healed":0,"gold_gain":75,"player_choice":"Gather Gold","damage_taken":11,"max_hp_gain":0,"max_hp_loss":0,"event_name":"World of Goop","floor":3,"gold_loss":0},{"damage_healed":0,"gold_gain":0,"player_choice":"Forge","damage_taken":0,"max_hp_gain":0,"max_hp_loss":0,"event_name":"Accursed Blacksmith","floor":8,"gold_loss":0,"cards_upgraded":["Die Die Die"]},{"damage_healed":0,"gold_gain":0,"player_choice":"Ignored","damage_taken":0,"max_hp_gain":0,"max_hp_loss":0,"event_name":"Vampires","floor":19,"gold_loss":0},{"damage_healed":0,"gold_gain":0,"player_choice":"Obtained Book","damage_taken":16,"max_hp_gain":0,"max_hp_loss":0,"event_name":"Cursed Tome","floor":22,"gold_loss":0},{"damage_healed":0,"gold_gain":0,"player_choice":"Ignored","damage_taken":0,"max_hp_gain":0,"max_hp_loss":0,"event_name":"The Mausoleum","floor":28,"gold_loss":0},{"damage_healed":0,"gold_gain":0,"player_choice":"Fought Bandits","damage_taken":0,"max_hp_gain":0,"max_hp_loss":0,"event_name":"Masked Bandits","floor":29,"gold_loss":0},{"damage_healed":0,"gold_gain":0,"player_choice":"Max HP","damage_taken":0,"max_hp_gain":0,"max_hp_loss":3,"event_name":"Winding Halls","floor":38,"gold_loss":0},{"damage_healed":0,"gold_gain":0,"player_choice":"Fight","damage_taken":0,"max_hp_gain":0,"max_hp_loss":0,"event_name":"MindBloom","floor":41,"gold_loss":0},{"damage_healed":0,"gold_gain":0,"player_choice":"Ignored","damage_taken":0,"max_hp_gain":0,"max_hp_loss":0,"event_name":"SecretPortal","floor":45,"gold_loss":0}],"is_beta":false,"boss_relics":[{"not_picked":["Lizard Tail","Black Star"],"picked":"Coffee Dripper"},{"not_picked":["Runic Dome","Pandora\u0027s Box"],"picked":"Fusion Hammer"}],"items_purged_floors":[5,37],"is_endless":false,"potions_floor_spawned":[4,6,11,14,16,25,29,30,31,35,39,40,47,48],"killed_by":"Time Eater","ascension_level":2}