{"gold_per_floor":[109,128,203,256,269,303,303,323,349,419,451,451,468,433,433,535,535,554,274,294,308,308,335,335,353,405,424,440,440,456,472,472,567,567,581,581,263,316,326,358,358,35,81,81,95,108,208,78,78,78],"floor_reached":50,"playtime":4043,"items_purged":[],"score":579,"play_id":"e56a8caa-af2f-4487-bc9a-cc1f6bd51668","local_time":"20190406151735","is_ascension_mode":false,"campfire_choices":[{"floor":7,"key":"REST"},{"data":"Streamline","floor":12,"key":"SMITH"},{"data":"Sunder","floor":15,"key":"SMITH"},{"floor":24,"key":"REST"},{"data":"Turbo","floor":29,"key":"SMITH"},{"floor":32,"key":"REST"},{"floor":41,"key":"REST"},{"data":"Echo Form","floor":44,"key":"SMITH"},{"floor":49,"key":"REST"}],"neow_cost":"NONE","seed_source_timestamp":756054648374274,"circlet_count":0,"master_deck":["Defend_B","Defend_B","Defend_B","Defend_B","Zap+1","Dualcast+1","Redo","Streamline+1","Cold Snap","Self Repair","Doom and Gloom","Leap","Sunder+1","Echo Form+1","Conserve Battery","Genetic Algorithm","Ball Lightning","Melter+1","Redo","Bite","Bite","Bite","Bite","Turbo+1","Auto Shields","BootSequence","Steam+1","Cold Snap+1","Meteor Strike","Meteor Strike","Conserve Battery+1","Self Repair","Hello World","Sweeping Beam+1","Sunder+1","Apotheosis+1","Stack+1","Buffer","Rebound+1","Dark Shackles+1"],"relics":["Cracked Core","War Paint","Bag of Marbles","Regal Pillow","Omamori","Lantern","Inserter","Pen Nib","Dodecahedron","Anchor","Velvet Choker","Toxic Egg 2","Pocketwatch","Blood Vial","Orichalcum","Boot","Bird Faced Urn"],"potions_floor_usage":[6,16,16,16,21,33,33,33,40,50,50,50],"damage_taken":[{"damage":2,"enemies":"2 Louse","floor":1,"turns":3},{"damage":10,"enemies":"Jaw Worm","floor":2,"turns":4},{"damage":0,"enemies":"Small Slimes","floor":5,"turns":2},{"damage":12,"enemies":"3 Sentries","floor":6,"turns":7},{"damage":10,"enemies":"3 Louse","floor":8,"turns":3},{"damage":24,"enemies":"Lagavulin","floor":11,"turns":5},{"damage":0,"enemies":"Large Slime","floor":13,"turns":4},{"damage":44,"enemies":"Hexaghost","floor":16,"turns":7},{"damage":12,"enemies":"Shell Parasite","floor":18,"turns":5},{"damage":22,"enemies":"Spheric Guardian","floor":20,"turns":4},{"damage":20,"enemies":"Snake Plant","floor":21,"turns":4},{"damage":27,"enemies":"Gremlin Leader","floor":23,"turns":6},{"damage":29,"enemies":"Snecko","floor":25,"turns":5},{"damage":2,"enemies":"Centurion and Healer","floor":27,"turns":5},{"damage":17,"enemies":"3 Cultists","floor":28,"turns":6},{"damage":26,"enemies":"Snake Plant","floor":30,"turns":5},{"damage":15,"enemies":"Centurion and Healer","floor":31,"turns":5},{"damage":41,"enemies":"Automaton","floor":33,"turns":10},{"damage":0,"enemies":"Orb Walker","floor":35,"turns":2},{"damage":29,"enemies":"2 Orb Walkers","floor":38,"turns":5},{"damage":3,"enemies":"3 Darklings","floor":39,"turns":7},{"damage":57,"enemies":"Reptomancer","floor":40,"turns":8},{"damage":21,"enemies":"Jaw Worm Horde","floor":45,"turns":4},{"damage":10,"enemies":"4 Shapes","floor":46,"turns":3},{"damage":20,"enemies":"Mind Bloom Boss Battle","floor":47,"turns":8},{"damage":72,"enemies":"Awakened One","floor":50,"turns":11}],"seed_played":"813687485384985535","potions_obtained":[{"floor":2,"key":"Poison Potion"},{"floor":6,"key":"Fire Potion"},{"floor":8,"key":"Fire Potion"},{"floor":11,"key":"SkillPotion"},{"floor":20,"key":"AttackPotion"},{"floor":25,"key":"Weak Potion"},{"floor":30,"key":"Swift Potion"},{"floor":31,"key":"SpeedPotion"},{"floor":38,"key":"PowerPotion"},{"floor":39,"key":"SpeedPotion"},{"floor":46,"key":"SneckoOil"}],"is_trial":false,"path_per_floor":["M","M","?","T","M","E","R","M","T","?","E","R","M","?","R","B",null,"M","$","M","M","?","E","R","M","T","M","M","R","M","M","R","B",null,"M","?","$","?","M","E","R","$","T","R","M","M","?","$","R","B"],"character_chosen":"DEFECT","items_purchased":["Pen Nib","Genetic Algorithm","Ball Lightning","Toxic Egg 2","Self Repair","Apotheosis+1","Orichalcum","Dark Shackles+1","FearPotion"],"campfire_rested":5,"item_purchase_floors":[19,19,19,37,37,42,42,48,48],"current_hp_per_floor":[73,63,52,52,52,40,75,65,65,65,48,48,55,73,73,36,75,70,70,48,35,35,14,44,19,19,39,39,39,26,24,52,36,52,52,52,52,43,52,15,45,45,45,45,39,33,31,31,52,0],"gold":78,"neow_bonus":"RANDOM_COMMON_RELIC","is_prod":false,"is_daily":false,"chose_seed":false,"campfire_upgraded":4,"win_rate":0.0,"timestamp":1554578255,"path_taken":["M","M","?","?","M","E","R","M","T","?","E","R","M","?","R","BOSS","M","$","M","M","?","E","R","M","T","M","M","R","M","M","R","BOSS","M","?","$","?","M","E","R","?","T","R","M","M","?","$","R","BOSS"],"build_version":"2019-01-23","purchased_purges":0,"victory":false,"max_hp_per_floor":[75,75,75,75,75,75,75,75,75,75,75,75,75,75,75,75,75,75,75,75,75,52,52,52,52,52,52,52,52,52,52,52,52,52,52,52,52,52,52,52,52,52,52,52,52,52,52,52,52,52],"card_choices":[{"not_picked":["Compile Driver","Ball Lightning"],"picked":"Redo","floor":1},{"not_picked":["Reprogram","Force Field"],"picked":"Streamline","floor":2},{"not_picked":["Aggregate","Chaos"],"picked":"Cold Snap","floor":5},{"not_picked":["Rebound","Reprogram"],"picked":"Self Repair","floor":6},{"not_picked":["Go for the Eyes","Defragment"],"picked":"Doom and Gloom","floor":8},{"not_picked":["Chaos","All For One"],"picked":"Leap","floor":11},{"not_picked":["Consume","Steam"],"picked":"Sunder","floor":13},{"not_picked":["Reboot","All For One"],"picked":"Echo Form","floor":16},{"not_picked":["Darkness","Skim"],"picked":"Conserve Battery","floor":18},{"not_picked":["Steam","Self Repair"],"picked":"Melter+1","floor":20},{"not_picked":["Heatsinks","Cold Snap"],"picked":"Redo","floor":21},{"not_picked":["Blizzard","Barrage"],"picked":"Turbo","floor":23},{"not_picked":["Barrage","Chaos+1"],"picked":"Auto Shields","floor":25},{"not_picked":["Double Energy+1","Undo"],"picked":"BootSequence","floor":27},{"not_picked":["Consume","Barrage"],"picked":"Steam+1","floor":28},{"not_picked":["Turbo","Redo"],"picked":"Cold Snap+1","floor":30},{"not_picked":["Gash","Rebound"],"picked":"Meteor Strike","floor":31},{"not_picked":["Multi-Cast","Biased Cognition"],"picked":"Meteor Strike","floor":33},{"not_picked":["Steam","BootSequence+1"],"picked":"Conserve Battery+1","floor":35},{"not_picked":["Rebound","Steam+1"],"picked":"Hello World","floor":38},{"not_picked":["Gash+1","Melter+1"],"picked":"Sweeping Beam+1","floor":39},{"not_picked":["Compile Driver+1","Redo+1"],"picked":"Sunder+1","floor":40},{"not_picked":["Steam+1","Heatsinks"],"picked":"Stack+1","floor":45},{"not_picked":["Rip and Tear","Ball Lightning"],"picked":"Buffer","floor":46},{"not_picked":["Steam+1","Streamline+1"],"picked":"Rebound+1","floor":47}],"player_experience":59944,"relics_obtained":[{"floor":4,"key":"Bag of Marbles"},{"floor":6,"key":"Regal Pillow"},{"floor":9,"key":"Omamori"},{"floor":11,"key":"Lantern"},{"floor":23,"key":"Dodecahedron"},{"floor":26,"key":"Anchor"},{"floor":38,"key":"Pocketwatch"},{"floor":40,"key":"Blood Vial"},{"floor":43,"key":"Boot"},{"floor":47,"key":"Bird Faced Urn"}],"event_choices":[{"damage_healed":0,"gold_gain":75,"player_choice":"Gather Gold","damage_taken":11,"max_hp_gain":0,"max_hp_loss":0,"event_name":"World of Goop","floor":3,"gold_loss":0},{"damage_healed":0,"gold_gain":70,"player_choice":"Gained Gold","damage_taken":0,"max_hp_gain":0,"max_hp_loss":0,"event_name":"Golden Wing","floor":10,"gold_loss":0},{"damage_healed":18,"gold_gain":0,"player_choice":"Healed","damage_taken":0,"max_hp_gain":0,"max_hp_loss":0,"event_name":"The Cleric","floor":14,"gold_loss":35},{"damage_healed":0,"gold_gain":0,"player_choice":"Became a vampire","damage_taken":0,"max_hp_gain":0,"max_hp_loss":23,"event_name":"Vampires","floor":22,"gold_loss":0,"cards_obtained":["Bite","Bite","Bite","Bite","Bite"]},{"cards_removed":["Bite"],"damage_healed":0,"gold_gain":0,"player_choice":"Removed Attack","damage_taken":0,"max_hp_gain":0,"max_hp_loss":0,"event_name":"Falling","floor":36,"gold_loss":0},{"damage_healed":0,"gold_gain":0,"player_choice":"Fight","damage_taken":0,"max_hp_gain":0,"max_hp_loss":0,"event_name":"Mysterious Sphere","floor":38,"gold_loss":0},{"damage_healed":0,"gold_gain":0,"player_choice":"Fight","damage_taken":0,"max_hp_gain":0,"max_hp_loss":0,"event_name":"MindBloom","floor":47,"gold_loss":0}],"is_beta":false,"boss_relics":[{"not_picked":["Runic Pyramid","Runic Dome"],"picked":"Inserter"},{"not_picked":["Empty Cage","Tiny House"],"picked":"Velvet Choker"}],"items_purged_floors":[],"is_endless":false,"potions_floor_spawned":[2,6,8,11,13,20,25,30,31,38,39,46],"killed_by":"Awakened One","ascension_level":0}