{"gold_per_floor":[146,146,146,156,183,183,209,209,234,234,247,260,21,52,52,124,124,140,55,68,68,68,68,68],"floor_reached":24,"playtime":2752,"items_purged":[],"score":354,"play_id":"b1a3ec9d-8327-4bd3-9234-dc75cd172d8d","local_time":"20190422154634","is_ascension_mode":true,"campfire_choices":[{"data":"Coolheaded","floor":6,"key":"SMITH"},{"data":"White Noise","floor":8,"key":"SMITH"},{"data":"Rainbow","floor":15,"key":"SMITH"},{"floor":23,"key":"REST"}],"neow_cost":"NONE","seed_source_timestamp":645617558663104,"circlet_count":0,"master_deck":["AscendersBane","Strike_B","Strike_B","Strike_B","Strike_B","Defend_B","Defend_B","Defend_B","Defend_B","Zap","Dualcast","Ball Lightning","Coolheaded+1","White Noise+1","Core Surge","White Noise","Capacitor","Rainbow+1","Multi-Cast","Glacier","Necronomicurse"],"relics":["Cracked Core","Tiny Chest","Bronze Scales","Happy Flower","Blood Vial","Orichalcum","Chemical X","Juzu Bracelet","Nuclear Battery","Shuriken","Necronomicon"],"potions_floor_usage":[7,12,16],"damage_taken":[{"damage":7,"enemies":"Jaw Worm","floor":1,"turns":3},{"damage":0,"enemies":"2 Louse","floor":4,"turns":2},{"damage":4,"enemies":"Lagavulin","floor":7,"turns":7},{"damage":0,"enemies":"Small Slimes","floor":11,"turns":4},{"damage":0,"enemies":"3 Louse","floor":12,"turns":2},{"damage":4,"enemies":"Gremlin Nob","floor":14,"turns":3},{"damage":21,"enemies":"The Guardian","floor":16,"turns":10},{"damage":2,"enemies":"Chosen","floor":18,"turns":4},{"damage":7,"enemies":"3 Byrds","floor":20,"turns":2},{"damage":45,"enemies":"Slavers","floor":24,"turns":4}],"seed_played":"2080847852455207543","potions_obtained":[{"floor":4,"key":"Block Potion"},{"floor":7,"key":"SkillPotion"},{"floor":11,"key":"Fire Potion"},{"floor":16,"key":"Energy Potion"}],"is_trial":false,"path_per_floor":["M","?","?","M","T","R","E","R","T","?","M","M","$","E","R","B",null,"M","?","M","?","?","R","E"],"character_chosen":"DEFECT","items_purchased":["Chemical X","Capacitor"],"campfire_rested":1,"item_purchase_floors":[13,13],"current_hp_per_floor":[57,57,39,39,39,39,35,35,35,58,60,62,62,60,60,41,64,64,64,59,39,18,40,0],"gold":68,"neow_bonus":"RANDOM_COMMON_RELIC","is_prod":false,"is_daily":false,"chose_seed":false,"campfire_upgraded":3,"win_rate":0,"timestamp":1555962394,"path_taken":["M","?","?","?","?","R","E","R","T","?","M","M","$","E","R","BOSS","M","?","M","?","?","R","E"],"build_version":"2019-01-23","purchased_purges":0,"victory":false,"max_hp_per_floor":[71,71,71,71,71,71,71,71,71,71,71,71,71,71,71,71,71,71,71,71,76,76,76,76],"card_choices":[{"not_picked":["Go for the Eyes","Leap"],"picked":"Ball Lightning","floor":1},{"not_picked":["Stack","Consume"],"picked":"Coolheaded","floor":4},{"not_picked":["Coolheaded","Auto Shields"],"picked":"White Noise","floor":7},{"not_picked":["Rebound","Turbo"],"picked":"Core Surge","floor":11},{"not_picked":["Steam","Consume"],"picked":"White Noise","floor":12},{"not_picked":["Amplify","Cold Snap"],"picked":"Rainbow","floor":14},{"not_picked":["Electrodynamics","Creative AI"],"picked":"Multi-Cast","floor":16},{"not_picked":["Steam","Stack","Melter"],"picked":"SKIP","floor":18},{"not_picked":["Beam Cell","Cold Snap"],"picked":"Glacier","floor":20}],"player_experience":851073,"relics_obtained":[{"floor":5,"key":"Happy Flower"},{"floor":7,"key":"Blood Vial"},{"floor":9,"key":"Orichalcum"},{"floor":14,"key":"Juzu Bracelet"},{"floor":22,"key":"Necronomicon"}],"event_choices":[{"damage_healed":0,"gold_gain":0,"player_choice":"Ignored","damage_taken":0,"max_hp_gain":0,"max_hp_loss":0,"event_name":"Liars Game","floor":2,"gold_loss":0},{"damage_healed":0,"gold_gain":0,"player_choice":"Success","damage_taken":18,"relics_obtained":["Bronze Scales"],"max_hp_gain":0,"max_hp_loss":0,"event_name":"Scrap Ooze","floor":3,"gold_loss":0},{"damage_healed":23,"gold_gain":0,"player_choice":"Banana","damage_taken":0,"max_hp_gain":0,"max_hp_loss":0,"event_name":"Big Fish","floor":10,"gold_loss":0},{"damage_healed":0,"gold_gain":0,"player_choice":"Obtained Relic","damage_taken":0,"relics_obtained":["Shuriken"],"max_hp_gain":0,"max_hp_loss":0,"event_name":"Addict","floor":19,"gold_loss":85},{"damage_healed":0,"gold_gain":0,"player_choice":"Shed Blood","damage_taken":25,"max_hp_gain":5,"max_hp_loss":0,"event_name":"Forgotten Altar","floor":21,"gold_loss":0},{"damage_healed":0,"gold_gain":0,"player_choice":"Obtained Book","damage_taken":21,"max_hp_gain":0,"max_hp_loss":0,"event_name":"Cursed Tome","floor":22,"gold_loss":0}],"is_beta":false,"boss_relics":[{"not_picked":["Lizard Tail","Cursed Key"],"picked":"Nuclear Battery"}],"items_purged_floors":[],"is_endless":false,"potions_floor_spawned":[4,7,11,16],"killed_by":"Slavers","ascension_level":15}