{"gold_per_floor":[119,138,138,138,138,138,179,279,279,292,312,335,285,301,301,420,420,435,534,555,14,27,27,27,27,27,63,86,86,99,99,99,99],"floor_reached":33,"playtime":1849,"items_purged":["Strike_R"],"score":294,"play_id":"ac3694ac-db61-486a-87ab-8515a899475e","local_time":"20190403134308","is_ascension_mode":false,"campfire_choices":[{"floor":6.0,"key":"REST"},{"data":"Rampage","floor":15.0,"key":"SMITH"},{"floor":23,"key":"REST"},{"data":"Transmutation","floor":25,"key":"SMITH"},{"floor":29,"key":"REST"},{"data":"Infernal Blade","floor":32,"key":"SMITH"}],"neow_cost":"NONE","seed_source_timestamp":0,"circlet_count":0,"master_deck":["Strike_R+1","Strike_R+1","Strike_R","Strike_R","Defend_R","Defend_R","Bash","Flex","Rage","Rampage+1","Pommel Strike","Anger","Infernal Blade+1","Armaments","Berserk","Flex","Anger","Transmutation+1","Flash of Steel"],"special_seed":0,"relics":["Burning Blood","NeowsBlessing","Golden Idol","Whetstone","Gremlin Horn","Busted Crown","Ginger","Sundial","Mercury Hourglass"],"potions_floor_usage":[22,27,28,31,33,33],"damage_taken":[{"damage":0.0,"enemies":"Jaw Worm","floor":1.0,"turns":1.0},{"damage":0.0,"enemies":"Small Slimes","floor":2.0,"turns":1.0},{"damage":0.0,"enemies":"Gremlin Nob","floor":7.0,"turns":1.0},{"damage":0.0,"enemies":"Cultist","floor":10.0,"turns":2.0},{"damage":9.0,"enemies":"Blue Slaver","floor":11.0,"turns":3.0},{"damage":5.0,"enemies":"Looter","floor":12.0,"turns":2.0},{"damage":13.0,"enemies":"Exordium Thugs","floor":14.0,"turns":3.0},{"damage":38.0,"enemies":"Hexaghost","floor":16.0,"turns":8.0},{"damage":25,"enemies":"2 Thieves","floor":18,"turns":3},{"damage":0,"enemies":"3 Byrds","floor":20,"turns":4},{"damage":17,"enemies":"Snecko","floor":22,"turns":4},{"damage":38,"enemies":"Slavers","floor":27,"turns":4},{"damage":8,"enemies":"Centurion and Healer","floor":28,"turns":4},{"damage":0,"enemies":"3 Cultists","floor":30,"turns":3},{"damage":0,"enemies":"Snake Plant","floor":31,"turns":1},{"damage":82,"enemies":"Champ","floor":33,"turns":8}],"seed_played":"1808461466477033052","potions_obtained":[{"floor":2.0,"key":"Dexterity Potion"},{"floor":7.0,"key":"Swift Potion"},{"floor":10.0,"key":"SteroidPotion"},{"floor":11.0,"key":"Weak Potion"},{"floor":18,"key":"SteroidPotion"},{"floor":22,"key":"SteroidPotion"},{"floor":27,"key":"Swift Potion"},{"floor":30,"key":"SmokeBomb"}],"is_trial":false,"path_per_floor":["M","M","$","?","?","R","E","?","T","M","M","M","?","M","R","B",null,"M","?","M","$","M","R","?","R","T","E","M","R","M","M","R","B"],"character_chosen":"IRONCLAD","items_purchased":["Transmutation","Ginger"],"campfire_rested":3,"item_purchase_floors":[21,21],"current_hp_per_floor":[80,80,80,73,53,77,80,80,80,80,77,78,78,71,71,39,80,61,61,67,67,56,80,64,64,64,32,30,54,60,66,66,0],"gold":99,"neow_bonus":"THREE_ENEMY_KILL","is_prod":false,"is_daily":false,"chose_seed":false,"campfire_upgraded":3,"win_rate":0,"timestamp":1554313388,"path_taken":["M","M","$","?","?","R","E","?","T","M","M","?","?","M","R","BOSS","M","?","M","$","M","R","?","R","T","E","M","R","?","M","R","BOSS"],"build_version":"2019-01-23","purchased_purges":1,"victory":false,"max_hp_per_floor":[80,80,80,80,80,80,80,80,80,80,80,80,80,80,80,80,80,80,80,80,80,80,80,80,80,80,80,80,80,80,80,80,80],"card_choices":[{"not_picked":["Havoc","Sword Boomerang"],"picked":"Flex","floor":1.0},{"not_picked":["Body Slam","True Grit"],"picked":"Rage","floor":2.0},{"not_picked":["Sword Boomerang","True Grit"],"picked":"Rampage","floor":7.0},{"not_picked":["Carnage","Warcry"],"picked":"Pommel Strike","floor":10.0},{"not_picked":["Flex","Heavy Blade"],"picked":"Anger","floor":11.0},{"not_picked":["Flex","Dropkick"],"picked":"Infernal Blade","floor":12.0},{"not_picked":["Entrench","Perfected Strike"],"picked":"Armaments","floor":14.0},{"not_picked":["Juggernaut","Dark Embrace"],"picked":"Berserk","floor":16.0},{"not_picked":[],"picked":"Flex","floor":18},{"not_picked":[],"picked":"Anger","floor":20},{"not_picked":["Rampage"],"picked":"SKIP","floor":22},{"not_picked":["Thunderclap"],"picked":"SKIP","floor":27},{"not_picked":["Headbutt+1"],"picked":"SKIP","floor":28},{"not_picked":["Carnage"],"picked":"SKIP","floor":30}],"player_experience":26172,"relics_obtained":[{"floor":7.0,"key":"Whetstone"},{"floor":9.0,"key":"Gremlin Horn"},{"floor":26,"key":"Sundial"},{"floor":27,"key":"Mercury Hourglass"}],"event_choices":[{"cards_removed":["Defend_R"],"damage_healed":0.0,"max_hp_gain":0.0,"max_hp_loss":0.0,"gold_gain":0.0,"event_name":"Golden Wing","player_choice":"Card Removal","floor":4.0,"gold_loss":0.0,"damage_taken":7.0},{"damage_healed":0.0,"max_hp_gain":0.0,"max_hp_loss":0.0,"gold_gain":0.0,"event_name":"Golden Idol","player_choice":"Take Damage","floor":5.0,"gold_loss":0.0,"damage_taken":20.0,"relics_obtained":["Golden Idol"]},{"damage_healed":0.0,"max_hp_gain":0.0,"max_hp_loss":0.0,"gold_gain":100.0,"event_name":"Golden Shrine","player_choice":"Pray","floor":8.0,"gold_loss":0.0,"damage_taken":0.0},{"cards_removed":["Defend_R"],"damage_healed":0.0,"max_hp_gain":0.0,"max_hp_loss":0.0,"gold_gain":0.0,"event_name":"The Cleric","player_choice":"Card Removal","floor":13.0,"gold_loss":50.0,"damage_taken":0.0},{"damage_healed":0,"gold_gain":99,"player_choice":"Stole From Cult","damage_taken":0,"max_hp_gain":0,"max_hp_loss":0,"event_name":"Nest","floor":19,"gold_loss":0},{"damage_healed":0,"gold_gain":0,"player_choice":"CARD ","damage_taken":16,"max_hp_gain":0,"max_hp_loss":0,"event_name":"Knowing Skull","floor":24,"potions_obtained":[],"gold_loss":0,"cards_obtained":["Flash of Steel"]}],"is_beta":false,"boss_relics":[{"not_picked":["Calling Bell","Eternal Feather"],"picked":"Busted Crown"}],"items_purged_floors":[21],"is_endless":false,"potions_floor_spawned":[2,7,10,11,18,22,27,30],"killed_by":"Champ","ascension_level":0}