{"gold_per_floor":[114,114,128,53,53,85,85,116,140,140,173,186,86,106,106,206,206,219,219,238,163,173,173,187,197,197,197,215,155,155],"floor_reached":30,"playtime":1009,"items_purged":["Regret","Strike_R"],"score":250,"play_id":"a10c886f-150c-4dd2-bcff-e526b771c170","local_time":"20190423181405","is_ascension_mode":false,"campfire_choices":[{"data":"Double Tap","floor":7,"key":"SMITH"},{"data":"Bash","floor":10,"key":"SMITH"},{"floor":15,"key":"REST"},{"floor":23,"key":"REST"}],"neow_cost":"NONE","seed_source_timestamp":688923288176600,"circlet_count":0,"master_deck":["Strike_R","Strike_R","Defend_R","Defend_R","Defend_R","Bash+1","Immolate","Anger","Double Tap+1","Bash","Cleave","Dropkick","Battle Trance","Searing Blow","Double Tap","Impervious","RitualDagger","Bludgeon","Battle Trance"],"relics":["Burning Blood","Potion Belt","Darkstone Periapt","Regal Pillow","Happy Flower","Question Card","Sozu","Smiling Mask"],"potions_floor_usage":[16,16,16,30],"damage_taken":[{"damage":0,"enemies":"2 Louse","floor":1,"turns":2},{"damage":6,"enemies":"Jaw Worm","floor":3,"turns":2},{"damage":6,"enemies":"Gremlin Nob","floor":6,"turns":3},{"damage":13,"enemies":"3 Sentries","floor":8,"turns":4},{"damage":30,"enemies":"Lagavulin","floor":11,"turns":5},{"damage":6,"enemies":"Cultist","floor":12,"turns":3},{"damage":7,"enemies":"Blue Slaver","floor":14,"turns":2},{"damage":77,"enemies":"Hexaghost","floor":16,"turns":8},{"damage":5,"enemies":"3 Byrds","floor":18,"turns":4},{"damage":20,"enemies":"Shell Parasite","floor":20,"turns":3},{"damage":36,"enemies":"Centurion and Healer","floor":22,"turns":4},{"damage":45,"enemies":"Snake Plant","floor":24,"turns":5},{"damage":20,"enemies":"Snecko","floor":25,"turns":4},{"damage":18,"enemies":"Shelled Parasite and Fungi","floor":28,"turns":2},{"damage":19,"enemies":"Centurion and Healer","floor":30,"turns":2}],"seed_played":"-1978133518483204519","potions_obtained":[{"floor":3,"key":"BloodPotion"},{"floor":8,"key":"Weak Potion"},{"floor":11,"key":"Dexterity Potion"},{"floor":12,"key":"Strength Potion"},{"floor":14,"key":"Fruit Juice"}],"is_trial":false,"path_per_floor":["M","?","M","$","?","E","R","E","T","R","E","M","$","M","R","B",null,"M","?","M","?","M","R","M","M","T","?","M","?","M"],"character_chosen":"IRONCLAD","items_purchased":[],"campfire_rested":2,"item_purchase_floors":[],"current_hp_per_floor":[80,80,80,80,80,80,80,73,73,73,49,49,49,48,80,14,85,85,85,71,71,41,81,42,28,28,22,10,10,0],"gold":155,"neow_bonus":"ONE_RANDOM_RARE_CARD","is_prod":false,"is_daily":false,"chose_seed":false,"campfire_upgraded":2,"win_rate":0,"timestamp":1556057645,"path_taken":["M","?","M","$","?","E","R","E","T","R","E","M","$","?","R","BOSS","M","?","M","?","M","R","M","M","T","?","?","?","?"],"build_version":"2019-01-23","purchased_purges":2,"victory":false,"max_hp_per_floor":[80,80,80,80,80,80,80,80,80,80,80,80,80,80,80,85,85,85,85,85,85,85,85,85,85,85,85,85,85,85],"card_choices":[{"not_picked":["Clash","Fire Breathing"],"picked":"Anger","floor":1},{"not_picked":["True Grit","Body Slam","Disarm"],"picked":"SKIP","floor":3},{"not_picked":["Pommel Strike","Offering"],"picked":"Cleave","floor":6},{"not_picked":["Whirlwind","Disarm"],"picked":"Dropkick","floor":8},{"not_picked":["True Grit","Anger"],"picked":"Battle Trance","floor":11},{"not_picked":["Thunderclap","True Grit","Shockwave"],"picked":"Searing Blow","floor":12},{"not_picked":["Clash","Sever Soul","Warcry","Metallicize"],"picked":"SKIP","floor":14},{"not_picked":["Reaper","Limit Break","Bludgeon"],"picked":"Double Tap","floor":16},{"not_picked":["Twin Strike+1","Havoc+1","Armaments","Heavy Blade"],"picked":"SKIP","floor":18},{"not_picked":["Searing Blow","Clash+1","Clothesline+1","Wild Strike"],"picked":"SKIP","floor":20},{"not_picked":["True Grit","Armaments","Clothesline","Perfected Strike"],"picked":"SKIP","floor":22},{"not_picked":["Rupture","True Grit+1","Entrench","Dual Wield"],"picked":"SKIP","floor":24},{"not_picked":["Disarm","Perfected Strike","Twin Strike"],"picked":"Impervious","floor":25},{"not_picked":["Spot Weakness","True Grit","Heavy Blade","Wild Strike"],"picked":"SKIP","floor":28}],"player_experience":227584,"relics_obtained":[{"floor":6,"key":"Darkstone Periapt"},{"floor":8,"key":"Regal Pillow"},{"floor":9,"key":"Happy Flower"},{"floor":11,"key":"Question Card"},{"floor":26,"key":"Smiling Mask"}],"event_choices":[{"damage_healed":0,"gold_gain":0,"player_choice":"Box","damage_taken":0,"relics_obtained":["Potion Belt"],"max_hp_gain":0,"max_hp_loss":0,"event_name":"Big Fish","floor":2,"gold_loss":0,"cards_obtained":["Regret"]},{"damage_healed":0,"gold_gain":0,"player_choice":"2 cards matched","damage_taken":0,"max_hp_gain":0,"max_hp_loss":0,"event_name":"Match and Keep!","floor":5,"gold_loss":0,"cards_obtained":["Double Tap","Bash"]},{"damage_healed":0,"gold_gain":0,"player_choice":"Ignored","damage_taken":0,"max_hp_gain":0,"max_hp_loss":0,"event_name":"Vampires","floor":19,"gold_loss":0},{"cards_removed":["Strike_R"],"damage_healed":0,"gold_gain":0,"player_choice":"Gave Gold","damage_taken":0,"max_hp_gain":0,"max_hp_loss":0,"event_name":"Beggar","floor":21,"gold_loss":75},{"damage_healed":0,"gold_gain":0,"player_choice":"Joined the Cult","damage_taken":6,"max_hp_gain":0,"max_hp_loss":0,"event_name":"Nest","floor":27,"gold_loss":0,"cards_obtained":["RitualDagger"]},{"damage_healed":0,"gold_gain":0,"cards_transformed":["Strike_R","Defend_R"],"player_choice":"Transformed Cards","damage_taken":0,"max_hp_gain":0,"max_hp_loss":0,"event_name":"Designer","floor":29,"gold_loss":60,"cards_obtained":["Bludgeon","Battle Trance"]}],"is_beta":false,"boss_relics":[{"not_picked":["Fusion Hammer","Snecko Eye"],"picked":"Sozu"}],"items_purged_floors":[4,13],"is_endless":false,"potions_floor_spawned":[3,8,11,12,14,20,22,24],"killed_by":"Centurion and Healer","ascension_level":0}