{"gold_per_floor":[112,112,35,51,71,102,102,102,102,67,95,95,125,138,138,243,243,233,233,247,247,5,16,43,58,136,136,136,163,175,195,195,195],"floor_reached":33,"playtime":1975,"items_purged":["Defend_G"],"score":312,"play_id":"a0ed8989-b694-4e40-8b8a-61fb695b8f73","local_time":"20190411112358","is_ascension_mode":false,"campfire_choices":[{"floor":7,"key":"REST"},{"floor":15,"key":"REST"},{"floor":28,"key":"REST"},{"floor":32,"key":"REST"}],"neow_cost":"TEN_PERCENT_HP_LOSS","seed_source_timestamp":11740870098213,"circlet_count":0,"master_deck":["Defend_G","Defend_G","Defend_G","Defend_G","Strike_G","Strike_G","Strike_G","Strike_G","Strike_G","Survivor","Neutralize","Bullet Time","Flying Knee","Flying Knee","Backflip","Catalyst","Poisoned Stab","Deadly Poison","Deadly Poison","Envenom","Crippling Poison","Bullet Time","RitualDagger","Poisoned Stab","Ghostly","Ghostly","Ghostly","Ghostly","Ghostly","Crippling Poison","Backflip+1"],"relics":["Ring of the Serpent","Ornamental Fan","Dodecahedron","Happy Flower","Smiling Mask","Incense Burner","Frozen Eye","FossilizedHelix","Molten Egg 2","Blood Vial"],"potions_floor_usage":[12,24,25,31,33,33],"damage_taken":[{"damage":3,"enemies":"Small Slimes","floor":1,"turns":4},{"damage":0,"enemies":"Jaw Worm","floor":4,"turns":3},{"damage":0,"enemies":"2 Louse","floor":5,"turns":3},{"damage":19,"enemies":"3 Sentries","floor":6,"turns":11},{"damage":18,"enemies":"Lagavulin","floor":11,"turns":7},{"damage":0,"enemies":"Large Slime","floor":12,"turns":1},{"damage":22,"enemies":"3 Sentries","floor":13,"turns":10},{"damage":5,"enemies":"Looter","floor":14,"turns":3},{"damage":31,"enemies":"Slime Boss","floor":16,"turns":11},{"damage":5,"enemies":"2 Thieves","floor":18,"turns":4},{"damage":18,"enemies":"Spheric Guardian","floor":20,"turns":6},{"damage":6,"enemies":"Snecko","floor":23,"turns":4},{"damage":22,"enemies":"Gremlin Leader","floor":24,"turns":6},{"damage":0,"enemies":"Centurion and Healer","floor":25,"turns":6},{"damage":0,"enemies":"Snake Plant","floor":30,"turns":4},{"damage":1,"enemies":"Sentry and Sphere","floor":31,"turns":4},{"damage":33,"enemies":"Champ","floor":33,"turns":10}],"seed_played":"6804589462043300904","potions_obtained":[{"floor":6,"key":"PowerPotion"},{"floor":11,"key":"SmokeBomb"},{"floor":16,"key":"SpeedPotion"},{"floor":20,"key":"Explosive Potion"},{"floor":24,"key":"SneckoOil"},{"floor":30,"key":"GhostInAJar"}],"is_trial":false,"path_per_floor":["M","?","$","M","M","E","R","?","T","?","E","M","E","M","R","B",null,"M","?","M","?","$","M","E","M","T","?","R","T","M","M","R","B"],"character_chosen":"THE_SILENT","items_purchased":["Flying Knee","Backflip","Frozen Eye"],"campfire_rested":4,"item_purchase_floors":[3,3,22],"current_hp_per_floor":[60,48,48,48,48,29,47,47,47,62,44,44,22,17,35,4,63,58,52,34,31,31,25,3,3,3,13,22,22,24,25,31,0],"gold":195,"neow_bonus":"THREE_RARE_CARDS","is_prod":false,"is_daily":false,"chose_seed":false,"campfire_upgraded":0,"win_rate":0,"timestamp":1554996238,"path_taken":["M","?","$","M","M","E","R","?","T","?","E","M","E","M","R","BOSS","M","?","M","?","$","M","E","M","T","?","R","?","?","M","R","BOSS"],"build_version":"2019-01-23","purchased_purges":1,"victory":false,"max_hp_per_floor":[63,63,63,63,63,63,63,63,63,63,63,63,63,63,63,63,63,63,63,63,31,31,31,31,31,31,31,31,31,31,31,31,31],"card_choices":[{"not_picked":["Tools of the Trade","Envenom"],"picked":"Bullet Time","floor":0},{"not_picked":["Bane","Dagger Throw"],"picked":"Flying Knee","floor":1},{"not_picked":["Dagger Throw","Bane"],"picked":"Catalyst","floor":4},{"not_picked":["Footwork","Dodge and Roll"],"picked":"Poisoned Stab","floor":5},{"not_picked":["Slice","Choke"],"picked":"Deadly Poison","floor":6},{"not_picked":["Sucker Punch","Cloak And Dagger"],"picked":"Deadly Poison","floor":11},{"not_picked":["Expertise","Tools of the Trade"],"picked":"Envenom","floor":13},{"not_picked":["PiercingWail","Acrobatics"],"picked":"Crippling Poison","floor":14},{"not_picked":["Burst","Die Die Die"],"picked":"Bullet Time","floor":16},{"not_picked":["Expertise+1","Dagger Spray","Reflex"],"picked":"SKIP","floor":18},{"not_picked":["Dagger Spray","Infinite Blades+1"],"picked":"Poisoned Stab","floor":20},{"not_picked":["PiercingWail","Quick Slash","Flying Knee"],"picked":"SKIP","floor":23},{"not_picked":["Heel Hook+1","Sucker Punch","Flying Knee+1"],"picked":"SKIP","floor":24},{"not_picked":["Acrobatics","Blur","Well Laid Plans"],"picked":"SKIP","floor":25},{"not_picked":["Terror","Cloak And Dagger+1"],"picked":"Crippling Poison","floor":30},{"not_picked":["Slice+1","Backstab+1"],"picked":"Backflip+1","floor":31}],"player_experience":110543,"relics_obtained":[{"floor":6,"key":"Dodecahedron"},{"floor":9,"key":"Happy Flower"},{"floor":11,"key":"Smiling Mask"},{"floor":13,"key":"Incense Burner"},{"floor":24,"key":"FossilizedHelix"},{"floor":26,"key":"Molten Egg 2"},{"floor":29,"key":"Blood Vial"}],"event_choices":[{"damage_healed":0,"gold_gain":0,"player_choice":"Success","damage_taken":12,"relics_obtained":["Ornamental Fan"],"max_hp_gain":0,"max_hp_loss":0,"event_name":"Scrap Ooze","floor":2,"gold_loss":0},{"damage_healed":0,"gold_gain":0,"player_choice":"Ignored","damage_taken":0,"max_hp_gain":0,"max_hp_loss":0,"event_name":"Liars Game","floor":8,"gold_loss":0},{"damage_healed":15,"gold_gain":0,"player_choice":"Healed","damage_taken":0,"max_hp_gain":0,"max_hp_loss":0,"event_name":"The Cleric","floor":10,"gold_loss":35},{"damage_healed":0,"gold_gain":0,"player_choice":"Joined the Cult","damage_taken":6,"max_hp_gain":0,"max_hp_loss":0,"event_name":"Nest","floor":19,"gold_loss":0,"cards_obtained":["RitualDagger"]},{"damage_healed":0,"gold_gain":0,"player_choice":"Became a Ghost","damage_taken":0,"max_hp_gain":0,"max_hp_loss":32,"event_name":"Ghosts","floor":21,"gold_loss":0,"cards_obtained":["Ghostly","Ghostly","Ghostly","Ghostly","Ghostly"]},{"damage_healed":10,"gold_gain":0,"player_choice":"Heal","damage_taken":0,"max_hp_gain":0,"max_hp_loss":0,"event_name":"The Library","floor":27,"gold_loss":0}],"is_beta":false,"boss_relics":[{"not_picked":["Velvet Choker","Snecko Eye"],"picked":"Ring of the Serpent"}],"items_purged_floors":[22],"is_endless":false,"potions_floor_spawned":[6,11,12,16,20,24,30],"killed_by":"Champ","ascension_level":0}