{"gold_per_floor":[113,188,202,202,212,212,225,225,225,225,238,238,258,258,258,353,353,364,463,463,378,17,17,47,47,47,58,74,74,74,93,93,198,198,211,65,365,385,63,79,114,114,114,37,37,37,37,51,51,51],"floor_reached":51,"playtime":1939,"items_purged":["Normality","Writhe","Clumsy"],"score":810,"play_id":"4d6692d1-55ab-4aa1-a7df-a914ba63b942","local_time":"20180911224517","is_ascension_mode":true,"campfire_choices":[{"data":"Carnage","floor":6,"key":"SMITH"},{"data":"Metallicize","floor":8,"key":"SMITH"},{"data":"Bash","floor":10,"key":"SMITH"},{"floor":12,"key":"REST"},{"data":"Pommel Strike","floor":15,"key":"SMITH"},{"data":"Shockwave","floor":23,"key":"SMITH"},{"floor":25,"key":"REST"},{"data":"Flame Barrier","floor":29,"key":"SMITH"},{"data":"Inflame","floor":32,"key":"SMITH"},{"data":"Double Tap","floor":45,"key":"SMITH"},{"data":"Barricade","floor":47,"key":"SMITH"},{"data":"Inflame","floor":49,"key":"SMITH"}],"neow_cost":"NONE","seed_source_timestamp":360353215180410,"circlet_count":0,"master_deck":["Strike_R","Strike_R","Strike_R+1","Strike_R","Strike_R+1","Defend_R","Defend_R","Defend_R","Defend_R","Bash+1","Inflame+1","Inflame+1","Carnage+1","Metallicize+1","Flame Barrier+1","Pommel Strike+1","Double Tap+1","Iron Wave+1","Shrug It Off","Shockwave+1","Panache","Feel No Pain","Battle Trance","Twin Strike","Barricade+1","Sword Boomerang+1","True Grit","Shrug It Off","Flex+1","Doubt","Offering+1","Shockwave+1"],"relics":["Burning Blood","Kunai","Cursed Key","Boot","Meat on the Bone","Whetstone","Turnip","Shuriken","Busted Crown","Ancient Tea Set","Strawberry","Bird Faced Urn","Toxic Egg 2"],"potions_floor_usage":[33,38,40,40,40,40,48,50],"damage_taken":[{"damage":5,"enemies":"Small Slimes","floor":1,"turns":3},{"damage":13,"enemies":"Jaw Worm","floor":3,"turns":5},{"damage":1,"enemies":"Cultist","floor":5,"turns":3},{"damage":18,"enemies":"3 Louse","floor":7,"turns":3},{"damage":22,"enemies":"Lots of Slimes","floor":11,"turns":5},{"damage":9,"enemies":"Exordium Wildlife","floor":13,"turns":4},{"damage":14,"enemies":"Slime Boss","floor":16,"turns":8},{"damage":2,"enemies":"Chosen","floor":18,"turns":4},{"damage":53,"enemies":"Slavers","floor":24,"turns":8},{"damage":0,"enemies":"Spheric Guardian","floor":27,"turns":4},{"damage":10,"enemies":"Snecko","floor":28,"turns":4},{"damage":17,"enemies":"3 Cultists","floor":31,"turns":6},{"damage":59,"enemies":"Champ","floor":33,"turns":11},{"damage":2,"enemies":"Orb Walker","floor":35,"turns":4},{"damage":34,"enemies":"3 Shapes","floor":38,"turns":5},{"damage":1,"enemies":"Reptomancer","floor":40,"turns":3},{"damage":3,"enemies":"Giant Head","floor":41,"turns":7},{"damage":9,"enemies":"Mind Bloom Boss Battle","floor":42,"turns":7},{"damage":17,"enemies":"3 Darklings","floor":48,"turns":4},{"damage":75,"enemies":"Time Eater","floor":50,"turns":9}],"seed_played":"-8110319664090448795","potions_obtained":[{"floor":3,"key":"BloodPotion"},{"floor":7,"key":"BloodPotion"},{"floor":14,"key":"EntropicBrew"},{"floor":31,"key":"Fire Potion"},{"floor":35,"key":"SpeedPotion"},{"floor":38,"key":"AttackPotion"}],"is_trial":false,"path_per_floor":["M","?","M","?","M","R","M","R","T","R","M","R","M","?","R","B",null,"M","?","T","?","$","R","E","R","T","M","M","R","T","M","R","B",null,"M","$","?","M","$","M","E","?","T","$","R","$","R","M","R","B"],"character_chosen":"IRONCLAD","items_purchased":["Shrug It Off","Shockwave","Panache","True Grit","Shrug It Off","Ancient Tea Set","Offering+1"],"campfire_rested":2,"item_purchase_floors":[22,22,22,36,39,39,44],"current_hp_per_floor":[80,69,62,62,67,67,55,55,55,55,39,63,60,60,60,52,80,80,80,80,80,80,80,45,69,69,75,71,71,71,60,60,27,80,80,80,80,52,52,80,87,84,84,84,84,84,84,82,82,35],"gold":51,"neow_bonus":"THREE_CARDS","is_prod":false,"is_daily":false,"chose_seed":false,"campfire_upgraded":10,"win_rate":0,"timestamp":1536720317,"path_taken":["M","?","M","?","M","R","?","R","T","R","M","R","M","?","R","BOSS","M","?","?","?","$","R","E","R","T","M","?","R","?","M","R","BOSS","M","$","?","M","$","M","E","?","T","$","R","?","R","M","R","BOSS"],"build_version":"2018-09-06","purchased_purges":3,"victory":true,"max_hp_per_floor":[80,80,80,80,80,80,80,80,80,80,80,80,80,80,80,80,80,80,80,80,80,80,80,80,80,80,80,80,80,80,80,80,80,80,80,80,80,80,80,80,87,87,87,87,87,87,87,87,87,87],"card_choices":[{"not_picked":["Flex","Wild Strike"],"picked":"Inflame","floor":0},{"not_picked":["Clash","Flex","Wild Strike"],"picked":"SKIP","floor":1},{"not_picked":["Heavy Blade","Perfected Strike"],"picked":"Inflame","floor":3},{"not_picked":["Sword Boomerang","Rupture"],"picked":"Carnage","floor":5},{"not_picked":["Warcry","Headbutt"],"picked":"Metallicize","floor":7},{"not_picked":["Cleave","Sentinel"],"picked":"Flame Barrier","floor":11},{"not_picked":["Clash","Havoc"],"picked":"Pommel Strike","floor":13},{"not_picked":["Brutality","Dark Embrace"],"picked":"Double Tap","floor":16},{"not_picked":["Flex","Cleave"],"picked":"Iron Wave+1","floor":18},{"not_picked":["Berserk","Cleave","Warcry"],"picked":"SKIP","floor":24},{"not_picked":["Body Slam","Warcry"],"picked":"Feel No Pain","floor":27},{"not_picked":["Wild Strike+1","Second Wind"],"picked":"Battle Trance","floor":28},{"not_picked":["Havoc+1","Bloodletting"],"picked":"Twin Strike","floor":31},{"not_picked":["Juggernaut","Dark Embrace"],"picked":"Barricade","floor":33},{"not_picked":[],"picked":"Sword Boomerang+1","floor":35},{"not_picked":["Havoc"],"picked":"SKIP","floor":38},{"not_picked":["Dual Wield"],"picked":"SKIP","floor":40},{"not_picked":[],"picked":"Flex+1","floor":41},{"not_picked":[],"picked":"Shockwave+1","floor":48}],"player_experience":109234,"relics_obtained":[{"floor":9,"key":"Kunai"},{"floor":20,"key":"Boot"},{"floor":24,"key":"Whetstone"},{"floor":26,"key":"Turnip"},{"floor":30,"key":"Shuriken"},{"floor":41,"key":"Strawberry"},{"floor":42,"key":"Bird Faced Urn"},{"floor":43,"key":"Toxic Egg 2"}],"event_choices":[{"event_name":"World of Goop","player_choice":"Gather Gold","floor":2,"damage_taken":0},{"event_name":"Liars Game","player_choice":"disagreed","floor":4,"damage_taken":0},{"event_name":"The Lab","player_choice":"Got Potions","floor":14,"damage_taken":0},{"event_name":"Nest","player_choice":"Stole From Cult","floor":19,"damage_taken":0},{"event_name":"Addict","player_choice":"Obtained Relic","floor":21,"damage_taken":0},{"event_name":"Wheel of Change","player_choice":"Gold","floor":37,"damage_taken":0},{"event_name":"MindBloom","player_choice":"Fight","floor":42,"damage_taken":0}],"is_beta":false,"boss_relics":[{"not_picked":["Tiny House","Empty Cage"],"picked":"Cursed Key"},{"not_picked":["Lizard Tail","Fusion Hammer"],"picked":"Busted Crown"}],"items_purged_floors":[22,36,39],"is_endless":false,"potions_floor_spawned":[3,7,16,24,31,35,38],"ascension_level":4}