{"gold_per_floor":[112,112,112,127,140,174,174,174,201,225,235,250,282,293,293,395,395,410,510,360,376,390,390,417,417,417,436,436,351,368,379,379,475,475,493,544,544,90,101,101],"floor_reached":40,"playtime":5666,"items_purged":["Heatsinks","Heatsinks"],"score":468,"play_id":"f6402bdc-cee4-4c0c-86d9-ef760ab72d63","local_time":"20181225130226","is_ascension_mode":false,"campfire_choices":[{"floor":7,"key":"RECALL"},{"data":"Buffer","floor":15,"key":"SMITH"},{"data":"Consume","floor":23,"key":"SMITH"},{"data":"Echo Form","floor":25,"key":"SMITH"},{"data":"Echo Form","floor":28,"key":"SMITH"},{"data":"Capacitor","floor":32,"key":"SMITH"}],"neow_cost":"NONE","seed_source_timestamp":653815209537596,"circlet_count":0,"master_deck":["Zap","Dualcast","Go for the Eyes+1","Cold Snap","Chill","Ball Lightning","Buffer+1","Chill","Echo Form+1","Skim","Creative AI","Sweeping Beam","Creative AI","Genetic Algorithm","Cold Snap","Self Repair","Capacitor+1","Chaos+1","Consume+1","Undo","Echo Form+1","Defragment+1"],"relics":["Cracked Core","Bag of Preparation","Odd Mushroom","Shuriken","Pandora\u0027s Box","Mango","Cables","Torii","Lantern","Ornamental Fan","Runic Dome","Turnip","DataDisk","Runic Capacitor"],"potions_floor_usage":[6,16,19,22,24,24,27,31,33,36,39],"damage_taken":[{"damage":0,"enemies":"Cultist","floor":1,"turns":4},{"damage":5,"enemies":"2 Louse","floor":4,"turns":2},{"damage":0,"enemies":"Small Slimes","floor":5,"turns":2},{"damage":11,"enemies":"3 Sentries","floor":6,"turns":10},{"damage":1,"enemies":"The Mushroom Lair","floor":10,"turns":4},{"damage":4,"enemies":"3 Louse","floor":11,"turns":3},{"damage":0,"enemies":"Looter","floor":12,"turns":2},{"damage":0,"enemies":"Gremlin Nob","floor":13,"turns":4},{"damage":0,"enemies":"Exordium Thugs","floor":14,"turns":4},{"damage":15,"enemies":"Hexaghost","floor":16,"turns":11},{"damage":10,"enemies":"Shell Parasite","floor":18,"turns":6},{"damage":3,"enemies":"Colosseum Slavers","floor":19,"turns":6},{"damage":15,"enemies":"Colosseum Nobs","floor":19,"turns":6},{"damage":0,"enemies":"Spheric Guardian","floor":21,"turns":6},{"damage":11,"enemies":"Snake Plant","floor":22,"turns":6},{"damage":1,"enemies":"Book of Stabbing","floor":24,"turns":7},{"damage":0,"enemies":"Centurion and Healer","floor":27,"turns":8},{"damage":0,"enemies":"Chosen and Byrds","floor":30,"turns":7},{"damage":2,"enemies":"Cultist and Chosen","floor":31,"turns":6},{"damage":11,"enemies":"Collector","floor":33,"turns":11},{"damage":0,"enemies":"Orb Walker","floor":35,"turns":4},{"damage":72,"enemies":"2 Orb Walkers","floor":36,"turns":9},{"damage":16,"enemies":"3 Shapes","floor":39,"turns":6},{"damage":50,"enemies":"Reptomancer","floor":40,"turns":2}],"seed_played":"4612637155408357750","potions_obtained":[{"floor":0,"key":"Energy Potion"},{"floor":0,"key":"Explosive Potion"},{"floor":0,"key":"Swift Potion"},{"floor":6,"key":"Weak Potion"},{"floor":14,"key":"LiquidBronze"},{"floor":18,"key":"GamblersBrew"},{"floor":22,"key":"Fire Potion"},{"floor":24,"key":"Poison Potion"},{"floor":30,"key":"Ancient Potion"},{"floor":31,"key":"FocusPotion"},{"floor":35,"key":"Poison Potion"},{"floor":37,"key":"LiquidBronze"},{"floor":37,"key":"GamblersBrew"},{"floor":37,"key":"Poison Potion"}],"is_trial":false,"path_per_floor":["M","?","?","M","M","E","R","?","T","?","M","M","E","M","R","B",null,"M","?","$","M","M","R","E","R","T","M","R","?","M","M","R","B",null,"M","?","?","$","M","E"],"character_chosen":"DEFECT","items_purchased":["Capacitor","DataDisk","Runic Capacitor"],"campfire_rested":0,"item_purchase_floors":[20,38,38],"current_hp_per_floor":[75,75,60,55,55,44,44,49,49,48,44,44,44,44,44,29,80,70,66,66,80,76,76,89,89,89,94,94,94,94,94,94,90,94,94,36,36,36,27,0],"gold":101,"neow_bonus":"THREE_SMALL_POTIONS","is_prod":false,"is_daily":false,"chose_seed":false,"campfire_upgraded":5,"win_rate":0,"timestamp":1545760946,"path_taken":["M","?","?","M","M","E","R","?","T","?","M","M","E","M","R","BOSS","M","?","?","M","M","R","E","R","T","M","R","?","M","M","R","BOSS","M","?","?","$","M","E"],"build_version":"2018-12-20","purchased_purges":2,"victory":false,"max_hp_per_floor":[75,75,75,75,75,75,75,80,80,80,80,80,80,80,80,80,80,80,94,94,94,94,94,94,94,94,94,94,94,94,94,94,94,94,94,94,94,94,94,94],"card_choices":[{"not_picked":["Barrage","Rip and Tear"],"picked":"Go for the Eyes","floor":1},{"not_picked":["Ball Lightning","Heatsinks"],"picked":"Cold Snap","floor":4},{"not_picked":["Beam Cell","Reinforced Body"],"picked":"Chill","floor":5},{"not_picked":["Melter","Scrape"],"picked":"Ball Lightning","floor":6},{"not_picked":["Rebound","Compile Driver"],"picked":"Buffer","floor":10},{"not_picked":["Streamline","Sweeping Beam","Rebound"],"picked":"SKIP","floor":11},{"not_picked":["Go for the Eyes","Sweeping Beam","White Noise"],"picked":"SKIP","floor":12},{"not_picked":["Coolheaded","Amplify"],"picked":"Chill","floor":13},{"not_picked":["Rebound","Force Field","Genetic Algorithm"],"picked":"SKIP","floor":14},{"not_picked":["Buffer","Core Surge"],"picked":"Echo Form","floor":16},{"not_picked":["Beam Cell+1","Stack"],"picked":"Cold Snap","floor":18},{"not_picked":["Rebound","Gash"],"picked":"Self Repair","floor":19},{"not_picked":["Stack","Gash"],"picked":"Chaos+1","floor":21},{"not_picked":["Heatsinks+1","Go for the Eyes"],"picked":"Consume","floor":22},{"not_picked":["Scrape","Reprogram"],"picked":"Undo","floor":24},{"not_picked":["Coolheaded","Beam Cell"],"picked":"Echo Form","floor":27},{"not_picked":["Barrage","Stack","Beam Cell"],"picked":"SKIP","floor":30},{"not_picked":["Chaos","Rebound","Ball Lightning"],"picked":"SKIP","floor":31},{"not_picked":["Steam Power+1","Genetic Algorithm","Steam"],"picked":"SKIP","floor":35},{"not_picked":["Barrage","Ball Lightning"],"picked":"Defragment+1","floor":39}],"player_experience":527393,"relics_obtained":[{"floor":6,"key":"Bag of Preparation"},{"floor":10,"key":"Odd Mushroom"},{"floor":13,"key":"Shuriken"},{"floor":19,"key":"Mango"},{"floor":19,"key":"Cables"},{"floor":24,"key":"Torii"},{"floor":26,"key":"Lantern"},{"floor":36,"key":"Turnip"}],"event_choices":[{"cards_removed":["Strike_B"],"damage_healed":0,"gold_gain":0,"player_choice":"Forget","damage_taken":0,"max_hp_gain":0,"max_hp_loss":0,"event_name":"Living Wall","floor":2,"gold_loss":0},{"damage_healed":0,"gold_gain":0,"player_choice":"Entered Light","damage_taken":15,"max_hp_gain":0,"max_hp_loss":0,"event_name":"Shining Light","floor":3,"gold_loss":0,"cards_upgraded":["Go for the Eyes","Strike_B"]},{"damage_healed":0,"gold_gain":0,"player_choice":"Donut","damage_taken":0,"max_hp_gain":5,"max_hp_loss":0,"event_name":"Big Fish","floor":8,"gold_loss":0},{"damage_healed":0,"gold_gain":0,"player_choice":"Fought Mushrooms","damage_taken":0,"max_hp_gain":0,"max_hp_loss":0,"event_name":"Mushrooms","floor":10,"gold_loss":0},{"damage_healed":0,"gold_gain":0,"player_choice":"Fight","damage_taken":0,"max_hp_gain":0,"max_hp_loss":0,"event_name":"Colosseum","floor":19,"gold_loss":0},{"damage_healed":0,"gold_gain":0,"player_choice":"Fought Nobs","damage_taken":0,"max_hp_gain":0,"max_hp_loss":0,"event_name":"Colosseum","floor":19,"gold_loss":0},{"damage_healed":0,"gold_gain":0,"player_choice":"Obtained Relic","damage_taken":0,"relics_obtained":["Ornamental Fan"],"max_hp_gain":0,"max_hp_loss":0,"event_name":"Addict","floor":29,"gold_loss":85},{"damage_healed":0,"gold_gain":0,"player_choice":"Fight","damage_taken":0,"max_hp_gain":0,"max_hp_loss":0,"event_name":"Mysterious Sphere","floor":36,"gold_loss":0},{"damage_healed":0,"gold_gain":0,"player_choice":"Got Potions","damage_taken":0,"max_hp_gain":0,"max_hp_loss":0,"event_name":"Lab","floor":37,"gold_loss":0}],"is_beta":false,"boss_relics":[{"not_picked":["Astrolabe","Velvet Choker"],"picked":"Pandora\u0027s Box"},{"not_picked":["Inserter","Lizard Tail"],"picked":"Runic Dome"}],"items_purged_floors":[20,38],"is_endless":false,"potions_floor_spawned":[4,6,10,14,18,19,22,24,30,31,35],"killed_by":"Reptomancer","ascension_level":0}