{"gold_per_floor":[10,29,29,29,40,40,67,67,145,162,174,187,198,198,198,198],"floor_reached":16,"playtime":778,"items_purged":[],"score":130,"play_id":"af54c943-e517-43b9-983d-17bc8880e00a","local_time":"20180927000652","is_ascension_mode":true,"campfire_choices":[{"data":"Footwork","floor":6,"key":"SMITH"},{"data":"Neutralize","floor":8,"key":"SMITH"},{"floor":15,"key":"REST"}],"neow_cost":"NO_GOLD","seed_source_timestamp":1166948986853874,"circlet_count":0,"master_deck":["Defend_G","Defend_G","Defend_G","Defend_G","Strike_G","Strike_G","Strike_G","Strike_G","Survivor","Neutralize+1","Footwork+1","Leg Sweep","Backflip","Finisher","Poisoned Stab","Venomology","Poisoned Stab","Catalyst+1","Heel Hook"],"relics":["Ring of the Snake","Snake Skull","Bottled Flame"],"potions_floor_usage":[10,11,12,13,16,16,16],"damage_taken":[{"damage":0,"enemies":"Cultist","floor":1,"turns":5},{"damage":1,"enemies":"Jaw Worm","floor":2,"turns":7},{"damage":0,"enemies":"Small Slimes","floor":5,"turns":4},{"damage":17,"enemies":"Gremlin Nob","floor":7,"turns":5},{"damage":2,"enemies":"Exordium Thugs","floor":10,"turns":5},{"damage":0,"enemies":"Blue Slaver","floor":11,"turns":4},{"damage":9,"enemies":"Gremlin Gang","floor":12,"turns":4},{"damage":3,"enemies":"Large Slime","floor":13,"turns":6},{"damage":67,"enemies":"Slime Boss","floor":16,"turns":11}],"seed_played":"-3080751452438178103","potions_obtained":[{"floor":2,"key":"SteroidPotion"},{"floor":5,"key":"Explosive Potion"},{"floor":7,"key":"Energy Potion"},{"floor":12,"key":"EssenceOfSteel"}],"is_trial":false,"path_per_floor":["M","M","?","$","M","R","E","R","T","M","M","M","M","?","R"],"character_chosen":"THE_SILENT","items_purchased":[],"campfire_rested":1,"item_purchase_floors":[],"current_hp_per_floor":[70,69,69,69,69,69,52,52,52,50,50,41,38,38,59,0],"gold":198,"neow_bonus":"TRANSFORM_TWO_CARDS","is_prod":false,"is_daily":false,"chose_seed":false,"campfire_upgraded":2,"win_rate":0,"timestamp":1538021212,"path_taken":["M","M","?","?","M","R","E","R","T","M","M","M","M","?","R","BOSS"],"build_version":"2018-09-20","purchased_purges":0,"victory":false,"max_hp_per_floor":[70,70,70,70,70,70,70,70,70,70,70,70,70,70,70,70],"card_choices":[{"not_picked":["Cloak And Dagger","Escape Plan"],"picked":"Backflip","floor":1},{"not_picked":["Deflect","Bane"],"picked":"Finisher","floor":2},{"not_picked":["Dagger Throw","Acrobatics"],"picked":"Poisoned Stab","floor":5},{"not_picked":["Prepared","Underhanded Strike"],"picked":"Venomology","floor":7},{"not_picked":["Predator","Choke"],"picked":"Poisoned Stab","floor":10},{"not_picked":["Flying Knee","Grand Finale"],"picked":"Catalyst","floor":11},{"not_picked":["Dagger Spray","Acrobatics","Prepared"],"picked":"SKIP","floor":12},{"not_picked":["Underhanded Strike","Deadly Poison"],"picked":"Heel Hook","floor":13}],"player_experience":144603,"relics_obtained":[{"floor":7,"key":"Snake Skull"},{"floor":9,"key":"Bottled Flame"}],"event_choices":[{"event_name":"The Cleric","player_choice":"Leave","floor":3,"damage_taken":0},{"event_name":"Upgrade Shrine","player_choice":"Upgraded","floor":14,"damage_taken":0}],"is_beta":false,"boss_relics":[],"items_purged_floors":[],"is_endless":false,"potions_floor_spawned":[2,5,7,12,13],"killed_by":"Slime Boss","ascension_level":5}