{"gold_per_floor":[19,37,37,56,56,90,90,125,125,144,144,114,114,129,129,258,258,279,50,74,74,88,88,122,122,122,142,181,181,206,224,224,349,349,368,391,391,39,58,58,58],"floor_reached":41,"playtime":4316,"items_purged":["Strike_G"],"score":585,"play_id":"0f0c570c-f768-49b0-92ad-4a81cdfe4cc1","local_time":"20190424135433","is_ascension_mode":true,"campfire_choices":[{"data":"Bouncing Flask","floor":7,"key":"SMITH"},{"floor":11,"key":"REST"},{"data":"Caltrops","floor":13,"key":"SMITH"},{"data":"Cloak And Dagger","floor":15,"key":"SMITH"},{"data":"Panache","floor":23,"key":"SMITH"},{"data":"Catalyst","floor":29,"key":"SMITH"},{"data":"Catalyst","floor":32,"key":"SMITH"},{"floor":40,"key":"REST"}],"neow_cost":"NO_GOLD","seed_source_timestamp":34560715156981,"circlet_count":0,"master_deck":["Defend_G","Defend_G","Defend_G","Defend_G","Strike_G","Survivor","Neutralize+1","Bouncing Flask+1","Endless Agony","PiercingWail","Cloak And Dagger+1","Caltrops+1","Crippling Poison","Corpse Explosion","PiercingWail","Panache+1","Caltrops","PiercingWail","Catalyst+1","Catalyst+1","Caltrops+1","Bouncing Flask+1","Deadly Poison+1","After Image+1","Choke","Deflect+1","After Image+1","Well Laid Plans+1"],"relics":["Ring of the Snake","Golden Idol","Boot","Shuriken","Strawberry","Sozu","Meat on the Bone","Frozen Egg 2","Potion Belt","Busted Crown","DollysMirror"],"potions_floor_usage":[6,14,14,20,22],"damage_taken":[{"damage":0,"enemies":"Jaw Worm","floor":1,"turns":7},{"damage":0,"enemies":"Small Slimes","floor":2,"turns":4},{"damage":0,"enemies":"Cultist","floor":4,"turns":3},{"damage":16,"enemies":"Lagavulin","floor":6,"turns":6},{"damage":28,"enemies":"Gremlin Nob","floor":8,"turns":4},{"damage":11,"enemies":"Large Slime","floor":10,"turns":8},{"damage":0,"enemies":"Gremlin Gang","floor":14,"turns":3},{"damage":8,"enemies":"The Guardian","floor":16,"turns":8},{"damage":0,"enemies":"3 Byrds","floor":18,"turns":1},{"damage":10,"enemies":"2 Thieves","floor":20,"turns":3},{"damage":0,"enemies":"3 Cultists","floor":22,"turns":2},{"damage":18,"enemies":"Gremlin Leader","floor":24,"turns":6},{"damage":7,"enemies":"Centurion and Healer","floor":27,"turns":6},{"damage":13,"enemies":"Book of Stabbing","floor":28,"turns":4},{"damage":3,"enemies":"Chosen and Byrds","floor":30,"turns":4},{"damage":0,"enemies":"Snake Plant","floor":31,"turns":3},{"damage":30,"enemies":"Automaton","floor":33,"turns":6},{"damage":7,"enemies":"3 Darklings","floor":35,"turns":4},{"damage":3,"enemies":"Orb Walker","floor":36,"turns":3},{"damage":51,"enemies":"Transient","floor":39,"turns":5},{"damage":44,"enemies":"Reptomancer","floor":41,"turns":3}],"seed_played":"4146546867582606833","potions_obtained":[{"floor":1,"key":"GhostInAJar"},{"floor":10,"key":"Block Potion"},{"floor":12,"key":"SteroidPotion"},{"floor":12,"key":"EssenceOfSteel"},{"floor":16,"key":"Dexterity Potion"}],"is_trial":false,"path_per_floor":["M","M","?","M","?","E","R","E","T","M","R","?","R","M","R","B",null,"M","$","M","?","M","R","E","?","T","M","E","R","M","M","R","B",null,"M","M","?","$","M","R","E"],"character_chosen":"THE_SILENT","items_purchased":["Panache","Caltrops","DollysMirror","Well Laid Plans+1"],"campfire_rested":2,"item_purchase_floors":[19,19,38,38],"current_hp_per_floor":[70,70,53,53,53,37,37,9,16,5,28,28,28,28,28,20,63,63,63,53,53,53,53,35,35,35,40,39,39,48,48,48,30,65,58,55,55,55,16,39,0],"gold":58,"neow_bonus":"REMOVE_TWO","is_prod":false,"is_daily":false,"chose_seed":false,"campfire_upgraded":6,"win_rate":0,"timestamp":1556128473,"path_taken":["M","M","?","M","?","E","R","E","T","?","R","?","R","M","R","BOSS","M","$","?","?","?","R","E","?","T","M","E","R","M","M","R","BOSS","M","M","?","?","?","R","E"],"build_version":"2019-01-23","purchased_purges":1,"victory":false,"max_hp_per_floor":[70,70,70,70,70,70,70,70,77,77,77,77,77,77,77,77,77,77,77,77,77,77,77,77,77,77,77,77,77,77,77,77,77,77,77,77,77,77,77,77,77],"card_choices":[{"not_picked":["Distraction","Sucker Punch"],"picked":"Bouncing Flask","floor":1},{"not_picked":["Dagger Throw","Bane"],"picked":"Endless Agony","floor":2},{"not_picked":["Choke","Endless Agony","Blade Dance"],"picked":"SKIP","floor":4},{"not_picked":["Flechettes","Dagger Throw"],"picked":"PiercingWail","floor":6},{"not_picked":["All Out Attack","Skewer"],"picked":"Cloak And Dagger","floor":8},{"not_picked":["Accuracy","Blade Dance"],"picked":"Caltrops","floor":10},{"not_picked":["Cloak And Dagger","Flying Knee"],"picked":"Crippling Poison","floor":14},{"not_picked":["Venomology","Malaise"],"picked":"Corpse Explosion","floor":16},{"not_picked":["Poisoned Stab+1","Underhanded Strike"],"picked":"PiercingWail","floor":18},{"not_picked":["Slice","Bane","All Out Attack"],"picked":"SKIP","floor":20},{"not_picked":["Acrobatics","Predator"],"picked":"PiercingWail","floor":22},{"not_picked":["Wraith Form v2","Acrobatics"],"picked":"Catalyst","floor":24},{"not_picked":["Flying Knee","Backflip"],"picked":"Catalyst","floor":27},{"not_picked":["Dagger Throw","Distraction+1"],"picked":"Caltrops+1","floor":28},{"not_picked":["Dash","Backflip"],"picked":"Bouncing Flask+1","floor":30},{"not_picked":["Heel Hook","Deflect+1"],"picked":"Deadly Poison+1","floor":31},{"not_picked":["Wraith Form v2+1","Night Terror"],"picked":"After Image+1","floor":33},{"not_picked":[],"picked":"Choke","floor":35},{"not_picked":[],"picked":"Deflect+1","floor":36},{"not_picked":["Deadly Poison"],"picked":"SKIP","floor":39}],"player_experience":900711,"relics_obtained":[{"floor":6,"key":"Boot"},{"floor":8,"key":"Shuriken"},{"floor":9,"key":"Strawberry"},{"floor":24,"key":"Meat on the Bone"},{"floor":26,"key":"Frozen Egg 2"},{"floor":28,"key":"Potion Belt"}],"event_choices":[{"damage_healed":0,"gold_gain":0,"player_choice":"Take Damage","damage_taken":17,"relics_obtained":["Golden Idol"],"max_hp_gain":0,"max_hp_loss":0,"event_name":"Golden Idol","floor":3,"gold_loss":0},{"damage_healed":0,"gold_gain":0,"player_choice":"Forge","damage_taken":0,"max_hp_gain":0,"max_hp_loss":0,"event_name":"Accursed Blacksmith","floor":5,"gold_loss":0,"cards_upgraded":["Neutralize"]},{"damage_healed":0,"gold_gain":0,"player_choice":"Bought 2 Potions","damage_taken":0,"max_hp_gain":0,"max_hp_loss":0,"event_name":"The Woman in Blue","floor":12,"gold_loss":0},{"damage_healed":0,"gold_gain":0,"player_choice":"Got Potions","damage_taken":0,"max_hp_gain":0,"max_hp_loss":0,"event_name":"Lab","floor":21,"gold_loss":0},{"cards_removed":["Defend_G"],"damage_healed":0,"gold_gain":0,"player_choice":"Elegance","damage_taken":0,"max_hp_gain":0,"max_hp_loss":0,"event_name":"Back to Basics","floor":25,"gold_loss":0},{"cards_removed":["Strike_G"],"damage_healed":0,"gold_gain":0,"player_choice":"Offered Basic","damage_taken":0,"max_hp_gain":0,"max_hp_loss":0,"event_name":"Bonfire Elementals","floor":37,"gold_loss":0}],"is_beta":false,"boss_relics":[{"not_picked":["Runic Pyramid","Orrery"],"picked":"Sozu"},{"not_picked":["Snecko Eye","Calling Bell"],"picked":"Busted Crown"}],"items_purged_floors":[38],"is_endless":false,"potions_floor_spawned":[1,10,16,18,27,30,39],"killed_by":"Reptomancer","ascension_level":5}