{"gold_per_floor":[110,110,63,82,157,157,190,190,238,188,200,231,242,342,342,439,439,449,20,20,20,40,40,18,18,96,113,23,42,67,79,79,180,180,190,205,0,18,28,58,58,76,103,122,135,151,251,251,251,251],"floor_reached":50,"playtime":2924,"items_purged":["Strike_B"],"score":605,"play_id":"89b8836e-0e29-4e00-ae21-315d65b4ffcd","local_time":"20190426003904","is_ascension_mode":true,"campfire_choices":[{"data":"Zap","floor":6,"key":"SMITH"},{"data":"Dualcast","floor":8,"key":"SMITH"},{"data":"Barrage","floor":15,"key":"SMITH"},{"data":"Echo Form","floor":23,"key":"SMITH"},{"data":"Coolheaded","floor":32,"key":"SMITH"},{"data":"Fission","floor":41,"key":"SMITH"},{"floor":49,"key":"RECALL"}],"neow_cost":"NONE","seed_source_timestamp":21965903129397,"circlet_count":0,"master_deck":["Defend_B+1","Defend_B","Zap+1","Dualcast+1","Ball Lightning","Conserve Battery","Melter","Barrage+1","Conserve Battery","Turbo","Echo Form+1","Conserve Battery","Coolheaded+1","Shame","Self Repair+1","Go for the Eyes","FTL","Coolheaded","Fission+1","Doom and Gloom+1","Fusion+1","Hyperbeam+1","Self Repair+1","Sunder","Skim+1","Steam+1","Seek","Genetic Algorithm+1"],"relics":["Cracked Core","Potion Belt","Bronze Scales","DataDisk","Eternal Feather","Symbiotic Virus","Vajra","Orichalcum","Astrolabe","Red Mask","Bottled Tornado","Lantern","Peace Pipe"],"potions_floor_usage":[7,12,12,13,16,18,27,27,30,39,39,39,45,46,46,50],"damage_taken":[{"damage":3,"enemies":"Jaw Worm","floor":1,"turns":4},{"damage":1,"enemies":"Cultist","floor":4,"turns":3},{"damage":20,"enemies":"3 Sentries","floor":7,"turns":6},{"damage":0,"enemies":"Small Slimes","floor":11,"turns":2},{"damage":11,"enemies":"Gremlin Nob","floor":12,"turns":3},{"damage":2,"enemies":"Blue Slaver","floor":13,"turns":3},{"damage":29,"enemies":"Hexaghost","floor":16,"turns":7},{"damage":23,"enemies":"Shell Parasite","floor":18,"turns":3},{"damage":0,"enemies":"Chosen","floor":22,"turns":3},{"damage":13,"enemies":"Snake Plant","floor":27,"turns":2},{"damage":5,"enemies":"Chosen and Byrds","floor":29,"turns":4},{"damage":18,"enemies":"Gremlin Leader","floor":30,"turns":6},{"damage":11,"enemies":"Centurion and Healer","floor":31,"turns":6},{"damage":31,"enemies":"Champ","floor":33,"turns":13},{"damage":0,"enemies":"Orb Walker","floor":35,"turns":4},{"damage":2,"enemies":"3 Shapes","floor":36,"turns":6},{"damage":22,"enemies":"3 Darklings","floor":38,"turns":6},{"damage":0,"enemies":"Maw","floor":39,"turns":6},{"damage":42,"enemies":"Nemesis","floor":40,"turns":7},{"damage":6,"enemies":"Jaw Worm Horde","floor":42,"turns":3},{"damage":46,"enemies":"Spire Growth","floor":44,"turns":6},{"damage":13,"enemies":"3 Darklings","floor":45,"turns":4},{"damage":25,"enemies":"Writhing Mass","floor":46,"turns":8},{"damage":0,"enemies":"Mind Bloom Boss Battle","floor":47,"turns":5},{"damage":80,"enemies":"Awakened One","floor":50,"turns":15}],"seed_played":"-5299922100394851105","potions_obtained":[{"floor":0,"key":"SpeedPotion"},{"floor":0,"key":"LiquidBronze"},{"floor":0,"key":"SpeedPotion"},{"floor":4,"key":"GamblersBrew"},{"floor":11,"key":"EssenceOfSteel"},{"floor":12,"key":"Regen Potion"},{"floor":16,"key":"GamblersBrew"},{"floor":22,"key":"AttackPotion"},{"floor":27,"key":"Explosive Potion"},{"floor":29,"key":"SteroidPotion"},{"floor":33,"key":"AttackPotion"},{"floor":35,"key":"Explosive Potion"},{"floor":36,"key":"LiquidBronze"},{"floor":44,"key":"SpeedPotion"},{"floor":45,"key":"Dexterity Potion"},{"floor":46,"key":"SteroidPotion"},{"floor":47,"key":"Poison Potion"}],"is_trial":false,"path_per_floor":["?","$","M","?","?","M","?","?","?","?","?","M","M","?","?","?"],"character_chosen":"DEFECT","items_purchased":["Ball Lightning","Symbiotic Virus","Coolheaded","Fire Potion","Go for the Eyes"],"campfire_rested":0,"item_purchase_floors":[3,19,19,19,24],"current_hp_per_floor":[72,72,72,71,60,60,40,40,40,40,40,29,36,36,36,7,75,52,52,52,52,52,64,64,64,64,51,51,46,38,47,59,38,75,75,75,75,73,75,53,68,72,72,56,53,58,75,75,75,0],"gold":251,"neow_bonus":"THREE_SMALL_POTIONS","is_prod":false,"is_daily":false,"chose_seed":false,"campfire_upgraded":6,"win_rate":0,"timestamp":1556213944,"path_taken":["M","?","?","?","?","R","E","R","T","?","?","E","M","?","R","BOSS","M","$","?","?","M","R","$","?","T","M","?","?","E","M","R","BOSS","M","?","?","M","M","E","R","M","T","M","M","M","?","?","R","BOSS"],"build_version":"2019-01-23","purchased_purges":1,"victory":false,"max_hp_per_floor":[75,75,75,75,75,75,75,75,75,75,75,75,75,75,75,75,75,75,75,75,75,75,75,75,75,75,75,75,75,75,75,75,75,75,75,75,75,75,75,75,75,75,75,75,75,75,75,75,75,75],"card_choices":[{"not_picked":["Redo","Darkness"],"picked":"Gash","floor":1},{"not_picked":["Steam","Barrage"],"picked":"Conserve Battery","floor":4},{"not_picked":["Skim","Scrape"],"picked":"Melter","floor":7},{"not_picked":["Gash","Conserve Battery"],"picked":"Barrage","floor":11},{"not_picked":["Compile Driver","Amplify"],"picked":"Conserve Battery","floor":12},{"not_picked":["Double Energy","Streamline"],"picked":"Turbo","floor":13},{"not_picked":["All For One","Reboot"],"picked":"Echo Form","floor":16},{"not_picked":["Storm","Barrage+1"],"picked":"Conserve Battery","floor":18},{"not_picked":["Reprogram","Ball Lightning"],"picked":"Self Repair+1","floor":22},{"not_picked":["Steam Power","Go for the Eyes"],"picked":"FTL","floor":27},{"not_picked":["Gash","Go for the Eyes","Compile Driver"],"picked":"SKIP","floor":29},{"not_picked":["Go for the Eyes","Amplify"],"picked":"Coolheaded","floor":30},{"not_picked":["Ball Lightning","Sweeping Beam","Compile Driver"],"picked":"SKIP","floor":31},{"not_picked":["Hyperbeam","Multi-Cast"],"picked":"Fission","floor":33},{"not_picked":["Fusion+1","Cold Snap+1"],"picked":"Self Repair+1","floor":35},{"not_picked":["Ball Lightning","Compile Driver+1"],"picked":"Sunder","floor":36},{"not_picked":["Beam Cell+1","Aggregate","Rebound+1"],"picked":"SKIP","floor":38},{"not_picked":["Sunder","Gash+1","Go for the Eyes"],"picked":"SKIP","floor":39},{"not_picked":["Stack","Redo","Rebound+1"],"picked":"SKIP","floor":40},{"not_picked":["Rebound","Gash+1"],"picked":"Skim+1","floor":42},{"not_picked":["Barrage+1","Hello World+1"],"picked":"Steam+1","floor":44},{"not_picked":["Double Energy+1","Sweeping Beam+1","BootSequence"],"picked":"SKIP","floor":45},{"not_picked":["Rip and Tear","Streamline+1"],"picked":"Seek","floor":46},{"not_picked":["Coolheaded+1","Turbo"],"picked":"Genetic Algorithm+1","floor":47}],"player_experience":54804,"relics_obtained":[{"floor":7,"key":"Potion Belt"},{"floor":9,"key":"Bronze Scales"},{"floor":12,"key":"DataDisk"},{"floor":30,"key":"Orichalcum"},{"floor":40,"key":"Bottled Tornado"},{"floor":43,"key":"Lantern"},{"floor":47,"key":"Peace Pipe"}],"event_choices":[{"cards_removed":["Strike_B"],"damage_healed":0,"gold_gain":0,"player_choice":"Purged","damage_taken":0,"max_hp_gain":0,"max_hp_loss":0,"event_name":"Purifier","floor":2,"gold_loss":0},{"damage_healed":0,"gold_gain":75,"player_choice":"Gather Gold","damage_taken":11,"max_hp_gain":0,"max_hp_loss":0,"event_name":"World of Goop","floor":5,"gold_loss":0},{"cards_removed":["Strike_B"],"damage_healed":0,"gold_gain":0,"player_choice":"Card Removal","damage_taken":0,"max_hp_gain":0,"max_hp_loss":0,"event_name":"The Cleric","floor":10,"gold_loss":50},{"damage_healed":0,"gold_gain":100,"player_choice":"Pray","damage_taken":0,"max_hp_gain":0,"max_hp_loss":0,"event_name":"Golden Shrine","floor":14,"gold_loss":0},{"damage_healed":0,"gold_gain":0,"player_choice":"Stole Relic","damage_taken":0,"relics_obtained":["Vajra"],"max_hp_gain":0,"max_hp_loss":0,"event_name":"Addict","floor":20,"gold_loss":0,"cards_obtained":["Shame"]},{"damage_healed":0,"gold_gain":0,"player_choice":"Read","damage_taken":0,"max_hp_gain":0,"max_hp_loss":0,"event_name":"The Library","floor":21,"gold_loss":0,"cards_obtained":["Hello World"]},{"damage_healed":0,"gold_gain":0,"player_choice":"Ignored","damage_taken":0,"max_hp_gain":0,"max_hp_loss":0,"event_name":"Ghosts","floor":25,"gold_loss":0},{"cards_removed":["Strike_B"],"damage_healed":0,"gold_gain":0,"player_choice":"Upgrade and Remove","damage_taken":0,"max_hp_gain":0,"max_hp_loss":0,"event_name":"Designer","floor":28,"gold_loss":90,"cards_upgraded":["Defend_B"]},{"damage_healed":0,"gold_gain":0,"player_choice":"Paid","damage_taken":0,"relics_obtained":["Red Mask"],"max_hp_gain":0,"max_hp_loss":0,"event_name":"Tomb of Lord Red Mask","floor":37,"gold_loss":205},{"damage_healed":0,"gold_gain":0,"player_choice":"Fight","damage_taken":0,"max_hp_gain":0,"max_hp_loss":0,"event_name":"MindBloom","floor":47,"gold_loss":0},{"cards_removed":["Hello World"],"damage_healed":0,"gold_gain":0,"player_choice":"Removed Power","damage_taken":0,"max_hp_gain":0,"max_hp_loss":0,"event_name":"Falling","floor":48,"gold_loss":0}],"is_beta":false,"boss_relics":[{"not_picked":["Sozu","Runic Dome"],"picked":"Eternal Feather"},{"not_picked":["Black Star","Busted Crown"],"picked":"Astrolabe"}],"items_purged_floors":[19],"is_endless":false,"potions_floor_spawned":[4,11,12,16,22,27,29,33,35,36,44,45,46,47],"killed_by":"Awakened One","ascension_level":3}