{"gold_per_floor":[114,114,128,144,161,161,175,175,175,175,188,222,222,222,222,323,323,335,345,345,363,462,489,513,525,610,602,242,242,259,270,270,366,366,382,392,402,312,329,329,19,53,53,72,104,119,131,147,147,147],"floor_reached":51,"playtime":2697,"items_purged":["Strike_B"],"score":860,"play_id":"0cc57ccf-959a-48a8-ad0a-40098ef4c832","local_time":"20190426022314","is_ascension_mode":true,"campfire_choices":[{"data":"White Noise","floor":6,"key":"SMITH"},{"data":"Zap","floor":10,"key":"SMITH"},{"data":"Sunder","floor":13,"key":"SMITH"},{"data":"Coolheaded","floor":15,"key":"SMITH"},{"floor":29,"key":"REST"},{"floor":32,"key":"REST"},{"data":"Defragment","floor":40,"key":"SMITH"},{"floor":49,"key":"REST"}],"neow_cost":"NONE","seed_source_timestamp":28432612316713,"circlet_count":0,"master_deck":["Strike_B+1","Defend_B","Defend_B","Defend_B","Defend_B","Zap+1","Dualcast","White Noise+1","Chill","Ball Lightning","Leap","Leap","Coolheaded+1","Sunder+1","Electrodynamics","Go for the Eyes","Defragment+1","Glacier","Consume+1","Capacitor","Glacier+1","Hologram+1","Turbo+1","Loop","Leap","Recycle","Melter+1","Barrage+1","Leap+1","Fusion+1"],"relics":["Cracked Core","Happy Flower","Dodecahedron","Symbiotic Virus","Boot","Vajra","Runic Pyramid","Bronze Scales","MawBank","Gremlin Horn","Bag of Preparation","Velvet Choker","Emotion Chip","PreservedInsect","Blood Vial"],"potions_floor_usage":[12,21,21,31,33,42,45,46,48],"damage_taken":[{"damage":4,"enemies":"Jaw Worm","floor":1,"turns":3},{"damage":5,"enemies":"Cultist","floor":3,"turns":4},{"damage":3,"enemies":"Small Slimes","floor":4,"turns":3},{"damage":10,"enemies":"Exordium Wildlife","floor":5,"turns":4},{"damage":0,"enemies":"Looter","floor":7,"turns":3},{"damage":0,"enemies":"Blue Slaver","floor":11,"turns":3},{"damage":4,"enemies":"3 Sentries","floor":12,"turns":8},{"damage":17,"enemies":"Slime Boss","floor":16,"turns":11},{"damage":11,"enemies":"2 Thieves","floor":18,"turns":3},{"damage":2,"enemies":"Shell Parasite","floor":19,"turns":6},{"damage":25,"enemies":"Snake Plant","floor":21,"turns":3},{"damage":14,"enemies":"Slavers","floor":23,"turns":3},{"damage":0,"enemies":"Sentry and Sphere","floor":30,"turns":3},{"damage":8,"enemies":"Cultist and Chosen","floor":31,"turns":6},{"damage":24,"enemies":"Collector","floor":33,"turns":9},{"damage":11,"enemies":"3 Darklings","floor":35,"turns":4},{"damage":0,"enemies":"Orb Walker","floor":36,"turns":3},{"damage":7,"enemies":"Maw","floor":37,"turns":7},{"damage":20,"enemies":"Transient","floor":39,"turns":5},{"damage":15,"enemies":"Nemesis","floor":42,"turns":7},{"damage":0,"enemies":"Sphere and 2 Shapes","floor":44,"turns":3},{"damage":14,"enemies":"Reptomancer","floor":45,"turns":7},{"damage":5,"enemies":"Spire Growth","floor":46,"turns":6},{"damage":0,"enemies":"4 Shapes","floor":47,"turns":2},{"damage":3,"enemies":"Jaw Worm Horde","floor":48,"turns":2},{"damage":31,"enemies":"Time Eater","floor":50,"turns":14}],"seed_played":"5930451860505616392","potions_obtained":[{"floor":1,"key":"Block Potion"},{"floor":3,"key":"Strength Potion"},{"floor":7,"key":"Ancient Potion"},{"floor":11,"key":"Regen Potion"},{"floor":16,"key":"FairyPotion"},{"floor":18,"key":"FocusPotion"},{"floor":23,"key":"Swift Potion"},{"floor":27,"key":"PowerPotion"},{"floor":31,"key":"Regen Potion"},{"floor":33,"key":"FocusPotion"},{"floor":36,"key":"FocusPotion"},{"floor":44,"key":"Block Potion"},{"floor":47,"key":"PowerPotion"}],"is_trial":false,"path_per_floor":["?","M","?","T","?","?","T","$","?","M","?","M"],"character_chosen":"DEFECT","items_purchased":["Defragment","Glacier","Bag of Preparation","Emotion Chip","Leap"],"campfire_rested":3,"item_purchase_floors":[28,28,28,41,41],"current_hp_per_floor":[71,71,66,63,53,53,53,46,46,46,46,57,57,57,57,40,75,64,62,48,23,23,9,9,9,9,9,9,33,33,25,49,40,80,69,69,62,62,42,42,42,27,27,27,13,10,12,11,35,6],"gold":147,"neow_bonus":"RANDOM_COMMON_RELIC","is_prod":false,"is_daily":false,"chose_seed":false,"campfire_upgraded":5,"win_rate":0,"timestamp":1556220194,"path_taken":["M","?","?","M","M","R","M","?","T","R","M","E","R","?","R","BOSS","M","M","?","M","?","E","?","?","T","?","$","R","M","?","R","BOSS","M","M","M","?","M","R","$","E","T","M","E","M","?","M","R","BOSS"],"build_version":"2019-01-23","purchased_purges":1,"victory":true,"max_hp_per_floor":[75,75,75,75,75,75,75,75,75,75,75,75,75,75,75,75,75,75,75,80,80,80,80,80,80,80,80,80,80,80,80,80,80,80,80,80,80,80,80,80,80,80,80,80,80,80,80,80,80,80],"card_choices":[{"not_picked":["Hologram","Skim"],"picked":"White Noise","floor":1},{"not_picked":["Hologram","Sweeping Beam"],"picked":"Chill","floor":3},{"not_picked":["Turbo","Loop"],"picked":"Ball Lightning","floor":4},{"not_picked":["Aggregate","Tempest"],"picked":"Leap","floor":5},{"not_picked":["Consume","Storm"],"picked":"Leap","floor":7},{"not_picked":["Barrage","Ball Lightning"],"picked":"Coolheaded","floor":11},{"not_picked":["Sweeping Beam","Leap"],"picked":"Sunder","floor":12},{"not_picked":["Fission","All For One"],"picked":"Electrodynamics","floor":16},{"not_picked":["Hologram","Coolheaded"],"picked":"Go for the Eyes","floor":18},{"not_picked":["Reprogram","Rebound+1","BootSequence"],"picked":"SKIP","floor":19},{"not_picked":["Redo","Skim","Sweeping Beam"],"picked":"SKIP","floor":21},{"not_picked":["Skim","Hologram","Reprogram"],"picked":"SKIP","floor":23},{"not_picked":["Redo","Scrape+1"],"picked":"Consume+1","floor":30},{"not_picked":["Rebound+1","Steam Power"],"picked":"Capacitor","floor":31},{"not_picked":["Chill","Darkness+1"],"picked":"Glacier+1","floor":35},{"not_picked":["Coolheaded","Storm"],"picked":"Hologram+1","floor":36},{"not_picked":["Stack+1","Glacier"],"picked":"Turbo+1","floor":37},{"not_picked":["Conserve Battery","Melter"],"picked":"Loop","floor":39},{"not_picked":["Machine Learning","Rebound+1"],"picked":"Recycle","floor":42},{"not_picked":["BootSequence+1","Stack"],"picked":"Melter+1","floor":44},{"not_picked":["Force Field","Hello World"],"picked":"Barrage+1","floor":45},{"not_picked":["Beam Cell+1","Hologram"],"picked":"Leap+1","floor":46},{"not_picked":["Go for the Eyes+1","Sunder+1"],"picked":"Fusion+1","floor":47},{"not_picked":["Hologram","Force Field","Scrape"],"picked":"SKIP","floor":48}],"player_experience":61194,"relics_obtained":[{"floor":9,"key":"Symbiotic Virus"},{"floor":12,"key":"Boot"},{"floor":14,"key":"Vajra"},{"floor":23,"key":"Bronze Scales"},{"floor":24,"key":"MawBank"},{"floor":26,"key":"Gremlin Horn"},{"floor":42,"key":"PreservedInsect"},{"floor":45,"key":"Blood Vial"}],"event_choices":[{"damage_healed":0,"gold_gain":0,"player_choice":"Gave Potion","damage_taken":0,"relics_obtained":["Dodecahedron"],"max_hp_gain":0,"max_hp_loss":0,"event_name":"WeMeetAgain","floor":2,"gold_loss":0},{"cards_removed":["Strike_B"],"damage_healed":0,"gold_gain":0,"player_choice":"Card Removal","damage_taken":7,"max_hp_gain":0,"max_hp_loss":0,"event_name":"Golden Wing","floor":8,"gold_loss":0},{"damage_healed":0,"gold_gain":0,"player_choice":"Shed Blood","damage_taken":19,"max_hp_gain":5,"max_hp_loss":0,"event_name":"Forgotten Altar","floor":20,"gold_loss":0},{"damage_healed":0,"gold_gain":99,"player_choice":"Stole From Cult","damage_taken":0,"max_hp_gain":0,"max_hp_loss":0,"event_name":"Nest","floor":22,"gold_loss":0},{"damage_healed":0,"gold_gain":0,"player_choice":"Bought 1 Potion","damage_taken":0,"max_hp_gain":0,"max_hp_loss":0,"event_name":"The Woman in Blue","floor":27,"gold_loss":0},{"cards_removed":["Strike_B"],"damage_healed":0,"gold_gain":0,"player_choice":"Upgrade and Remove","damage_taken":0,"max_hp_gain":0,"max_hp_loss":0,"event_name":"Designer","floor":38,"gold_loss":90,"cards_upgraded":["Strike_B"]}],"is_beta":false,"boss_relics":[{"not_picked":["Tiny House","Snecko Eye"],"picked":"Runic Pyramid"},{"not_picked":["Runic Dome","FrozenCore"],"picked":"Velvet Choker"}],"items_purged_floors":[28],"is_endless":false,"potions_floor_spawned":[1,3,7,11,16,18,23,31,33,36,44,47],"ascension_level":3}