{"gold_per_floor":[119,119,133,148,98,98,133,58,58,70,70,115,135,85,85,162,162,145,157,157,107,119,119],"floor_reached":23,"playtime":2014,"items_purged":["Defend_B","Strike_B","Strike_B"],"score":315,"play_id":"c73e2f43-e1a3-479d-be2f-ab74db822e52","local_time":"20190319003434","is_ascension_mode":true,"campfire_choices":[{"data":"Glacier","floor":6,"key":"SMITH"},{"data":"Cold Snap","floor":11,"key":"SMITH"},{"data":"Loop","floor":15,"key":"SMITH"}],"neow_cost":"NONE","seed_source_timestamp":1203944611819052,"circlet_count":0,"master_deck":["AscendersBane","Defend_B","Defend_B","Zap","Dualcast","Leap+1","Glacier+1","Cold Snap+1","Seek","Loop+1","Echo Form","FTL","Coolheaded"],"relics":["Runic Pyramid","Darkstone Periapt","Bronze Scales","Smiling Mask","Empty Cage","MutagenicStrength"],"potions_floor_usage":[10,16,23],"damage_taken":[{"damage":8,"enemies":"Jaw Worm","floor":1,"turns":4},{"damage":1,"enemies":"Cultist","floor":3,"turns":4},{"damage":0,"enemies":"Small Slimes","floor":4,"turns":4},{"damage":4,"enemies":"Lagavulin","floor":7,"turns":11},{"damage":0,"enemies":"3 Louse","floor":10,"turns":3},{"damage":6,"enemies":"Gremlin Gang","floor":13,"turns":4},{"damage":10,"enemies":"Slime Boss","floor":16,"turns":21},{"damage":27,"enemies":"2 Thieves","floor":18,"turns":4},{"damage":0,"enemies":"Spheric Guardian","floor":19,"turns":6},{"damage":0,"enemies":"Centurion and Healer","floor":22,"turns":8},{"damage":46,"enemies":"Gremlin Leader","floor":23,"turns":8}],"seed_played":"2566081352913629281","potions_obtained":[{"floor":1,"key":"AttackPotion"},{"floor":10,"key":"GamblersBrew"},{"floor":13,"key":"FocusPotion"},{"floor":16,"key":"Fire Potion"},{"floor":22,"key":"SkillPotion"}],"is_trial":false,"path_per_floor":["M","?","M","M","?","R","E","$","T","M","R","T","M","$","R","B",null,"M","M","?","$","M","E"],"character_chosen":"DEFECT","items_purchased":[],"campfire_rested":0,"item_purchase_floors":[],"current_hp_per_floor":[60,60,59,59,59,59,55,55,55,55,55,55,49,49,49,39,66,39,39,39,39,39,0],"gold":119,"neow_bonus":"BOSS_RELIC","is_prod":false,"is_daily":false,"chose_seed":false,"campfire_upgraded":3,"win_rate":0,"timestamp":1552970074,"path_taken":["M","?","M","?","?","R","E","?","T","M","R","?","?","$","R","BOSS","M","?","?","$","M","E"],"build_version":"2019-01-23","purchased_purges":3,"victory":false,"max_hp_per_floor":[75,75,75,75,75,75,75,75,75,75,75,75,75,75,75,75,75,75,75,75,75,75,75],"card_choices":[{"not_picked":["Tempest","Stack"],"picked":"Leap","floor":1},{"not_picked":["Stack","Chaos","Turbo"],"picked":"SKIP","floor":3},{"not_picked":["Steam","Hologram"],"picked":"Glacier","floor":4},{"not_picked":["Turbo","Ball Lightning"],"picked":"Cold Snap","floor":7},{"not_picked":["Blizzard","Go for the Eyes"],"picked":"Seek","floor":10},{"not_picked":["Melter","Conserve Battery"],"picked":"Loop","floor":13},{"not_picked":["Rainbow","Meteor Strike"],"picked":"Echo Form","floor":16},{"not_picked":["Redo","Stack"],"picked":"FTL","floor":18},{"not_picked":["Reprogram","Storm"],"picked":"Coolheaded","floor":19},{"not_picked":["Steam Power","Leap","Meteor Strike"],"picked":"SKIP","floor":22}],"player_experience":823644,"relics_obtained":[{"floor":7,"key":"Darkstone Periapt"},{"floor":9,"key":"Bronze Scales"},{"floor":12,"key":"Smiling Mask"}],"event_choices":[{"damage_healed":0,"gold_gain":0,"player_choice":"Upgraded","damage_taken":0,"max_hp_gain":0,"max_hp_loss":0,"event_name":"Upgrade Shrine","floor":2,"gold_loss":0,"cards_upgraded":["Leap"]},{"cards_removed":["Strike_B"],"damage_healed":0,"gold_gain":0,"player_choice":"Card Removal","damage_taken":0,"max_hp_gain":0,"max_hp_loss":0,"event_name":"The Cleric","floor":5,"gold_loss":50},{"damage_healed":0,"gold_gain":0,"player_choice":"Inject Mutagens","damage_taken":0,"relics_obtained":["MutagenicStrength"],"max_hp_gain":0,"max_hp_loss":0,"event_name":"Drug Dealer","floor":20,"gold_loss":0}],"is_beta":false,"boss_relics":[{"not_picked":["Philosopher\u0027s Stone","Cursed Key"],"picked":"Empty Cage"}],"items_purged_floors":[8,14,21],"is_endless":false,"potions_floor_spawned":[1,10,13,16,18,22],"killed_by":"Gremlin Leader","ascension_level":13}