{"gold_per_floor":[110,110,9,19,19,19,39,66,66,66,66,97,109,144,144,249,249,238,238,258,7,7,33,33,49,73,34,34,52,52,152,152,251,251,261,279,298,316,316,341,341,367,367,377,158,177,177,204,204,204],"floor_reached":51,"playtime":2944,"items_purged":["Injury","Strike_R","Strike_R"],"score":913,"play_id":"f93293a4-ee9f-46bc-a91f-70fec371838a","local_time":"20190426064253","is_ascension_mode":true,"campfire_choices":[{"data":"Armaments","floor":6,"key":"SMITH"},{"data":"Shrug It Off","floor":10,"key":"SMITH"},{"data":"True Grit","floor":15,"key":"SMITH"},{"floor":24,"key":"REST"},{"data":"Feel No Pain","floor":28,"key":"SMITH"},{"data":"Barricade","floor":30,"key":"SMITH"},{"floor":32,"key":"REST"},{"data":"Heavy Blade","floor":41,"key":"SMITH"},{"floor":49,"key":"REST"}],"neow_cost":"CURSE","seed_source_timestamp":43766277491888,"circlet_count":0,"master_deck":["Strike_R","Strike_R","Defend_R","Defend_R+1","Defend_R","Defend_R","Bash+1","Anger+1","Armaments+1","Pommel Strike","Body Slam+1","Shrug It Off+1","Reaper","Twin Strike","True Grit+1","Heavy Blade+1","Impervious","Rampage+1","Flex+1","Feel No Pain+1","Trip","Cleave","Inflame","Spot Weakness","Flame Barrier","Barricade+1","Combust+1","Limit Break+1","Corruption+1","Shockwave+1","Shrug It Off+1","Pommel Strike+1","Burning Pact+1","Power Through+1","Parasite","Armaments+1","Feel No Pain+1","Evolve+1","Shrug It Off+1","True Grit+1","Disarm+1"],"relics":["Black Blood","Pear","Bottled Lightning","Prayer Wheel","Ornamental Fan","Bag of Preparation","Blood Vial","Gambling Chip","Toxic Egg 2","Velvet Choker","Orichalcum","Regal Pillow","Oddly Smooth Stone"],"potions_floor_usage":[8,16,20,25,31,31,40,50,50,50],"damage_taken":[{"damage":8,"enemies":"Jaw Worm","floor":1,"turns":4},{"damage":1,"enemies":"Cultist","floor":4,"turns":3},{"damage":0,"enemies":"Small Slimes","floor":7,"turns":3},{"damage":6,"enemies":"Gremlin Nob","floor":8,"turns":3},{"damage":12,"enemies":"Lagavulin","floor":12,"turns":5},{"damage":0,"enemies":"Red Slaver","floor":13,"turns":4},{"damage":25,"enemies":"Gremlin Nob","floor":14,"turns":4},{"damage":57,"enemies":"Slime Boss","floor":16,"turns":10},{"damage":7,"enemies":"2 Thieves","floor":18,"turns":4},{"damage":7,"enemies":"Spheric Guardian","floor":20,"turns":6},{"damage":61,"enemies":"Book of Stabbing","floor":23,"turns":8},{"damage":21,"enemies":"Shelled Parasite and Fungi","floor":25,"turns":6},{"damage":19,"enemies":"Snecko","floor":29,"turns":5},{"damage":24,"enemies":"Colosseum Slavers","floor":31,"turns":7},{"damage":40,"enemies":"Colosseum Nobs","floor":31,"turns":5},{"damage":118,"enemies":"Collector","floor":33,"turns":15},{"damage":33,"enemies":"3 Darklings","floor":35,"turns":8},{"damage":10,"enemies":"3 Shapes","floor":36,"turns":3},{"damage":35,"enemies":"Sphere and 2 Shapes","floor":37,"turns":8},{"damage":28,"enemies":"Writhing Mass","floor":38,"turns":9},{"damage":23,"enemies":"Nemesis","floor":40,"turns":7},{"damage":49,"enemies":"Giant Head","floor":42,"turns":11},{"damage":0,"enemies":"4 Shapes","floor":44,"turns":10},{"damage":17,"enemies":"Spire Growth","floor":46,"turns":6},{"damage":65,"enemies":"Nemesis","floor":48,"turns":9},{"damage":2,"enemies":"Donu and Deca","floor":50,"turns":13}],"seed_played":"670628736194463477","potions_obtained":[{"floor":1,"key":"Explosive Potion"},{"floor":4,"key":"Energy Potion"},{"floor":8,"key":"Ancient Potion"},{"floor":20,"key":"LiquidBronze"},{"floor":23,"key":"Block Potion"},{"floor":25,"key":"Block Potion"},{"floor":33,"key":"Strength Potion"},{"floor":37,"key":"Ancient Potion"},{"floor":40,"key":"EssenceOfSteel"},{"floor":46,"key":"Dexterity Potion"}],"is_trial":false,"path_per_floor":["?","M","?","?","?","$","M","$","?","?","M","?"],"character_chosen":"IRONCLAD","items_purchased":["Armaments","Feel No Pain","Trip","Spot Weakness","Shrug It Off+1","True Grit+1"],"campfire_rested":3,"item_purchase_floors":[3,21,21,27,45,45],"current_hp_per_floor":[94,94,94,96,77,77,83,93,93,93,93,87,93,80,80,29,106,106,96,99,99,99,56,87,76,76,76,76,69,69,47,78,17,106,106,106,86,70,70,86,86,68,68,106,106,99,99,47,93,103],"gold":204,"neow_bonus":"TWENTY_PERCENT_HP_BONUS","is_prod":false,"is_daily":false,"chose_seed":false,"campfire_upgraded":6,"win_rate":0,"timestamp":1556235773,"path_taken":["M","?","$","?","?","R","M","E","T","R","?","E","M","E","R","BOSS","M","?","M","?","$","E","R","?","T","?","R","M","R","?","R","BOSS","M","M","M","M","?","E","R","E","T","?","$","M","?","E","R","BOSS"],"build_version":"2019-01-23","purchased_purges":3,"victory":true,"max_hp_per_floor":[96,96,96,96,96,96,96,106,106,106,106,106,106,106,106,106,106,106,106,106,106,106,106,106,106,106,106,106,106,106,106,106,106,106,106,106,106,106,106,106,106,106,106,106,106,106,106,106,106,106],"card_choices":[{"not_picked":["Blood for Blood","Thunderclap"],"picked":"Anger","floor":1},{"not_picked":["Clash","True Grit"],"picked":"Pommel Strike","floor":4},{"not_picked":["Sever Soul","Dropkick"],"picked":"Body Slam","floor":7},{"not_picked":["Armaments","Sword Boomerang"],"picked":"Shrug It Off","floor":8},{"not_picked":["Clothesline","Carnage"],"picked":"Reaper","floor":12},{"not_picked":["Burning Pact","Warcry"],"picked":"Twin Strike","floor":13},{"not_picked":["Armaments","Clash"],"picked":"True Grit","floor":13},{"not_picked":["Carnage","Blood for Blood"],"picked":"Heavy Blade","floor":14},{"not_picked":["Bludgeon","Juggernaut"],"picked":"Impervious","floor":16},{"not_picked":["Iron Wave","Metallicize"],"picked":"Rampage+1","floor":18},{"not_picked":["Wild Strike","Clothesline","Body Slam"],"picked":"SKIP","floor":18},{"not_picked":["Fiend Fire","Perfected Strike"],"picked":"Flex+1","floor":20},{"not_picked":["Bloodletting","True Grit","Twin Strike"],"picked":"SKIP","floor":20},{"not_picked":["Twin Strike","Wild Strike"],"picked":"Cleave","floor":23},{"not_picked":["Cleave","Anger"],"picked":"Inflame","floor":25},{"not_picked":["Bloodletting","Infernal Blade","Clothesline"],"picked":"SKIP","floor":25},{"not_picked":["Blood for Blood+1","Whirlwind"],"picked":"Flame Barrier","floor":29},{"not_picked":["Shockwave","Sword Boomerang"],"picked":"Barricade","floor":29},{"not_picked":["Thunderclap+1","Warcry"],"picked":"Combust+1","floor":31},{"not_picked":["Offering+1","Bludgeon"],"picked":"Limit Break+1","floor":33},{"not_picked":["Power Through+1","Perfected Strike"],"picked":"Corruption+1","floor":35},{"not_picked":["Sword Boomerang","Anger"],"picked":"Shockwave+1","floor":35},{"not_picked":["Anger+1","Cleave"],"picked":"Shrug It Off+1","floor":36},{"not_picked":["Wild Strike","Clothesline+1"],"picked":"Pommel Strike+1","floor":36},{"not_picked":["Cleave","Clothesline"],"picked":"Burning Pact+1","floor":37},{"not_picked":["Metallicize","Pummel"],"picked":"Power Through+1","floor":37},{"not_picked":["Cleave","Perfected Strike"],"picked":"Armaments+1","floor":38},{"not_picked":["Corruption+1","Demon Form","Iron Wave"],"picked":"SKIP","floor":38},{"not_picked":["Wild Strike","Twin Strike"],"picked":"Reaper","floor":40},{"not_picked":["Cleave","Perfected Strike"],"picked":"Feel No Pain+1","floor":42},{"not_picked":["Metallicize","Perfected Strike"],"picked":"Evolve+1","floor":44},{"not_picked":["Twin Strike","Pommel Strike+1","Evolve"],"picked":"SKIP","floor":44},{"not_picked":["Twin Strike","Body Slam"],"picked":"Disarm+1","floor":46},{"not_picked":["Twin Strike+1","Pommel Strike+1","Wild Strike"],"picked":"SKIP","floor":46},{"not_picked":["Pommel Strike","Reaper","Iron Wave+1"],"picked":"SKIP","floor":48}],"player_experience":76273,"relics_obtained":[{"floor":8,"key":"Pear"},{"floor":9,"key":"Bottled Lightning"},{"floor":12,"key":"Prayer Wheel"},{"floor":14,"key":"Ornamental Fan"},{"floor":23,"key":"Bag of Preparation"},{"floor":26,"key":"Blood Vial"},{"floor":31,"key":"Gambling Chip"},{"floor":31,"key":"Toxic Egg 2"},{"floor":40,"key":"Orichalcum"},{"floor":42,"key":"Regal Pillow"},{"floor":48,"key":"Oddly Smooth Stone"}],"event_choices":[{"damage_healed":0,"gold_gain":0,"player_choice":"Upgraded","damage_taken":0,"max_hp_gain":0,"max_hp_loss":0,"event_name":"Upgrade Shrine","floor":2,"gold_loss":0,"cards_upgraded":["Anger"]},{"damage_healed":0,"gold_gain":0,"player_choice":"Entered Light","damage_taken":19,"max_hp_gain":0,"max_hp_loss":0,"event_name":"Shining Light","floor":5,"gold_loss":0,"cards_upgraded":["Bash","Defend_R"]},{"damage_healed":0,"gold_gain":0,"player_choice":"Forge","damage_taken":0,"max_hp_gain":0,"max_hp_loss":0,"event_name":"Accursed Blacksmith","floor":11,"gold_loss":0,"cards_upgraded":["Body Slam"]},{"damage_healed":0,"gold_gain":0,"player_choice":"","damage_taken":10,"max_hp_gain":0,"max_hp_loss":0,"event_name":"Knowing Skull","floor":19,"potions_obtained":[],"gold_loss":0,"cards_obtained":[]},{"damage_healed":0,"gold_gain":0,"player_choice":"Fight","damage_taken":0,"max_hp_gain":0,"max_hp_loss":0,"event_name":"Colosseum","floor":31,"gold_loss":0},{"damage_healed":0,"gold_gain":0,"player_choice":"Fought Nobs","damage_taken":0,"max_hp_gain":0,"max_hp_loss":0,"event_name":"Colosseum","floor":31,"gold_loss":0},{"cards_removed":["Strike_R"],"damage_healed":0,"gold_gain":0,"player_choice":"Offered Basic","damage_taken":0,"max_hp_gain":0,"max_hp_loss":0,"event_name":"Bonfire Elementals","floor":39,"gold_loss":0},{"cards_removed":["Reaper"],"damage_healed":0,"gold_gain":0,"player_choice":"Removed Attack","damage_taken":0,"max_hp_gain":0,"max_hp_loss":0,"event_name":"Falling","floor":47,"gold_loss":0}],"is_beta":false,"boss_relics":[{"not_picked":["Astrolabe","Black Star"],"picked":"Black Blood"},{"not_picked":["Busted Crown","Orrery"],"picked":"Velvet Choker"}],"items_purged_floors":[3,21,45],"is_endless":false,"potions_floor_spawned":[1,4,8,20,23,25,33,37,40,46],"ascension_level":1}