{"gold_per_floor":[111,122,122,136,136,136,147,147,147,157,82,82,82,82,82,206,206,226,151,51,51,51,51,51],"floor_reached":24,"playtime":1634,"items_purged":["Strike_B","Defend_B"],"score":291,"play_id":"d8024267-638a-4914-bf5d-354a1cf59c77","local_time":"20190318184503","is_ascension_mode":true,"campfire_choices":[{"data":"Self Repair","floor":6.0,"key":"SMITH"},{"data":"Reinforced Body","floor":8.0,"key":"SMITH"},{"data":"Loop","floor":12.0,"key":"SMITH"},{"data":"Redo","floor":15.0,"key":"SMITH"},{"data":"Dualcast","floor":23,"key":"SMITH"}],"neow_cost":"TEN_PERCENT_HP_LOSS","seed_source_timestamp":0,"circlet_count":0,"master_deck":["AscendersBane","Defend_B","Defend_B","Zap","Dualcast+1","Redo+1","Rebound","Cold Snap","Self Repair+1","Reinforced Body+1","Loop+1","FTL","Core Surge"],"special_seed":0,"relics":["FrozenCore","Dodecahedron","Bloody Idol"],"potions_floor_usage":[24],"damage_taken":[{"damage":2.0,"enemies":"Small Slimes","floor":1.0,"turns":3.0},{"damage":4.0,"enemies":"Jaw Worm","floor":2.0,"turns":6.0},{"damage":3.0,"enemies":"Cultist","floor":4.0,"turns":5.0},{"damage":5.0,"enemies":"2 Fungi Beasts","floor":7.0,"turns":4.0},{"damage":1.0,"enemies":"Exordium Wildlife","floor":10.0,"turns":6.0},{"damage":13.0,"enemies":"Hexaghost","floor":16.0,"turns":13.0},{"damage":5,"enemies":"Shell Parasite","floor":18,"turns":11},{"damage":70,"enemies":"Slavers","floor":24,"turns":9}],"seed_played":"-824061295501389938","potions_obtained":[{"floor":2.0,"key":"Fire Potion"},{"floor":10.0,"key":"Poison Potion"},{"floor":16.0,"key":"Fruit Juice"},{"floor":18,"key":"SkillPotion"}],"is_trial":false,"path_per_floor":["M","M","?","M","?","R","M","R","T","M","$","R","?","?","R","B",null,"M","?","$","?","$","R","E"],"character_chosen":"DEFECT","items_purchased":[],"campfire_rested":0,"item_purchase_floors":[],"current_hp_per_floor":[66,62,62,66,66,66,68,68,68,68,68,68,63,63,63,65,67,68,68,68,68,68,68,0],"gold":51,"neow_bonus":"TRANSFORM_TWO_CARDS","is_prod":false,"is_daily":false,"chose_seed":false,"campfire_upgraded":5,"win_rate":0,"timestamp":1552949103,"path_taken":["M","M","?","M","?","R","M","R","T","M","$","R","?","?","R","BOSS","M","?","$","?","?","R","E"],"build_version":"2019-01-23","purchased_purges":2,"victory":false,"max_hp_per_floor":[68,68,68,68,68,68,68,68,68,68,68,68,63,63,63,68,68,68,68,68,68,68,68,68],"card_choices":[{"not_picked":["Stack","Sweeping Beam"],"picked":"Cold Snap","floor":1.0},{"not_picked":["Coolheaded","Steam Power"],"picked":"Self Repair","floor":2.0},{"not_picked":["Redo","Steam"],"picked":"Reinforced Body","floor":4.0},{"not_picked":["Heatsinks","Meteor Strike"],"picked":"Loop","floor":7.0},{"not_picked":["Fusion","Beam Cell"],"picked":"FTL","floor":10.0},{"not_picked":["Reboot","Amplify"],"picked":"Core Surge","floor":16.0},{"not_picked":["Stack","Go for the Eyes","Compile Driver"],"picked":"SKIP","floor":18}],"player_experience":809776,"relics_obtained":[{"floor":9.0,"key":"Dodecahedron"}],"event_choices":[{"cards_removed":["Strike_B"],"damage_healed":0.0,"max_hp_gain":0.0,"max_hp_loss":0.0,"gold_gain":0.0,"event_name":"Living Wall","player_choice":"Forget","floor":3.0,"gold_loss":0.0,"damage_taken":0.0},{"damage_healed":0.0,"max_hp_gain":0.0,"max_hp_loss":0.0,"gold_gain":0.0,"event_name":"Liars Game","player_choice":"Ignored","floor":5.0,"gold_loss":0.0,"damage_taken":0.0},{"damage_healed":0.0,"max_hp_gain":0.0,"max_hp_loss":5.0,"gold_gain":0.0,"event_name":"Golden Idol","player_choice":"Lose Max HP","floor":13.0,"gold_loss":0.0,"damage_taken":0.0,"relics_obtained":["Golden Idol"]},{"damage_healed":0.0,"max_hp_gain":0.0,"max_hp_loss":0.0,"gold_gain":0.0,"event_name":"Scrap Ooze","player_choice":"Fled","floor":14.0,"gold_loss":0.0,"damage_taken":0.0},{"cards_removed":["Defend_B"],"damage_healed":0,"gold_gain":0,"player_choice":"Gave Gold","damage_taken":0,"max_hp_gain":0,"max_hp_loss":0,"event_name":"Beggar","floor":19,"gold_loss":75},{"damage_healed":0,"gold_gain":0,"player_choice":"Gave Idol","damage_taken":0,"relics_obtained":["Bloody Idol"],"max_hp_gain":0,"max_hp_loss":0,"event_name":"Forgotten Altar","floor":21,"relics_lost":["Golden Idol"],"gold_loss":0}],"is_beta":false,"boss_relics":[{"not_picked":["Pandora\u0027s Box","Runic Dome"],"picked":"FrozenCore"}],"items_purged_floors":[11,20],"is_endless":false,"potions_floor_spawned":[2,10,16,18],"killed_by":"Slavers","ascension_level":12}