{"gold_per_floor":[114,129,129,129,79,109,124,139,139,139,169,269,284,284,284,409,409,428,428],"floor_reached":19,"playtime":1233,"items_purged":[],"score":177,"play_id":"8d0c0ac4-60cc-422a-9e70-401e288f14f0","local_time":"20190406124313","daily_mods":["SealedDeck","Red Cards","Lethality"],"is_ascension_mode":false,"campfire_choices":[{"data":"Flame Barrier","floor":10,"key":"SMITH"},{"floor":15,"key":"REST"}],"neow_cost":"","seed_source_timestamp":0,"circlet_count":0,"master_deck":["Reprogram","Stack","Ball Lightning","Capacitor","Cold Snap","Shrug It Off","Iron Wave","Flame Barrier+1","Darkness","Reinforced Body","Anger","Headbutt","Beam Cell","Machine Learning","Ball Lightning","Steam","Armaments","Biased Cognition","Fission"],"special_seed":17992,"relics":["Cracked Core","Girya","Ancient Tea Set","Pear","DataDisk","Golden Idol","Cursed Key"],"potions_floor_usage":[16],"damage_taken":[{"damage":1,"enemies":"Small Slimes","floor":1,"turns":3},{"damage":0,"enemies":"2 Louse","floor":2,"turns":3},{"damage":5,"enemies":"3 Sentries","floor":6,"turns":6},{"damage":0,"enemies":"Cultist","floor":7,"turns":2},{"damage":0,"enemies":"Looter","floor":8,"turns":2},{"damage":4,"enemies":"Lagavulin","floor":11,"turns":5},{"damage":5,"enemies":"Blue Slaver","floor":13,"turns":2},{"damage":17,"enemies":"The Guardian","floor":16,"turns":6},{"damage":16,"enemies":"Chosen","floor":18,"turns":3},{"damage":79,"enemies":"3 Byrds","floor":19,"turns":3}],"seed_played":"-540605378630544762","potions_obtained":[{"floor":1,"key":"FairyPotion"},{"floor":7,"key":"Ancient Potion"},{"floor":13,"key":"Poison Potion"}],"is_trial":false,"path_per_floor":["M","M","?","?","$","E","M","M","T","R","E","?","M","?","R","B",null,"M","M"],"character_chosen":"DEFECT","items_purchased":["Beam Cell"],"campfire_rested":1,"item_purchase_floors":[5],"current_hp_per_floor":[74,74,74,67,67,62,62,62,72,72,68,68,63,42,67,50,85,69,0],"gold":428,"neow_bonus":"","is_prod":false,"is_daily":true,"chose_seed":false,"campfire_upgraded":1,"win_rate":0.0,"timestamp":1554568993,"path_taken":["M","M","?","?","$","E","M","M","T","R","E","?","?","?","R","BOSS","M","M"],"build_version":"2019-01-23","purchased_purges":0,"victory":false,"max_hp_per_floor":[75,75,75,75,75,75,75,75,85,85,85,85,85,85,85,85,85,85,85],"card_choices":[{"not_picked":["Clash","Burning Pact"],"picked":"Anger","floor":1},{"not_picked":["True Grit","Flex"],"picked":"Headbutt","floor":2},{"not_picked":["Reprogram","Cold Snap"],"picked":"Machine Learning","floor":6},{"not_picked":["Turbo","Havoc"],"picked":"Ball Lightning","floor":7},{"not_picked":["Disarm","Blood for Blood"],"picked":"Steam","floor":8},{"not_picked":["Rampage","Sword Boomerang"],"picked":"Armaments","floor":11},{"not_picked":["Clash","Second Wind"],"picked":"Biased Cognition","floor":13},{"not_picked":["Demon Form","Impervious"],"picked":"Fission","floor":16},{"not_picked":["Battle Trance","Gash","Aggregate+1"],"picked":"SKIP","floor":18}],"player_experience":55258,"relics_obtained":[{"floor":6,"key":"Ancient Tea Set"},{"floor":9,"key":"Pear"},{"floor":11,"key":"DataDisk"}],"event_choices":[{"damage_healed":0,"gold_gain":0,"player_choice":"Ignored","damage_taken":0,"max_hp_gain":0,"max_hp_loss":0,"event_name":"Golden Wing","floor":3,"gold_loss":0},{"damage_healed":0,"gold_gain":0,"player_choice":"Success","damage_taken":7,"relics_obtained":["Girya"],"max_hp_gain":0,"max_hp_loss":0,"event_name":"Scrap Ooze","floor":4,"gold_loss":0},{"damage_healed":0,"gold_gain":100,"player_choice":"Pray","damage_taken":0,"max_hp_gain":0,"max_hp_loss":0,"event_name":"Golden Shrine","floor":12,"gold_loss":0},{"damage_healed":0,"gold_gain":0,"player_choice":"Take Damage","damage_taken":21,"relics_obtained":["Golden Idol"],"max_hp_gain":0,"max_hp_loss":0,"event_name":"Golden Idol","floor":14,"gold_loss":0}],"is_beta":false,"boss_relics":[{"not_picked":["White Beast Statue","Ectoplasm"],"picked":"Cursed Key"}],"items_purged_floors":[],"is_endless":false,"potions_floor_spawned":[1,7,13],"killed_by":"3 Byrds","ascension_level":0}