{"gold_per_floor":[115,132,18,18,34,34,34,47,70,70,111,111,132,163,163,256,256,271,271,291,291],"floor_reached":21,"playtime":10960,"items_purged":[],"score":331,"play_id":"26d90115-6679-403c-82db-8aa77ba96acd","local_time":"20190423120309","is_ascension_mode":true,"campfire_choices":[{"data":"Consume","floor":6.0,"key":"SMITH"},{"data":"Capacitor","floor":10.0,"key":"SMITH"},{"floor":12.0,"key":"REST"},{"data":"Loop","floor":15.0,"key":"SMITH"}],"neow_cost":"NONE","seed_source_timestamp":664343588933601,"circlet_count":0,"master_deck":["AscendersBane","Zap","Dualcast","Capacitor+1","White Noise","Consume+1","Loop+1","Cold Snap","Sunder","Echo Form","Force Field","White Noise","Thunder Strike","Heatsinks","Static Discharge","Sweeping Beam","Buffer","Reinforced Body","Defragment"],"special_seed":0,"relics":["Cracked Core","Golden Idol","Art of War","Centennial Puzzle","Dream Catcher","Pandora\u0027s Box"],"potions_floor_usage":[20],"damage_taken":[{"damage":0.0,"enemies":"2 Louse","floor":1.0,"turns":3.0},{"damage":1.0,"enemies":"Cultist","floor":2.0,"turns":3.0},{"damage":4.0,"enemies":"Jaw Worm","floor":5.0,"turns":5.0},{"damage":9.0,"enemies":"2 Fungi Beasts","floor":8.0,"turns":4.0},{"damage":24.0,"enemies":"Gremlin Nob","floor":11.0,"turns":5.0},{"damage":4.0,"enemies":"Red Slaver","floor":13.0,"turns":4.0},{"damage":7.0,"enemies":"Lagavulin","floor":14.0,"turns":6.0},{"damage":31.0,"enemies":"The Guardian","floor":16.0,"turns":11.0},{"damage":45.0,"enemies":"2 Thieves","floor":18.0,"turns":3.0},{"damage":6,"enemies":"Spheric Guardian","floor":20,"turns":6},{"damage":17,"enemies":"3 Cultists","floor":21,"turns":3}],"seed_played":"-9000351154934703908","potions_obtained":[{"floor":1.0,"key":"Dexterity Potion"},{"floor":8.0,"key":"Explosive Potion"},{"floor":18.0,"key":"Regen Potion"}],"is_trial":false,"path_per_floor":["M","M","$","?","M","R","?","M","T","R","E","R","M","E","R","B",null,"M","?","M","M"],"character_chosen":"DEFECT","items_purchased":["Consume","Loop"],"campfire_rested":1,"item_purchase_floors":[3,3],"current_hp_per_floor":[71,70,70,70,66,66,66,57,57,57,33,54,50,43,43,12,56,11,11,17,0],"gold":291,"neow_bonus":"TEN_PERCENT_HP_BONUS","is_prod":false,"is_daily":false,"chose_seed":false,"campfire_upgraded":3,"win_rate":0,"timestamp":1556035389,"path_taken":["M","M","$","?","M","R","?","M","T","R","E","R","?","E","R","BOSS","M","?","M","M"],"build_version":"2019-01-23","purchased_purges":0,"victory":false,"max_hp_per_floor":[78,78,78,71,71,71,71,71,71,71,71,71,71,71,71,71,71,71,71,71,71],"card_choices":[{"not_picked":["White Noise","Heatsinks"],"picked":"Capacitor","floor":1.0},{"not_picked":["Go for the Eyes","Redo"],"picked":"White Noise","floor":2.0},{"not_picked":["Compile Driver","Sweeping Beam","Hello World"],"picked":"SKIP","floor":5.0},{"not_picked":["Barrage","Redo","Rip and Tear"],"picked":"SKIP","floor":8.0},{"not_picked":["Aggregate","Sweeping Beam","Consume"],"picked":"SKIP","floor":11.0},{"not_picked":["Melter","Turbo","Go for the Eyes"],"picked":"SKIP","floor":13.0},{"not_picked":["Scrape","Go for the Eyes"],"picked":"Sunder","floor":14.0},{"not_picked":["Meteor Strike","Reboot"],"picked":"Echo Form","floor":16.0},{"not_picked":["Stack","Go for the Eyes"],"picked":"Reinforced Body","floor":18.0},{"not_picked":["Hello World","Gash"],"picked":"Defragment","floor":20}],"player_experience":862877,"relics_obtained":[{"floor":9.0,"key":"Art of War"},{"floor":11.0,"key":"Centennial Puzzle"},{"floor":14.0,"key":"Dream Catcher"}],"event_choices":[{"damage_healed":0.0,"max_hp_gain":0.0,"max_hp_loss":7.0,"gold_gain":0.0,"event_name":"Golden Idol","player_choice":"Lose Max HP","floor":4.0,"gold_loss":0.0,"damage_taken":0.0,"relics_obtained":["Golden Idol"]},{"damage_healed":0.0,"max_hp_gain":0.0,"max_hp_loss":0.0,"gold_gain":0.0,"event_name":"Match and Keep!","player_choice":"1 cards matched","floor":7.0,"gold_loss":0.0,"damage_taken":0.0,"cards_obtained":["Cold Snap"]},{"cards_removed":["Rip and Tear"],"damage_healed":0,"gold_gain":0,"player_choice":"Elegance","damage_taken":0,"max_hp_gain":0,"max_hp_loss":0,"event_name":"Back to Basics","floor":19,"gold_loss":0}],"is_beta":false,"boss_relics":[{"not_picked":["Runic Dome","Snecko Eye"],"picked":"Pandora\u0027s Box"}],"items_purged_floors":[],"is_endless":false,"potions_floor_spawned":[1,8,13,18],"killed_by":"3 Cultists","ascension_level":15}