{"gold_per_floor":[109,109,12,12,31,31,45,65,92,102,115,115,129,142,142,245,245,255,255,3,3,3,3,21,121,147,179,203,215,247,259,271,283],"floor_reached":33,"playtime":1531,"items_purged":["Defend_R"],"score":241,"play_id":"fd6f3949-989b-49d4-ae9c-4fe21f1673df","local_time":"20190426095106","is_ascension_mode":false,"campfire_choices":[{"data":"Shrug It Off","floor":6,"key":"SMITH"},{"data":"Flex","floor":12,"key":"SMITH"},{"data":"Perfected Strike","floor":15,"key":"SMITH"},{"floor":23,"key":"REST"},{"floor":32,"key":"REST"}],"neow_cost":"NONE","seed_source_timestamp":1357649131697500,"circlet_count":0,"master_deck":["Strike_R","Strike_R","Strike_R","Strike_R","Defend_R","Defend_R","Defend_R","Bash+1","Shrug It Off+1","Twin Strike","Perfected Strike+1","Cleave","Flex+1","Bludgeon","Cleave","Flex+1","Flying Knee","Seeing Red","Perfected Strike+1","J.A.X."],"relics":["Burning Blood","Strawberry","Fusion Hammer","PrismaticShard","Ancient Tea Set","MawBank"],"potions_floor_usage":[8,10,16,16,16,24,30,33],"damage_taken":[{"damage":1,"enemies":"Jaw Worm","floor":1,"turns":5},{"damage":6,"enemies":"2 Louse","floor":5,"turns":3},{"damage":1,"enemies":"Cultist","floor":7,"turns":4},{"damage":18,"enemies":"Gremlin Gang","floor":8,"turns":6},{"damage":14,"enemies":"Exordium Thugs","floor":10,"turns":5},{"damage":16,"enemies":"2 Fungi Beasts","floor":11,"turns":3},{"damage":5,"enemies":"Looter","floor":13,"turns":2},{"damage":11,"enemies":"Red Slaver","floor":14,"turns":3},{"damage":46,"enemies":"The Guardian","floor":16,"turns":8},{"damage":5,"enemies":"Chosen","floor":18,"turns":3},{"damage":0,"enemies":"2 Thieves","floor":24,"turns":2},{"damage":16,"enemies":"Snake Plant","floor":27,"turns":3},{"damage":10,"enemies":"3 Cultists","floor":28,"turns":4},{"damage":10,"enemies":"Shelled Parasite and Fungi","floor":30,"turns":3},{"damage":99,"enemies":"Automaton","floor":33,"turns":8}],"seed_played":"-5405038524385354176","potions_obtained":[{"floor":1,"key":"BloodPotion"},{"floor":8,"key":"Regen Potion"},{"floor":11,"key":"Regen Potion"},{"floor":13,"key":"Weak Potion"},{"floor":14,"key":"SteroidPotion"},{"floor":18,"key":"Explosive Potion"},{"floor":30,"key":"SteroidPotion"}],"is_trial":false,"path_per_floor":["M","?","$","?","M","R","M","M","T","M","M","R","M","M","R","B",null,"M","?","$","T","?","R","M","?","T","M","M","?","M","?","R","B"],"character_chosen":"IRONCLAD","items_purchased":["Shrug It Off","PrismaticShard","SteroidPotion"],"campfire_rested":2,"item_purchase_floors":[3,20,20],"current_hp_per_floor":[80,80,80,80,80,80,80,76,83,87,77,77,78,73,73,48,87,87,87,87,87,87,87,87,87,87,77,73,73,69,69,87,0],"gold":283,"neow_bonus":"REMOVE_CARD","is_prod":false,"is_daily":false,"chose_seed":false,"campfire_upgraded":3,"win_rate":0.0,"timestamp":1556286666,"path_taken":["M","?","$","?","M","R","M","M","T","M","M","R","?","?","R","BOSS","M","?","$","?","?","R","M","?","T","M","?","?","M","?","R","BOSS"],"build_version":"2019-01-23","purchased_purges":1,"victory":false,"max_hp_per_floor":[80,80,80,80,80,80,80,80,87,87,87,87,87,87,87,87,87,87,87,87,87,87,87,87,87,87,87,87,87,87,87,87,87],"card_choices":[{"not_picked":["Pummel","Burning Pact","Clothesline"],"picked":"SKIP","floor":1},{"not_picked":["Warcry","Battle Trance","Thunderclap"],"picked":"SKIP","floor":5},{"not_picked":["Rupture","Anger"],"picked":"Twin Strike","floor":7},{"not_picked":["Shockwave","Clothesline"],"picked":"Perfected Strike","floor":8},{"not_picked":["Sword Boomerang","Infernal Blade"],"picked":"Cleave","floor":10},{"not_picked":["Headbutt","Rampage"],"picked":"Flex","floor":11},{"not_picked":["Thunderclap","Fiend Fire","Clothesline"],"picked":"SKIP","floor":13},{"not_picked":["Clash","Iron Wave","Warcry"],"picked":"SKIP","floor":14},{"not_picked":["Berserk","Barricade"],"picked":"Bludgeon","floor":16},{"not_picked":["Dual Wield","Clothesline"],"picked":"Cleave","floor":18},{"not_picked":["Carnage","All Out Attack+1","Sword Boomerang+1"],"picked":"SKIP","floor":24},{"not_picked":["Panacea","Backflip"],"picked":"Flying Knee","floor":27},{"not_picked":["Good Instincts","Doom and Gloom+1","Static Discharge"],"picked":"SKIP","floor":28},{"not_picked":["Stack","Combust+1"],"picked":"Perfected Strike+1","floor":30}],"player_experience":5175,"relics_obtained":[{"floor":9,"key":"Strawberry"},{"floor":21,"key":"Ancient Tea Set"},{"floor":26,"key":"MawBank"}],"event_choices":[{"damage_healed":0,"gold_gain":0,"player_choice":"Ignored","damage_taken":0,"max_hp_gain":0,"max_hp_loss":0,"event_name":"Golden Wing","floor":2,"gold_loss":0},{"damage_healed":0,"gold_gain":0,"player_choice":"Upgraded","damage_taken":0,"max_hp_gain":0,"max_hp_loss":0,"event_name":"Upgrade Shrine","floor":4,"gold_loss":0,"cards_upgraded":["Bash"]},{"damage_healed":0,"gold_gain":0,"player_choice":"Copied","damage_taken":0,"max_hp_gain":0,"max_hp_loss":0,"event_name":"Duplicator","floor":19,"gold_loss":0,"cards_obtained":["Flex"]},{"damage_healed":0,"gold_gain":0,"player_choice":"Ignored","damage_taken":0,"max_hp_gain":0,"max_hp_loss":0,"event_name":"Vampires","floor":22,"gold_loss":0},{"damage_healed":0,"gold_gain":100,"player_choice":"Pray","damage_taken":0,"max_hp_gain":0,"max_hp_loss":0,"event_name":"Golden Shrine","floor":25,"gold_loss":0},{"damage_healed":0,"gold_gain":0,"player_choice":"Read","damage_taken":0,"max_hp_gain":0,"max_hp_loss":0,"event_name":"The Library","floor":29,"gold_loss":0,"cards_obtained":["Seeing Red"]},{"damage_healed":0,"gold_gain":0,"player_choice":"Obtain J.A.X.","damage_taken":0,"max_hp_gain":0,"max_hp_loss":0,"event_name":"Drug Dealer","floor":31,"gold_loss":0,"cards_obtained":["J.A.X."]}],"is_beta":false,"boss_relics":[{"not_picked":["Tiny House","Orrery"],"picked":"Fusion Hammer"}],"items_purged_floors":[3],"is_endless":false,"potions_floor_spawned":[1,8,11,13,14,18,30],"killed_by":"Automaton","ascension_level":0}