{"gold_per_floor":[119,69,84,84,50,50,82,82,82,96,113,129,129,167,167,292,322,340,66,66,80,80,80,98,98,125,250,266,17,17,31,31,128,128,139,139,151,161,161,192,192,209,232,244,258,283,283],"floor_reached":47,"playtime":2494,"items_purged":["Normality","Strike_B"],"score":763,"play_id":"3897264c-f23c-4ea4-b311-c45ab62d3f8d","local_time":"20190426123501","is_ascension_mode":true,"campfire_choices":[{"data":"Defragment","floor":6,"key":"SMITH"},{"data":"Defragment","floor":8,"key":"SMITH"},{"data":"Loop","floor":15,"key":"SMITH"},{"data":"Barrage","floor":23,"key":"SMITH"},{"floor":25,"key":"REST"},{"data":"Conserve Battery","floor":32,"key":"SMITH"},{"floor":41,"key":"REST"}],"neow_cost":"NONE","seed_source_timestamp":65338914819244,"circlet_count":0,"master_deck":["Defend_B+1","Defend_B","Zap+1","Dualcast+1","Defragment+1","Defragment+1","Self Repair","Barrage+1","Coolheaded","Conserve Battery+1","Loop+1","Go for the Eyes","Electrodynamics","Decay","Static Discharge+1","Defragment+1","Core Surge","Self Repair+1","BootSequence+1","Glacier","Ball Lightning","Sunder+1","Storm+1","Conserve Battery","Fission","Turbo+1","Buffer+1","Blizzard+1","Capacitor+1","Loop+1","Cold Snap+1","Scrape+1","Capacitor+1","Cold Snap+1","Creative AI+1"],"relics":["Cracked Core","Incense Burner","Sundial","Bloody Idol","Dream Catcher","Calling Bell","Tiny Chest","Frozen Egg 2","StoneCalendar","Orichalcum","Du-Vu Doll","Molten Egg 2","War Paint","Astrolabe","Regal Pillow","Juzu Bracelet"],"potions_floor_usage":[16,18,18,27],"damage_taken":[{"damage":3,"enemies":"2 Louse","floor":1,"turns":2},{"damage":2,"enemies":"Jaw Worm","floor":3,"turns":3},{"damage":30,"enemies":"Gremlin Nob","floor":7,"turns":4},{"damage":0,"enemies":"Cultist","floor":10,"turns":2},{"damage":7,"enemies":"Looter","floor":11,"turns":3},{"damage":0,"enemies":"3 Louse","floor":12,"turns":4},{"damage":1,"enemies":"Lagavulin","floor":14,"turns":8},{"damage":0,"enemies":"Slime Boss","floor":16,"turns":5},{"damage":13,"enemies":"2 Thieves","floor":18,"turns":3},{"damage":26,"enemies":"Shell Parasite","floor":21,"turns":3},{"damage":25,"enemies":"Chosen and Byrds","floor":24,"turns":5},{"damage":9,"enemies":"Colosseum Slavers","floor":27,"turns":4},{"damage":32,"enemies":"Colosseum Nobs","floor":27,"turns":4},{"damage":12,"enemies":"Snake Plant","floor":28,"turns":6},{"damage":14,"enemies":"Sentry and Sphere","floor":31,"turns":5},{"damage":9,"enemies":"Automaton","floor":33,"turns":6},{"damage":8,"enemies":"3 Darklings","floor":35,"turns":5},{"damage":11,"enemies":"3 Shapes","floor":37,"turns":3},{"damage":35,"enemies":"Jaw Worm Horde","floor":38,"turns":5},{"damage":26,"enemies":"Reptomancer","floor":40,"turns":5},{"damage":11,"enemies":"Writhing Mass","floor":42,"turns":6},{"damage":8,"enemies":"4 Shapes","floor":44,"turns":7},{"damage":35,"enemies":"Maw","floor":45,"turns":6},{"damage":6,"enemies":"Giant Head","floor":46,"turns":8},{"damage":74,"enemies":"Jaw Worm Horde","floor":47,"turns":4}],"seed_played":"-8587269064463169180","potions_obtained":[{"floor":1,"key":"Block Potion"},{"floor":3,"key":"FocusPotion"},{"floor":14,"key":"Fire Potion"},{"floor":16,"key":"AttackPotion"},{"floor":27,"key":"Fire Potion"},{"floor":31,"key":"Energy Potion"},{"floor":37,"key":"SteroidPotion"},{"floor":40,"key":"FocusPotion"},{"floor":44,"key":"GamblersBrew"},{"floor":45,"key":"PowerPotion"}],"is_trial":false,"path_per_floor":["?","?","?","?","M","?","?","?","?","?","M"],"character_chosen":"DEFECT","items_purchased":["Self Repair","Defragment+1","Core Surge","War Paint"],"campfire_rested":2,"item_purchase_floors":[5,19,19,29],"current_hp_per_floor":[65,65,63,56,56,56,33,33,33,33,33,40,40,46,46,53,65,59,59,59,43,43,43,35,55,55,31,36,36,36,44,44,57,66,69,69,69,46,46,35,69,69,69,69,46,62,0],"gold":283,"neow_bonus":"UPGRADE_CARD","is_prod":false,"is_daily":false,"chose_seed":false,"campfire_upgraded":5,"win_rate":0,"timestamp":1556256901,"path_taken":["M","?","M","?","$","R","E","R","T","M","M","M","?","E","R","BOSS","M","$","?","?","?","R","M","R","T","?","M","$","?","M","R","BOSS","M","?","M","M","?","E","R","?","T","M","M","E","M"],"build_version":"2019-01-23","purchased_purges":2,"victory":false,"max_hp_per_floor":[75,75,75,75,75,75,75,75,75,75,75,75,69,69,69,69,69,69,69,69,69,69,69,69,69,69,69,69,69,69,69,69,69,69,69,69,69,69,69,69,69,69,69,69,69,69,69],"card_choices":[{"not_picked":["Turbo","Cold Snap"],"picked":"Defragment","floor":1},{"not_picked":["Leap","Redo"],"picked":"Defragment","floor":3},{"not_picked":["Steam","Aggregate"],"picked":"Barrage","floor":7},{"not_picked":["Static Discharge","Redo"],"picked":"Coolheaded","floor":10},{"not_picked":["Compile Driver","Rebound"],"picked":"Conserve Battery","floor":11},{"not_picked":["Sunder","Conserve Battery"],"picked":"Loop","floor":12},{"not_picked":["Double Energy","Buffer"],"picked":"Go for the Eyes","floor":14},{"not_picked":["Machine Learning","Rainbow"],"picked":"Electrodynamics","floor":16},{"not_picked":["Rebound","Scrape+1"],"picked":"Static Discharge+1","floor":18},{"not_picked":["Machine Learning+1","Chaos"],"picked":"BootSequence+1","floor":21},{"not_picked":["Sweeping Beam+1","Cold Snap"],"picked":"Glacier","floor":24},{"not_picked":["Tempest+1","Steam"],"picked":"Ball Lightning","floor":25},{"not_picked":["Defragment+1","FTL+1"],"picked":"Sunder+1","floor":27},{"not_picked":["Turbo","Streamline+1"],"picked":"Storm+1","floor":28},{"not_picked":["Rebound+1","Sweeping Beam+1"],"picked":"Conserve Battery","floor":31},{"not_picked":["Thunder Strike+1","Hyperbeam+1"],"picked":"Fission","floor":33},{"not_picked":["Sunder+1","Steam Power"],"picked":"Capacitor+1","floor":35},{"not_picked":["Rebound+1","Hologram"],"picked":"Loop+1","floor":37},{"not_picked":["Blizzard+1","Defragment+1"],"picked":"Cold Snap+1","floor":38},{"not_picked":["Defragment+1","Coolheaded+1"],"picked":"Capacitor+1","floor":40},{"not_picked":["Steam+1","Auto Shields"],"picked":"Cold Snap+1","floor":41},{"not_picked":["Buffer+1","Barrage+1","Undo"],"picked":"SKIP","floor":42},{"not_picked":["Leap","Scrape+1","Gash+1"],"picked":"SKIP","floor":44},{"not_picked":["Turbo+1","Gash+1","Stack+1"],"picked":"SKIP","floor":45},{"not_picked":["Rebound+1","Beam Cell+1"],"picked":"Creative AI+1","floor":46}],"player_experience":95623,"relics_obtained":[{"floor":7,"key":"Incense Burner"},{"floor":9,"key":"Sundial"},{"floor":14,"key":"Dream Catcher"},{"floor":17,"key":"Tiny Chest"},{"floor":17,"key":"Frozen Egg 2"},{"floor":17,"key":"StoneCalendar"},{"floor":26,"key":"Orichalcum"},{"floor":27,"key":"Du-Vu Doll"},{"floor":27,"key":"Molten Egg 2"},{"floor":40,"key":"Regal Pillow"},{"floor":46,"key":"Juzu Bracelet"}],"event_choices":[{"cards_removed":["Strike_B"],"damage_healed":0,"gold_gain":0,"player_choice":"Card Removal","damage_taken":0,"max_hp_gain":0,"max_hp_loss":0,"event_name":"The Cleric","floor":2,"gold_loss":50},{"cards_removed":["Strike_B"],"damage_healed":0,"gold_gain":0,"player_choice":"Card Removal","damage_taken":7,"max_hp_gain":0,"max_hp_loss":0,"event_name":"Golden Wing","floor":4,"gold_loss":0},{"damage_healed":0,"gold_gain":0,"player_choice":"Lose Max HP","damage_taken":0,"relics_obtained":["Golden Idol"],"max_hp_gain":0,"max_hp_loss":6,"event_name":"Golden Idol","floor":13,"gold_loss":0},{"damage_healed":0,"gold_gain":0,"player_choice":"Copied","damage_taken":0,"max_hp_gain":0,"max_hp_loss":0,"event_name":"Duplicator","floor":20,"gold_loss":0,"cards_obtained":["Self Repair"]},{"cards_removed":["Doubt"],"damage_healed":0,"gold_gain":0,"player_choice":"Elegance","damage_taken":0,"max_hp_gain":0,"max_hp_loss":0,"event_name":"Back to Basics","floor":22,"gold_loss":0},{"damage_healed":0,"gold_gain":0,"player_choice":"Fight","damage_taken":0,"max_hp_gain":0,"max_hp_loss":0,"event_name":"Colosseum","floor":27,"gold_loss":0},{"damage_healed":0,"gold_gain":0,"player_choice":"Fought Nobs","damage_taken":0,"max_hp_gain":0,"max_hp_loss":0,"event_name":"Colosseum","floor":27,"gold_loss":0},{"damage_healed":0,"gold_gain":0,"player_choice":"Gave Idol","damage_taken":0,"relics_obtained":["Bloody Idol"],"max_hp_gain":0,"max_hp_loss":0,"event_name":"Forgotten Altar","floor":30,"relics_lost":["Golden Idol"],"gold_loss":0},{"damage_healed":0,"gold_gain":0,"player_choice":"Ignored","damage_taken":0,"max_hp_gain":0,"max_hp_loss":0,"event_name":"Tomb of Lord Red Mask","floor":36,"gold_loss":0},{"damage_healed":0,"gold_gain":0,"player_choice":"1 cards matched","damage_taken":0,"max_hp_gain":0,"max_hp_loss":0,"event_name":"Match and Keep!","floor":39,"gold_loss":0,"cards_obtained":["Scrape"]}],"is_beta":false,"boss_relics":[{"not_picked":["Ectoplasm","Runic Dome"],"picked":"Calling Bell"},{"not_picked":["FrozenCore","Fusion Hammer"],"picked":"Astrolabe"}],"items_purged_floors":[19,29],"is_endless":false,"potions_floor_spawned":[1,3,14,16,27,27,31,37,40,44,45],"killed_by":"Jaw Worm Horde","ascension_level":7}