{"gold_per_floor":[118,118,118,133,187,187,213,237,237,262,262,280,280,292,292,393,393,410,421,421,421,437,469,486,486,512,86,106,125,155,155,155,255,255,267,284,335,92,40,54,73,85,112,0,0,0,0,0,0,0,0,0,0,0],"floor_reached":54,"playtime":2078,"items_purged":["Parasite","Strike_R+1"],"score":660,"play_id":"aff6e3b4-dbd7-42c8-9185-b640c988d587","local_time":"20190424154548","is_ascension_mode":false,"campfire_choices":[{"data":"Whirlwind","floor":6,"key":"SMITH"},{"floor":11,"key":"REST"},{"data":"Uppercut","floor":13,"key":"SMITH"},{"data":"Ghostly Armor","floor":15,"key":"SMITH"},{"floor":25,"key":"REST"},{"data":"Rupture","floor":32,"key":"SMITH"},{"floor":45,"key":"RECALL"},{"floor":47,"key":"REST"},{"floor":49,"key":"REST"},{"floor":52,"key":"REST"}],"neow_cost":"CURSE","seed_source_timestamp":765352668822600,"circlet_count":0,"master_deck":["Strike_R+1","Strike_R+1","Strike_R+1","Defend_R+1","Defend_R+1","Defend_R+1","Bash+1","Whirlwind+1","Wild Strike","Uppercut+1","Bash+1","Shrug It Off+1","Hemokinesis","Ghostly Armor+1","Immolate","Battle Trance","Berserk","Iron Wave+1","Inflame","RitualDagger","Dropkick+1","Rupture+1","Berserk","Demon Form","Flame Barrier","Whirlwind","Mind Blast","Master of Strategy"],"relics":["Burning Blood","Potion Belt","War Paint","Orichalcum","Odd Mushroom","Pen Nib","Mercury Hourglass","Mark of Pain","Whetstone","Juzu Bracelet","ClockworkSouvenir","Happy Flower","Bag of Preparation","Fusion Hammer","Bird Faced Urn","Bronze Scales","Blood Vial","Red Mask"],"potions_floor_usage":[10,16,16,23,30,33,33,33,33,33,50,50,50,50],"damage_taken":[{"damage":0,"enemies":"Small Slimes","floor":1,"turns":3},{"damage":6,"enemies":"Jaw Worm","floor":4,"turns":3},{"damage":40,"enemies":"Lagavulin","floor":7,"turns":8},{"damage":7,"enemies":"The Mushroom Lair","floor":8,"turns":3},{"damage":6,"enemies":"3 Sentries","floor":10,"turns":4},{"damage":0,"enemies":"Cultist","floor":12,"turns":2},{"damage":0,"enemies":"Exordium Wildlife","floor":14,"turns":2},{"damage":34,"enemies":"Hexaghost","floor":16,"turns":7},{"damage":7,"enemies":"Shell Parasite","floor":18,"turns":3},{"damage":10,"enemies":"2 Thieves","floor":19,"turns":3},{"damage":5,"enemies":"Cultist and Chosen","floor":22,"turns":4},{"damage":15,"enemies":"Book of Stabbing","floor":23,"turns":4},{"damage":10,"enemies":"Centurion and Healer","floor":24,"turns":4},{"damage":3,"enemies":"Snecko","floor":28,"turns":3},{"damage":7,"enemies":"Cultist and Chosen","floor":29,"turns":3},{"damage":24,"enemies":"Gremlin Leader","floor":30,"turns":4},{"damage":28,"enemies":"Collector","floor":33,"turns":7},{"damage":4,"enemies":"Orb Walker","floor":35,"turns":2},{"damage":3,"enemies":"3 Shapes","floor":36,"turns":2},{"damage":27,"enemies":"2 Orb Walkers","floor":37,"turns":4},{"damage":11,"enemies":"Writhing Mass","floor":40,"turns":3},{"damage":3,"enemies":"3 Darklings","floor":41,"turns":3},{"damage":0,"enemies":"Sphere and 2 Shapes","floor":42,"turns":1},{"damage":77,"enemies":"Donu and Deca","floor":50,"turns":7},{"damage":95,"enemies":"Shield and Spear","floor":54,"turns":5}],"seed_played":"7508998529828368203","potions_obtained":[{"floor":4,"key":"AttackPotion"},{"floor":8,"key":"Fire Potion"},{"floor":10,"key":"Explosive Potion"},{"floor":12,"key":"EntropicBrew"},{"floor":18,"key":"PowerPotion"},{"floor":19,"key":"Dexterity Potion"},{"floor":24,"key":"Fruit Juice"},{"floor":30,"key":"Weak Potion"},{"floor":37,"key":"LiquidBronze"},{"floor":40,"key":"BloodPotion"},{"floor":42,"key":"PowerPotion"}],"is_trial":false,"path_per_floor":["M","?","?","M","T","R","E","?","T","E","R","M","R","M","R","B",null,"M","M","?","?","M","E","M","R","T","$","M","M","E","?","R","B",null,"M","M","?","$","?","M","M","M","T","?","R","?","R","?","R","B",null,"R","$","E"],"character_chosen":"IRONCLAD","items_purchased":["ClockworkSouvenir","Happy Flower","Bronze Scales"],"campfire_rested":5,"item_purchase_floors":[27,27,38],"current_hp_per_floor":[80,77,77,77,77,77,43,42,42,42,66,72,72,78,78,50,80,79,75,69,69,70,61,57,80,80,77,77,76,63,82,82,60,82,82,82,61,61,61,62,73,81,81,81,81,78,78,73,78,24,78,78,78,0],"gold":0,"neow_bonus":"TRANSFORM_TWO_CARDS","is_prod":false,"is_daily":false,"chose_seed":false,"campfire_upgraded":4,"win_rate":0,"timestamp":1556135148,"path_taken":["M","?","?","?","?","R","E","?","T","E","R","M","R","M","R","BOSS","M","M","?","?","M","E","M","R","T","$","M","M","E","?","R","BOSS","M","M","?","$","?","M","M","M","T","?","R","?","R","?","R","BOSS","R","$","E"],"build_version":"2019-01-23","purchased_purges":2,"victory":false,"max_hp_per_floor":[80,80,80,80,80,80,80,80,80,80,80,80,80,80,80,80,80,80,80,80,80,80,80,80,80,80,77,77,77,82,82,82,82,82,82,82,82,82,82,82,82,82,82,82,82,78,78,78,78,78,78,78,78,78],"card_choices":[{"not_picked":["Hemokinesis","Clash"],"picked":"Uppercut","floor":1},{"not_picked":["Whirlwind","Pummel"],"picked":"Shrug It Off","floor":4},{"not_picked":["Sword Boomerang","Headbutt"],"picked":"Hemokinesis","floor":7},{"not_picked":["Warcry","Pommel Strike"],"picked":"Ghostly Armor","floor":8},{"not_picked":["Power Through","Twin Strike"],"picked":"Immolate","floor":10},{"not_picked":["Body Slam","Clash","Havoc"],"picked":"SKIP","floor":12},{"not_picked":["Headbutt","Iron Wave"],"picked":"Battle Trance","floor":14},{"not_picked":["Offering","Reaper"],"picked":"Berserk","floor":16},{"not_picked":["Pommel Strike","Sword Boomerang"],"picked":"Iron Wave+1","floor":18},{"not_picked":["Dropkick","Entrench"],"picked":"Inflame","floor":19},{"not_picked":["Anger","Flex","Battle Trance"],"picked":"SKIP","floor":22},{"not_picked":["Heavy Blade","Pommel Strike"],"picked":"Dropkick+1","floor":23},{"not_picked":["Warcry","Sword Boomerang","Perfected Strike"],"picked":"SKIP","floor":24},{"not_picked":["Rampage","Iron Wave","Armaments"],"picked":"SKIP","floor":28},{"not_picked":["Infernal Blade","Anger","Iron Wave"],"picked":"SKIP","floor":29},{"not_picked":["Power Through","Brutality"],"picked":"Rupture","floor":30},{"not_picked":["Bludgeon","Impervious"],"picked":"Berserk","floor":33},{"not_picked":["Headbutt","Searing Blow","Sword Boomerang+1"],"picked":"SKIP","floor":35},{"not_picked":["Second Wind+1","Flex+1","Anger"],"picked":"SKIP","floor":36},{"not_picked":["Heavy Blade+1","Perfected Strike"],"picked":"Demon Form","floor":37},{"not_picked":["Shockwave","Combust+1"],"picked":"Flame Barrier","floor":40},{"not_picked":["Headbutt+1","Clothesline","Cleave"],"picked":"SKIP","floor":41},{"not_picked":["Shrug It Off+1","Body Slam"],"picked":"Whirlwind","floor":42},{"not_picked":["Madness","Impatience"],"picked":"Mind Blast","floor":48},{"not_picked":["Good Instincts","Discovery"],"picked":"Master of Strategy","floor":48}],"player_experience":233639,"relics_obtained":[{"floor":5,"key":"War Paint"},{"floor":7,"key":"Orichalcum"},{"floor":8,"key":"Odd Mushroom"},{"floor":9,"key":"Pen Nib"},{"floor":10,"key":"Mercury Hourglass"},{"floor":23,"key":"Whetstone"},{"floor":26,"key":"Juzu Bracelet"},{"floor":30,"key":"Bag of Preparation"},{"floor":37,"key":"Bird Faced Urn"}],"event_choices":[{"damage_healed":0,"gold_gain":0,"player_choice":"Success","damage_taken":3,"relics_obtained":["Potion Belt"],"max_hp_gain":0,"max_hp_loss":0,"event_name":"Scrap Ooze","floor":2,"gold_loss":0},{"damage_healed":0,"gold_gain":0,"player_choice":"1 cards matched","damage_taken":0,"max_hp_gain":0,"max_hp_loss":0,"event_name":"Match and Keep!","floor":3,"gold_loss":0,"cards_obtained":["Bash"]},{"damage_healed":0,"gold_gain":0,"player_choice":"Fought Mushrooms","damage_taken":0,"max_hp_gain":0,"max_hp_loss":0,"event_name":"Mushrooms","floor":8,"gold_loss":0},{"damage_healed":0,"gold_gain":0,"player_choice":"Joined the Cult","damage_taken":6,"max_hp_gain":0,"max_hp_loss":0,"event_name":"Nest","floor":20,"gold_loss":0,"cards_obtained":["RitualDagger"]},{"damage_healed":0,"gold_gain":0,"player_choice":"Simplicity","damage_taken":0,"max_hp_gain":0,"max_hp_loss":0,"event_name":"Back to Basics","floor":21,"gold_loss":0,"cards_upgraded":["Strike_R","Strike_R","Strike_R","Strike_R","Defend_R","Defend_R"]},{"damage_healed":27,"gold_gain":0,"player_choice":"Heal","damage_taken":0,"max_hp_gain":0,"max_hp_loss":0,"event_name":"The Library","floor":31,"gold_loss":0},{"damage_healed":0,"gold_gain":0,"player_choice":"Fight","damage_taken":0,"max_hp_gain":0,"max_hp_loss":0,"event_name":"Mysterious Sphere","floor":37,"gold_loss":0},{"damage_healed":0,"gold_gain":0,"player_choice":"Paid Gold","damage_taken":0,"relics_obtained":["Blood Vial"],"max_hp_gain":0,"max_hp_loss":0,"event_name":"WeMeetAgain","floor":39,"gold_loss":52},{"damage_healed":0,"gold_gain":0,"player_choice":"Paid","damage_taken":0,"relics_obtained":["Red Mask"],"max_hp_gain":0,"max_hp_loss":0,"event_name":"Tomb of Lord Red Mask","floor":44,"gold_loss":112},{"damage_healed":0,"gold_gain":0,"player_choice":"Max HP","damage_taken":0,"max_hp_gain":0,"max_hp_loss":4,"event_name":"Winding Halls","floor":46,"gold_loss":0},{"damage_healed":0,"gold_gain":0,"player_choice":"Memory 2","damage_taken":5,"max_hp_gain":0,"max_hp_loss":0,"event_name":"SensoryStone","floor":48,"gold_loss":0}],"is_beta":false,"boss_relics":[{"not_picked":["Astrolabe","Black Star"],"picked":"Mark of Pain"},{"not_picked":["Lizard Tail","Calling Bell"],"picked":"Fusion Hammer"}],"items_purged_floors":[27,38],"is_endless":false,"potions_floor_spawned":[4,8,10,12,18,19,24,30,37,40,41,42],"killed_by":"Shield and Spear","ascension_level":0}