{"gold_per_floor":[113,124,124,124,142,168,188,221,221,236,250,265,265,280,280,378,378,394,405,416,436,451,451,466,501,501,517,547,564,564,185,185,283,283,303,315,67,67,86,86,120,120,145,18,36,36,136,155,155,155],"floor_reached":51,"playtime":2489,"items_purged":[],"score":887,"play_id":"818081af-6ffe-4e1c-8926-0777ec661360","local_time":"20190425232110","is_ascension_mode":false,"campfire_choices":[{"data":"Uppercut","floor":13,"key":"SMITH"},{"data":"Defend_R","floor":15,"key":"SMITH"},{"data":"Twin Strike","floor":23,"key":"SMITH"},{"data":"Barricade","floor":32,"key":"SMITH"},{"data":"Corruption","floor":40,"key":"SMITH"},{"data":"Pommel Strike","floor":42,"key":"SMITH"},{"data":"Pommel Strike","floor":46,"key":"SMITH"},{"floor":49,"key":"DIG"}],"neow_cost":"NONE","seed_source_timestamp":1166742451257200,"circlet_count":0,"master_deck":["Strike_R","Strike_R","Strike_R","Strike_R","Strike_R","Defend_R","Defend_R","Defend_R","Defend_R+1","Bash+1","Headbutt","Twin Strike+1","Anger","Uppercut+1","Pommel Strike+1","Pommel Strike+1","Limit Break+1","Armaments+1","True Grit+1","Offering+1","Flex+1","Disarm+1","Iron Wave","Wild Strike+1","Ghostly Armor+1","Metallicize+1","Shockwave+1","Shrug It Off+1","Barricade+1","Warcry+1","Corruption+1","Impervious+1","Headbutt+1","Shrug It Off+1","Flex+1","Madness+1","Madness+1","Disarm+1","Impervious+1","Spot Weakness+1","Warcry+1","Uppercut+1"],"relics":["Burning Blood","Vajra","Darkstone Periapt","The Courier","Toxic Egg 2","Sozu","Lantern","Sundial","Paper Frog","Pantograph","Pen Nib","Mark of Pain","Mummified Hand","Self Forming Clay","Dream Catcher","Shovel","Ornamental Fan"],"potions_floor_usage":[8,16,50],"damage_taken":[{"damage":1,"enemies":"Jaw Worm","floor":1,"turns":5},{"damage":2,"enemies":"Small Slimes","floor":2,"turns":4},{"damage":0,"enemies":"Cultist","floor":5,"turns":2},{"damage":22,"enemies":"3 Sentries","floor":6,"turns":6},{"damage":0,"enemies":"Gremlin Gang","floor":7,"turns":5},{"damage":14,"enemies":"Gremlin Nob","floor":8,"turns":3},{"damage":4,"enemies":"Red Slaver","floor":10,"turns":2},{"damage":7,"enemies":"2 Fungi Beasts","floor":11,"turns":4},{"damage":1,"enemies":"Exordium Wildlife","floor":12,"turns":2},{"damage":6,"enemies":"Red Slaver","floor":14,"turns":3},{"damage":33,"enemies":"Hexaghost","floor":16,"turns":7},{"damage":10,"enemies":"3 Byrds","floor":18,"turns":4},{"damage":6,"enemies":"Spheric Guardian","floor":19,"turns":1},{"damage":10,"enemies":"Cultist and Chosen","floor":20,"turns":4},{"damage":12,"enemies":"Snecko","floor":21,"turns":7},{"damage":16,"enemies":"3 Cultists","floor":22,"turns":5},{"damage":0,"enemies":"Snake Plant","floor":24,"turns":2},{"damage":6,"enemies":"Book of Stabbing","floor":25,"turns":6},{"damage":6,"enemies":"Centurion and Healer","floor":27,"turns":5},{"damage":18,"enemies":"Slavers","floor":28,"turns":6},{"damage":5,"enemies":"3 Cultists","floor":29,"turns":5},{"damage":6,"enemies":"Champ","floor":33,"turns":10},{"damage":6,"enemies":"3 Darklings","floor":35,"turns":9},{"damage":1,"enemies":"Orb Walker","floor":36,"turns":4},{"damage":6,"enemies":"Sphere and 2 Shapes","floor":39,"turns":5},{"damage":6,"enemies":"Giant Head","floor":41,"turns":6},{"damage":10,"enemies":"4 Shapes","floor":45,"turns":5},{"damage":6,"enemies":"Mind Bloom Boss Battle","floor":47,"turns":6},{"damage":10,"enemies":"Jaw Worm Horde","floor":48,"turns":3},{"damage":10,"enemies":"Donu and Deca","floor":50,"turns":8}],"seed_played":"-168987057574180605","potions_obtained":[{"floor":2,"key":"Poison Potion"},{"floor":5,"key":"Swift Potion"},{"floor":7,"key":"LiquidBronze"},{"floor":10,"key":"Dexterity Potion"},{"floor":11,"key":"Block Potion"}],"is_trial":false,"path_per_floor":["M","M","?","?","M","E","M","E","T","M","M","M","R","M","R","B",null,"M","M","M","M","M","R","M","E","T","M","E","M","?","$","R","B",null,"M","M","$","?","M","R","E","R","T","$","M","R","?","M","R","B",null],"character_chosen":"IRONCLAD","items_purchased":["Pantograph","Pen Nib","Corruption","Mummified Hand","Flex+1","Impervious+1"],"campfire_rested":0,"item_purchase_floors":[31,31,31,37,37,44],"current_hp_per_floor":[80,80,85,82,85,69,75,67,67,69,68,73,73,73,73,46,85,81,81,77,71,61,61,67,67,67,67,55,56,48,48,48,73,85,85,85,85,74,74,74,74,74,74,74,70,70,85,81,81,81],"gold":155,"neow_bonus":"UPGRADE_CARD","is_prod":false,"is_daily":false,"chose_seed":false,"campfire_upgraded":7,"win_rate":1,"timestamp":1556259670,"path_taken":["M","M","?","?","M","E","M","E","T","M","M","M","R","?","R","BOSS","M","M","M","M","M","R","M","E","T","M","E","M","?","?","R","BOSS","M","?","?","?","M","R","E","R","T","?","?","R","?","M","R","BOSS"],"build_version":"2019-01-23","purchased_purges":0,"victory":true,"max_hp_per_floor":[80,80,85,85,85,85,85,85,85,85,85,85,85,85,85,85,85,85,85,85,85,85,85,85,85,85,85,85,85,85,85,85,85,85,85,85,85,85,85,85,85,85,85,85,85,85,85,85,85,85],"card_choices":[{"not_picked":["Havoc","Bloodletting"],"picked":"Headbutt","floor":1},{"not_picked":["Sword Boomerang","Flex"],"picked":"Twin Strike","floor":2},{"not_picked":["Clash","Cleave"],"picked":"Anger","floor":5},{"not_picked":["Flex","Battle Trance"],"picked":"Uppercut","floor":6},{"not_picked":["Twin Strike","Havoc","Combust"],"picked":"SKIP","floor":7},{"not_picked":["Hemokinesis","Heavy Blade"],"picked":"Pommel Strike","floor":8},{"not_picked":["Wild Strike","Sword Boomerang"],"picked":"Pommel Strike","floor":10},{"not_picked":["Anger","Blood for Blood"],"picked":"Limit Break+1","floor":11},{"not_picked":["Burning Pact+1","Sword Boomerang"],"picked":"Armaments+1","floor":12},{"not_picked":["Entrench+1","Heavy Blade"],"picked":"True Grit+1","floor":14},{"not_picked":["Berserk","Fiend Fire"],"picked":"Offering+1","floor":16},{"not_picked":["Infernal Blade+1","Wild Strike"],"picked":"Flex+1","floor":18},{"not_picked":["Heavy Blade","Pommel Strike"],"picked":"Disarm+1","floor":19},{"not_picked":["Headbutt","Twin Strike"],"picked":"Iron Wave","floor":20},{"not_picked":["Heavy Blade+1","Metallicize"],"picked":"Wild Strike+1","floor":21},{"not_picked":["Iron Wave","Entrench+1"],"picked":"Ghostly Armor+1","floor":22},{"not_picked":["Iron Wave","True Grit+1"],"picked":"Metallicize+1","floor":24},{"not_picked":["Clothesline","Shrug It Off+1"],"picked":"Shockwave+1","floor":25},{"not_picked":["Iron Wave","Clash"],"picked":"Shrug It Off+1","floor":27},{"not_picked":["Berserk","Anger+1"],"picked":"Barricade","floor":28},{"not_picked":["Iron Wave","Twin Strike"],"picked":"Warcry+1","floor":29},{"not_picked":["Exhume+1","Berserk"],"picked":"Impervious+1","floor":33},{"not_picked":["Twin Strike+1","Fire Breathing"],"picked":"Headbutt+1","floor":35},{"not_picked":["Twin Strike","Whirlwind+1"],"picked":"Shrug It Off+1","floor":36},{"not_picked":["Pommel Strike","Cleave","Thunderclap+1"],"picked":"SKIP","floor":39},{"not_picked":["Pommel Strike","Cleave","Thunderclap+1"],"picked":"SKIP","floor":39},{"not_picked":["Clash+1","Armaments+1"],"picked":"Disarm+1","floor":41},{"not_picked":["Whirlwind+1","Pommel Strike+1"],"picked":"Spot Weakness+1","floor":45},{"not_picked":["Anger+1","Clash"],"picked":"Warcry+1","floor":47},{"not_picked":["Shrug It Off+1","Bludgeon"],"picked":"Uppercut+1","floor":48}],"player_experience":591955,"relics_obtained":[{"floor":6,"key":"Darkstone Periapt"},{"floor":8,"key":"The Courier"},{"floor":9,"key":"Toxic Egg 2"},{"floor":25,"key":"Lantern"},{"floor":26,"key":"Sundial"},{"floor":28,"key":"Paper Frog"},{"floor":41,"key":"Self Forming Clay"},{"floor":43,"key":"Dream Catcher"},{"floor":47,"key":"Shovel"},{"floor":49,"key":"Ornamental Fan"}],"event_choices":[{"damage_healed":0,"gold_gain":0,"player_choice":"Donut","damage_taken":0,"max_hp_gain":5,"max_hp_loss":0,"event_name":"Big Fish","floor":3,"gold_loss":0},{"damage_healed":0,"gold_gain":0,"player_choice":"Success","damage_taken":3,"relics_obtained":["Vajra"],"max_hp_gain":0,"max_hp_loss":0,"event_name":"Scrap Ooze","floor":4,"gold_loss":0},{"damage_healed":0,"gold_gain":0,"player_choice":"","damage_taken":8,"max_hp_gain":0,"max_hp_loss":0,"event_name":"Knowing Skull","floor":30,"potions_obtained":[],"gold_loss":0,"cards_obtained":[]},{"damage_healed":0,"gold_gain":0,"player_choice":"Embrace Madness","damage_taken":11,"max_hp_gain":0,"max_hp_loss":0,"event_name":"Winding Halls","floor":38,"gold_loss":0,"cards_obtained":["Madness","Madness"]},{"damage_healed":0,"gold_gain":0,"player_choice":"Fight","damage_taken":0,"max_hp_gain":0,"max_hp_loss":0,"event_name":"MindBloom","floor":47,"gold_loss":0}],"is_beta":false,"boss_relics":[{"not_picked":["Calling Bell","Runic Cube"],"picked":"Sozu"},{"not_picked":["Eternal Feather","Fusion Hammer"],"picked":"Mark of Pain"}],"items_purged_floors":[],"is_endless":false,"potions_floor_spawned":[2,5,7,10,11,21,24,25,29,33,35,39,47],"ascension_level":0}