{"gold_per_floor":[113,188,188,188,31,31,31,31,57,95,114,114,64,103,103,233,233,258,357,357,377,377,408,420,448,460,499,53,69,84,184,184,281,281,294,294,345,355,151,151,177,193,193,219,238,338,176,211,211,211],"floor_reached":51,"playtime":6909,"items_purged":["Strike_G","Strike_G","Strike_G","Strike_G"],"score":1059,"play_id":"e5610654-1628-4924-9120-17cd264e29fb","local_time":"20190302141324","is_ascension_mode":true,"campfire_choices":[{"data":"Footwork","floor":6,"key":"SMITH"},{"data":"Neutralize","floor":8,"key":"SMITH"},{"floor":15,"key":"REST"},{"floor":24,"key":"REST"},{"floor":32,"key":"REST"},{"floor":40,"key":"REST"},{"floor":49,"key":"REST"}],"neow_cost":"NONE","seed_source_timestamp":861522163868733,"circlet_count":0,"master_deck":["Defend_G+1","Defend_G","Defend_G+1","Defend_G+1","Survivor+1","Neutralize+1","Footwork+1","Blade Dance","Noxious Fumes","Caltrops","Die Die Die","Well Laid Plans","Backflip+1","Cloak And Dagger+1","After Image","Cloak And Dagger+1","Flash of Steel","Bandage Up+1","Dramatic Entrance","Footwork","Bouncing Flask+1","Caltrops+1","Cloak And Dagger+1","Backflip+1","Footwork","Leg Sweep+1","Cloak And Dagger+1"],"relics":["Ring of the Snake","Bloody Idol","Vajra","Shuriken","Nunchaku","Fusion Hammer","MawBank","Toxic Egg 2","War Paint","Ginger","White Beast Statue","Smiling Mask","Letter Opener","Molten Egg 2","Art of War","The Specimen","Ninja Scroll"],"potions_floor_usage":[23,23,25,27,42,45,50,50],"damage_taken":[{"damage":1,"enemies":"Jaw Worm","floor":1,"turns":5},{"damage":34,"enemies":"Gremlin Nob","floor":10,"turns":7},{"damage":0,"enemies":"Small Slimes","floor":11,"turns":3},{"damage":20,"enemies":"3 Sentries","floor":14,"turns":8},{"damage":7,"enemies":"The Guardian","floor":16,"turns":13},{"damage":1,"enemies":"3 Byrds","floor":18,"turns":4},{"damage":0,"enemies":"Chosen","floor":21,"turns":6},{"damage":0,"enemies":"Gremlin Leader","floor":23,"turns":6},{"damage":7,"enemies":"Centurion and Healer","floor":25,"turns":8},{"damage":26,"enemies":"Slavers","floor":27,"turns":6},{"damage":0,"enemies":"Sentry and Sphere","floor":29,"turns":6},{"damage":13,"enemies":"Chosen and Byrds","floor":30,"turns":6},{"damage":0,"enemies":"Champ","floor":33,"turns":11},{"damage":0,"enemies":"Orb Walker","floor":35,"turns":5},{"damage":0,"enemies":"3 Shapes","floor":38,"turns":5},{"damage":0,"enemies":"Giant Head","floor":41,"turns":7},{"damage":1,"enemies":"Sphere and 2 Shapes","floor":42,"turns":6},{"damage":29,"enemies":"Nemesis","floor":44,"turns":9},{"damage":12,"enemies":"4 Shapes","floor":45,"turns":5},{"damage":6,"enemies":"Mind Bloom Boss Battle","floor":46,"turns":6},{"damage":28,"enemies":"Reptomancer","floor":48,"turns":6},{"damage":0,"enemies":"Awakened One","floor":50,"turns":11}],"seed_played":"7771095289130031074","potions_obtained":[{"floor":14,"key":"SpeedPotion"},{"floor":16,"key":"Poison Potion"},{"floor":21,"key":"Explosive Potion"},{"floor":25,"key":"Fruit Juice"},{"floor":30,"key":"Fire Potion"},{"floor":35,"key":"FearPotion"},{"floor":38,"key":"Block Potion"},{"floor":41,"key":"LiquidBronze"},{"floor":42,"key":"Dexterity Potion"},{"floor":45,"key":"Weak Potion"},{"floor":46,"key":"GhostInAJar"}],"is_trial":false,"path_per_floor":["M","?","?","?","$","R","?","R","T","E","M","?","?","E","R","B",null,"M","?","?","M","?","E","R","M","T","E","$","M","M","?","R","B",null,"M","?","T","M","$","R","E","M","T","E","M","?","$","E","R","B",null],"character_chosen":"THE_SILENT","items_purchased":["Footwork","Ginger","Backflip+1","Footwork","Bouncing Flask+1","Footwork","Leg Sweep+1"],"campfire_rested":5,"item_purchase_floors":[5,28,28,39,39,47,47],"current_hp_per_floor":[76,65,70,70,70,70,70,70,70,36,36,21,21,1,23,16,76,75,75,75,75,75,76,76,79,81,60,65,70,62,67,81,81,81,81,71,76,81,81,81,81,81,81,57,56,61,61,44,68,74],"gold":211,"neow_bonus":"TEN_PERCENT_HP_BONUS","is_prod":false,"is_daily":false,"chose_seed":false,"campfire_upgraded":2,"win_rate":0,"timestamp":1551532404,"path_taken":["M","?","?","?","$","R","?","R","T","E","M","?","?","E","R","BOSS","M","?","?","M","?","E","R","M","T","E","$","M","M","?","R","BOSS","M","?","?","M","$","R","E","M","T","E","M","?","?","E","R","BOSS"],"build_version":"2019-01-23","purchased_purges":4,"victory":true,"max_hp_per_floor":[77,77,82,76,76,76,76,76,76,76,76,76,76,76,76,76,76,76,76,76,76,76,76,76,81,81,81,81,81,81,81,81,81,81,81,81,81,81,81,81,81,81,81,81,81,81,81,81,81,81],"card_choices":[{"not_picked":["Underhanded Strike","Heel Hook","Masterful Stab"],"picked":"SKIP","floor":1},{"not_picked":["Flying Knee","Setup"],"picked":"Blade Dance","floor":10},{"not_picked":["Backflip","Heel Hook"],"picked":"Noxious Fumes","floor":11},{"not_picked":["Skewer","Flying Knee"],"picked":"Caltrops","floor":14},{"not_picked":["Venomology","Unload"],"picked":"Die Die Die","floor":16},{"not_picked":["Backflip","Sucker Punch+1","Heel Hook+1"],"picked":"SKIP","floor":18},{"not_picked":["Dagger Spray","PiercingWail","Backflip"],"picked":"SKIP","floor":21},{"not_picked":["Phantasmal Killer","Crippling Poison"],"picked":"Well Laid Plans","floor":23},{"not_picked":["Acrobatics","PiercingWail","Dagger Spray"],"picked":"SKIP","floor":25},{"not_picked":["Outmaneuver+1","Prepared+1","Dagger Throw+1"],"picked":"SKIP","floor":27},{"not_picked":["Phantasmal Killer+1","Underhanded Strike"],"picked":"Cloak And Dagger+1","floor":29},{"not_picked":["Flying Knee","Poisoned Stab","Dodge and Roll+1"],"picked":"SKIP","floor":30},{"not_picked":["Envenom","Phantasmal Killer+1"],"picked":"After Image","floor":33},{"not_picked":["Distraction+1","Deflect+1"],"picked":"Cloak And Dagger+1","floor":35},{"not_picked":["Discovery+1","Deep Breath+1"],"picked":"Flash of Steel","floor":36},{"not_picked":["Jack Of All Trades+1","Transmutation+1"],"picked":"Bandage Up+1","floor":36},{"not_picked":["Chrysalis+1","Impatience+1"],"picked":"Dramatic Entrance","floor":36},{"not_picked":["Prepared+1","Sucker Punch+1","Catalyst+1"],"picked":"SKIP","floor":38},{"not_picked":["Calculated Gamble+1","Predator","All Out Attack"],"picked":"SKIP","floor":41},{"not_picked":["Outmaneuver+1","Expertise+1","Prepared+1"],"picked":"SKIP","floor":42},{"not_picked":["Escape Plan+1","PiercingWail+1"],"picked":"Caltrops+1","floor":44},{"not_picked":["Blade Dance+1","Distraction+1"],"picked":"Cloak And Dagger+1","floor":45},{"not_picked":["Dodge and Roll+1","Sucker Punch+1"],"picked":"Backflip+1","floor":46},{"not_picked":["Finisher+1","Distraction+1"],"picked":"Cloak And Dagger+1","floor":48}],"player_experience":745526,"relics_obtained":[{"floor":9,"key":"Vajra"},{"floor":10,"key":"Shuriken"},{"floor":14,"key":"Nunchaku"},{"floor":23,"key":"MawBank"},{"floor":26,"key":"Toxic Egg 2"},{"floor":27,"key":"War Paint"},{"floor":37,"key":"Smiling Mask"},{"floor":41,"key":"Letter Opener"},{"floor":43,"key":"Molten Egg 2"},{"floor":44,"key":"Art of War"},{"floor":46,"key":"The Specimen"},{"floor":48,"key":"Ninja Scroll"}],"event_choices":[{"damage_healed":0,"gold_gain":75,"player_choice":"Gather Gold","damage_taken":11,"max_hp_gain":0,"max_hp_loss":0,"event_name":"World of Goop","floor":2,"gold_loss":0},{"damage_healed":0,"gold_gain":0,"player_choice":"Donut","damage_taken":0,"max_hp_gain":5,"max_hp_loss":0,"event_name":"Big Fish","floor":3,"gold_loss":0},{"damage_healed":0,"gold_gain":0,"player_choice":"Lose Max HP","damage_taken":0,"relics_obtained":["Golden Idol"],"max_hp_gain":0,"max_hp_loss":6,"event_name":"Golden Idol","floor":4,"gold_loss":0},{"cards_removed":["Strike_G"],"damage_healed":0,"gold_gain":0,"player_choice":"Forget","damage_taken":0,"max_hp_gain":0,"max_hp_loss":0,"event_name":"Living Wall","floor":7,"gold_loss":0},{"damage_healed":0,"gold_gain":0,"player_choice":"Entered Light","damage_taken":15,"max_hp_gain":0,"max_hp_loss":0,"event_name":"Shining Light","floor":12,"gold_loss":0,"cards_upgraded":["Defend_G","Defend_G"]},{"cards_removed":["Defend_G"],"damage_healed":0,"gold_gain":0,"player_choice":"Card Removal","damage_taken":0,"max_hp_gain":0,"max_hp_loss":0,"event_name":"The Cleric","floor":13,"gold_loss":50},{"damage_healed":0,"gold_gain":99,"player_choice":"Stole From Cult","damage_taken":0,"max_hp_gain":0,"max_hp_loss":0,"event_name":"Nest","floor":19,"gold_loss":0},{"damage_healed":0,"gold_gain":0,"player_choice":"Ignored","damage_taken":0,"max_hp_gain":0,"max_hp_loss":0,"event_name":"Vampires","floor":20,"gold_loss":0},{"damage_healed":0,"gold_gain":0,"player_choice":"Gave Idol","damage_taken":0,"relics_obtained":["Bloody Idol"],"max_hp_gain":0,"max_hp_loss":0,"event_name":"Forgotten Altar","floor":22,"relics_lost":["Golden Idol"],"gold_loss":0},{"damage_healed":0,"gold_gain":100,"player_choice":"Pray","damage_taken":0,"max_hp_gain":0,"max_hp_loss":0,"event_name":"Golden Shrine","floor":31,"gold_loss":0},{"damage_healed":0,"gold_gain":0,"player_choice":"Memory 3","damage_taken":10,"max_hp_gain":0,"max_hp_loss":0,"event_name":"SensoryStone","floor":36,"gold_loss":0},{"damage_healed":0,"gold_gain":0,"player_choice":"Fight","damage_taken":0,"max_hp_gain":0,"max_hp_loss":0,"event_name":"MindBloom","floor":46,"gold_loss":0}],"is_beta":false,"boss_relics":[{"not_picked":["Velvet Choker","HoveringKite"],"picked":"Fusion Hammer"},{"not_picked":["Eternal Feather","Runic Dome"],"picked":"White Beast Statue"}],"items_purged_floors":[5,28,39,47],"is_endless":false,"potions_floor_spawned":[14,16,21,25,30,35,38,41,42,44,45,46,48],"ascension_level":3}