{"gold_per_floor":[147,165,247,258,270,270,270,304,327,357,370,389,419,436,436,536,536,547,559,559,577,591,591,616,616,616,616,616,631,631,35,35,35],"floor_reached":33,"playtime":1329,"items_purged":[],"score":359,"play_id":"585cdd86-2e3e-4b5e-baf1-69b0de243c7b","local_time":"20190425212037","is_ascension_mode":true,"campfire_choices":[{"floor":6,"key":"REST"},{"floor":15,"key":"REST"},{"floor":23,"key":"REST"},{"data":"Zap","floor":25,"key":"SMITH"},{"data":"Biased Cognition","floor":30,"key":"SMITH"},{"data":"Chaos","floor":32,"key":"SMITH"}],"neow_cost":"NONE","seed_source_timestamp":11652366439904,"circlet_count":0,"master_deck":["Defend_B+1","Defend_B+1","Defend_B","Defend_B","Zap+1","Dualcast","Ball Lightning","Melter","Reprogram","Sweeping Beam","Undo","Core Surge+1","Gash+1","Conserve Battery","Go for the Eyes+1","Biased Cognition+1","Cold Snap+1","Coolheaded","Leap","Chaos+1","Conserve Battery","Turbo","Bite+1","Bite+1","Bite+1","Bite+1","Bite+1","Coolheaded","Electrodynamics"],"relics":["Cracked Core","Tiny Chest","Sundial","Pear","Molten Egg 2","Bag of Preparation","PreservedInsect","Cables","Nuclear Battery","Gremlin Horn","Oddly Smooth Stone","Bottled Flame","Nunchaku","War Paint"],"potions_floor_usage":[10,14,24,24],"damage_taken":[{"damage":1,"enemies":"Cultist","floor":1,"turns":3},{"damage":2,"enemies":"Small Slimes","floor":2,"turns":3},{"damage":7,"enemies":"Jaw Worm","floor":4,"turns":2},{"damage":29,"enemies":"Exordium Wildlife","floor":5,"turns":4},{"damage":36,"enemies":"Gremlin Nob","floor":8,"turns":4},{"damage":5,"enemies":"Lagavulin","floor":10,"turns":4},{"damage":20,"enemies":"Large Slime","floor":11,"turns":4},{"damage":4,"enemies":"Exordium Thugs","floor":12,"turns":5},{"damage":10,"enemies":"Exordium Wildlife","floor":14,"turns":3},{"damage":20,"enemies":"Hexaghost","floor":16,"turns":9},{"damage":16,"enemies":"Shell Parasite","floor":18,"turns":4},{"damage":6,"enemies":"Spheric Guardian","floor":19,"turns":3},{"damage":52,"enemies":"Cultist and Chosen","floor":21,"turns":10},{"damage":0,"enemies":"Sentry and Sphere","floor":22,"turns":3},{"damage":0,"enemies":"Slavers","floor":24,"turns":1},{"damage":0,"enemies":"Centurion and Healer","floor":29,"turns":4},{"damage":78,"enemies":"Champ","floor":33,"turns":12}],"seed_played":"-5276789715304639448","potions_obtained":[{"floor":5,"key":"FairyPotion"},{"floor":8,"key":"Strength Potion"},{"floor":11,"key":"SpeedPotion"},{"floor":12,"key":"Ancient Potion"},{"floor":16,"key":"LiquidBronze"},{"floor":18,"key":"GamblersBrew"},{"floor":21,"key":"PowerPotion"}],"is_trial":false,"path_per_floor":["T","M","T","M","?","?","T","?"],"character_chosen":"DEFECT","items_purchased":["Electrodynamics","Nunchaku","War Paint"],"campfire_rested":3,"item_purchase_floors":[31,31,31],"current_hp_per_floor":[74,72,72,65,36,58,68,32,32,27,7,3,3,8,33,13,85,69,63,63,11,11,36,36,36,36,36,36,42,42,42,42,0],"gold":35,"neow_bonus":"RANDOM_COMMON_RELIC","is_prod":false,"is_daily":false,"chose_seed":false,"campfire_upgraded":3,"win_rate":0,"timestamp":1556202037,"path_taken":["M","M","?","?","M","R","?","E","T","E","M","?","?","M","R","BOSS","M","M","?","M","M","R","E","R","T","?","?","M","R","$","R","BOSS"],"build_version":"2019-01-23","purchased_purges":0,"victory":false,"max_hp_per_floor":[75,75,75,75,75,75,85,85,85,85,85,85,85,85,85,85,85,85,85,85,85,85,85,85,85,85,85,59,59,59,59,59,59],"card_choices":[{"not_picked":["Redo","Steam"],"picked":"Ball Lightning","floor":1},{"not_picked":["Loop","Compile Driver"],"picked":"Melter","floor":2},{"not_picked":["Gash","Steam"],"picked":"Reprogram","floor":4},{"not_picked":["Darkness","Hologram"],"picked":"Sweeping Beam","floor":5},{"not_picked":["Beam Cell","Streamline"],"picked":"Undo","floor":8},{"not_picked":["Consume","Hologram"],"picked":"Core Surge+1","floor":10},{"not_picked":["Redo","Stack"],"picked":"Gash+1","floor":11},{"not_picked":["Scrape+1","Barrage+1"],"picked":"Conserve Battery","floor":12},{"not_picked":["Steam Power","Force Field"],"picked":"Go for the Eyes+1","floor":14},{"not_picked":["Hyperbeam+1","Multi-Cast"],"picked":"Biased Cognition","floor":16},{"not_picked":["Stack+1","Ball Lightning+1"],"picked":"Cold Snap+1","floor":18},{"not_picked":["Streamline+1","Barrage+1"],"picked":"Coolheaded","floor":19},{"not_picked":["Cold Snap+1","Leap"],"picked":"Conserve Battery","floor":21},{"not_picked":["Biased Cognition","Redo"],"picked":"Turbo","floor":22},{"not_picked":["Steam Power","Go for the Eyes+1","Rebound+1"],"picked":"SKIP","floor":24},{"not_picked":["Compile Driver+1","Ball Lightning+1"],"picked":"Coolheaded","floor":29}],"player_experience":44584,"relics_obtained":[{"floor":3,"key":"Sundial"},{"floor":7,"key":"Pear"},{"floor":8,"key":"Molten Egg 2"},{"floor":9,"key":"Bag of Preparation"},{"floor":10,"key":"PreservedInsect"},{"floor":24,"key":"Gremlin Horn"},{"floor":26,"key":"Oddly Smooth Stone"},{"floor":27,"key":"Bottled Flame"}],"event_choices":[{"damage_healed":0,"gold_gain":30,"player_choice":"Searched \u00272\u0027 times","damage_taken":0,"relics_obtained":["Cables"],"max_hp_gain":0,"max_hp_loss":0,"event_name":"Dead Adventurer","floor":13,"gold_loss":0},{"damage_healed":0,"gold_gain":0,"cards_transformed":["Strike_B","Strike_B"],"player_choice":"Became Test Subject","damage_taken":0,"max_hp_gain":0,"max_hp_loss":0,"event_name":"Drug Dealer","floor":20,"gold_loss":0,"cards_obtained":["Leap","Chaos"]},{"damage_healed":0,"gold_gain":0,"player_choice":"Became a vampire","damage_taken":0,"max_hp_gain":0,"max_hp_loss":26,"event_name":"Vampires","floor":28,"gold_loss":0,"cards_obtained":["Bite","Bite","Bite","Bite","Bite"]}],"is_beta":false,"boss_relics":[{"not_picked":["White Beast Statue","Velvet Choker"],"picked":"Nuclear Battery"}],"items_purged_floors":[],"is_endless":false,"potions_floor_spawned":[5,8,11,12,16,18,21],"killed_by":"Champ","ascension_level":2}