{"gold_per_floor":[112,112,112,126,4,43,57,57,57,95,45,70,93,128,128,252,252,276,276,53,76,94,132,132,148,194,227,227,227,10,26,26,155,155,169,169,193,213,237,237,237,255,327,346,346,366,491,66,66,66,66,66,15,50,50],"floor_reached":55,"playtime":6646,"items_purged":["Strike_B","Strike_B"],"score":729,"play_id":"defbc7f9-777f-4046-bdc9-29ed8d080689","local_time":"20190412162038","is_ascension_mode":false,"campfire_choices":[{"data":"Zap","floor":8,"key":"SMITH"},{"data":"Defragment","floor":15,"key":"SMITH"},{"data":"Biased Cognition","floor":24,"key":"SMITH"},{"data":"Defragment","floor":29,"key":"SMITH"},{"data":"Apotheosis","floor":32,"key":"SMITH"},{"data":"Creative AI","floor":40,"key":"SMITH"},{"floor":45,"key":"RECALL"},{"data":"Heatsinks","floor":49,"key":"SMITH"},{"data":"Dualcast","floor":52,"key":"SMITH"}],"neow_cost":"NONE","seed_source_timestamp":100340535893359,"circlet_count":0,"master_deck":["Defend_B","Defend_B","Defend_B","Zap+1","Dualcast+1","Glacier","Cold Snap","Barrage","Hologram","Genetic Algorithm","Coolheaded","Defragment+1","Darkness","Echo Form+1","Sweeping Beam","Sunder","Capacitor","Undo","Biased Cognition+1","Defragment+1","Go for the Eyes","Apotheosis+1","Undo","Conserve Battery","Creative AI+1","Self Repair","Chill","Ball Lightning+1","Compile Driver+1","Turbo","Heatsinks+1","Static Discharge"],"relics":["Cracked Core","PreservedInsect","Golden Idol","Meat on the Bone","Question Card","Letter Opener","Oddly Smooth Stone","Sundial","Nuclear Battery","Kunai","Bag of Marbles","Dodecahedron","Empty Cage","Prayer Wheel","Bottled Tornado","Bag of Preparation","Du-Vu Doll"],"potions_floor_usage":[10,14,22,27,27,33,54,54,55,55,55,55],"damage_taken":[{"damage":1,"enemies":"Jaw Worm","floor":1,"turns":3},{"damage":0,"enemies":"2 Louse","floor":4,"turns":3},{"damage":6,"enemies":"Gremlin Nob","floor":6,"turns":3},{"damage":0,"enemies":"Small Slimes","floor":7,"turns":3},{"damage":6,"enemies":"3 Sentries","floor":10,"turns":5},{"damage":5,"enemies":"Gremlin Gang","floor":12,"turns":5},{"damage":4,"enemies":"Lots of Slimes","floor":13,"turns":3},{"damage":2,"enemies":"Gremlin Nob","floor":14,"turns":3},{"damage":5,"enemies":"Slime Boss","floor":16,"turns":13},{"damage":0,"enemies":"Shell Parasite","floor":18,"turns":7},{"damage":0,"enemies":"Spheric Guardian","floor":21,"turns":3},{"damage":1,"enemies":"Chosen and Byrds","floor":22,"turns":6},{"damage":11,"enemies":"Book of Stabbing","floor":23,"turns":5},{"damage":7,"enemies":"Snecko","floor":25,"turns":5},{"damage":6,"enemies":"Slavers","floor":27,"turns":3},{"damage":0,"enemies":"Sentry and Sphere","floor":31,"turns":6},{"damage":17,"enemies":"Collector","floor":33,"turns":8},{"damage":0,"enemies":"Orb Walker","floor":35,"turns":4},{"damage":3,"enemies":"3 Shapes","floor":37,"turns":6},{"damage":33,"enemies":"Sphere and 2 Shapes","floor":38,"turns":8},{"damage":9,"enemies":"4 Shapes","floor":39,"turns":8},{"damage":27,"enemies":"Spire Growth","floor":42,"turns":5},{"damage":0,"enemies":"Jaw Worm Horde","floor":44,"turns":8},{"damage":0,"enemies":"Maw","floor":46,"turns":8},{"damage":10,"enemies":"Mind Bloom Boss Battle","floor":47,"turns":9},{"damage":48,"enemies":"Donu and Deca","floor":50,"turns":11},{"damage":0,"enemies":"Shield and Spear","floor":54,"turns":7},{"damage":70,"enemies":"The Heart","floor":55,"turns":12}],"seed_played":"155777729600859801","potions_obtained":[{"floor":1,"key":"Poison Potion"},{"floor":6,"key":"SkillPotion"},{"floor":10,"key":"Explosive Potion"},{"floor":14,"key":"SneckoOil"},{"floor":18,"key":"EssenceOfSteel"},{"floor":23,"key":"Block Potion"},{"floor":25,"key":"Dexterity Potion"},{"floor":28,"key":"FocusPotion"},{"floor":28,"key":"Block Potion"},{"floor":28,"key":"Weak Potion"},{"floor":33,"key":"Block Potion"},{"floor":44,"key":"EntropicBrew"}],"is_trial":false,"path_per_floor":["?","T","?","?","M","M","?","$","M","?","?","?"],"character_chosen":"DEFECT","items_purchased":["Barrage","AttackPotion","Sunder","Apotheosis","Undo","Bottled Tornado","Bag of Preparation","Heatsinks","PowerPotion"],"campfire_rested":0,"item_purchase_floors":[5,20,20,30,30,48,48,48,53],"current_hp_per_floor":[74,69,69,69,69,63,63,63,63,57,57,52,48,46,46,41,69,69,69,69,69,68,57,57,50,50,44,44,44,44,44,44,39,69,69,66,63,52,63,63,63,36,36,46,46,66,63,63,63,34,66,66,66,66,0],"gold":50,"neow_bonus":"RANDOM_COMMON_RELIC","is_prod":false,"is_daily":false,"chose_seed":false,"campfire_upgraded":8,"win_rate":0,"timestamp":1555060838,"path_taken":["M","?","?","M","$","E","M","R","T","E","?","M","M","E","R","BOSS","M","?","$","?","?","E","R","M","T","E","?","R","?","?","R","BOSS","M","?","M","M","M","R","?","M","T","M","R","M","?","$","R","BOSS","R","$","E","BOSS"],"build_version":"2019-01-23","purchased_purges":2,"victory":false,"max_hp_per_floor":[75,69,69,69,69,69,69,69,69,69,69,69,69,69,69,69,69,69,69,69,69,69,69,69,69,69,69,69,69,69,69,69,69,69,69,66,66,66,66,66,66,66,66,66,66,66,66,66,66,66,66,66,66,66,66],"card_choices":[{"not_picked":["Static Discharge","Conserve Battery"],"picked":"Glacier","floor":1},{"not_picked":["Go for the Eyes","Steam"],"picked":"Cold Snap","floor":4},{"not_picked":["Reprogram","Barrage"],"picked":"Hologram","floor":6},{"not_picked":["Hologram","Double Energy","Force Field"],"picked":"Genetic Algorithm","floor":7},{"not_picked":["Gash","Hologram","Machine Learning"],"picked":"Coolheaded","floor":10},{"not_picked":["BootSequence","Lockon","Chaos","Beam Cell"],"picked":"SKIP","floor":12},{"not_picked":["Cold Snap","Rebound","Skim"],"picked":"Defragment","floor":13},{"not_picked":["Conserve Battery","Force Field","Rebound"],"picked":"Darkness","floor":14},{"not_picked":["Multi-Cast","Amplify","Fission"],"picked":"Echo Form","floor":16},{"not_picked":["Coolheaded","Streamline","FTL"],"picked":"Sweeping Beam","floor":18},{"not_picked":["Steam","Go for the Eyes+1","White Noise"],"picked":"Capacitor","floor":21},{"not_picked":["Melter","Rebound","Storm"],"picked":"Undo","floor":22},{"not_picked":["Beam Cell","Redo","Streamline+1"],"picked":"Biased Cognition","floor":23},{"not_picked":["Stack+1","Coolheaded+1","Compile Driver+1"],"picked":"Defragment","floor":25},{"not_picked":["Skim","Melter","Steam"],"picked":"Go for the Eyes","floor":27},{"not_picked":["Skim","Barrage","Go for the Eyes"],"picked":"Conserve Battery","floor":31},{"not_picked":["All For One","Fission","Meteor Strike"],"picked":"Creative AI","floor":33},{"not_picked":["Steam","Leap","Double Energy+1","Sweeping Beam+1"],"picked":"SKIP","floor":35},{"not_picked":["Stack","Conserve Battery","Tempest+1"],"picked":"Self Repair","floor":37},{"not_picked":["Streamline+1","Compile Driver","Amplify","Stack"],"picked":"SKIP","floor":38},{"not_picked":["Rip and Tear+1","Steam+1","Reinforced Body"],"picked":"Chill","floor":39},{"not_picked":["Barrage","Gash+1","Cold Snap"],"picked":"Ball Lightning+1","floor":42},{"not_picked":["FTL+1","Stack+1","Hello World+1"],"picked":"Compile Driver+1","floor":44},{"not_picked":["Redo","Sweeping Beam","Ball Lightning","Gash+1"],"picked":"SKIP","floor":46},{"not_picked":["Compile Driver+1","Auto Shields+1","Aggregate+1"],"picked":"Turbo","floor":47},{"not_picked":["FTL","Conserve Battery","Self Repair+1"],"picked":"Static Discharge","floor":54}],"player_experience":14914,"relics_obtained":[{"floor":3,"key":"Meat on the Bone"},{"floor":6,"key":"Question Card"},{"floor":9,"key":"Letter Opener"},{"floor":10,"key":"Oddly Smooth Stone"},{"floor":14,"key":"Sundial"},{"floor":23,"key":"Kunai"},{"floor":26,"key":"Bag of Marbles"},{"floor":27,"key":"Dodecahedron"},{"floor":47,"key":"Prayer Wheel"},{"floor":54,"key":"Du-Vu Doll"}],"event_choices":[{"damage_healed":0,"gold_gain":0,"player_choice":"Lose Max HP","damage_taken":0,"relics_obtained":["Golden Idol"],"max_hp_gain":0,"max_hp_loss":6,"event_name":"Golden Idol","floor":2,"gold_loss":0},{"cards_removed":["Strike_B"],"damage_healed":0,"gold_gain":0,"player_choice":"Card Removal","damage_taken":0,"max_hp_gain":0,"max_hp_loss":0,"event_name":"The Cleric","floor":11,"gold_loss":50},{"damage_healed":0,"gold_gain":0,"player_choice":"Upgraded","damage_taken":0,"max_hp_gain":0,"max_hp_loss":0,"event_name":"Upgrade Shrine","floor":19,"gold_loss":0,"cards_upgraded":["Echo Form"]},{"damage_healed":0,"gold_gain":0,"player_choice":"Got Potions","damage_taken":0,"max_hp_gain":0,"max_hp_loss":0,"event_name":"Lab","floor":28,"gold_loss":0},{"damage_healed":0,"gold_gain":0,"player_choice":"Max HP","damage_taken":0,"max_hp_gain":0,"max_hp_loss":3,"event_name":"Winding Halls","floor":36,"gold_loss":0},{"damage_healed":0,"gold_gain":0,"player_choice":"Ignored","damage_taken":0,"max_hp_gain":0,"max_hp_loss":0,"event_name":"Tomb of Lord Red Mask","floor":41,"gold_loss":0},{"damage_healed":0,"gold_gain":0,"player_choice":"Fight","damage_taken":0,"max_hp_gain":0,"max_hp_loss":0,"event_name":"MindBloom","floor":47,"gold_loss":0}],"is_beta":false,"boss_relics":[{"not_picked":["Fusion Hammer","Snecko Eye"],"picked":"Nuclear Battery"},{"not_picked":["Calling Bell","Velvet Choker"],"picked":"Empty Cage"}],"items_purged_floors":[5,20],"is_endless":false,"potions_floor_spawned":[1,6,10,14,18,23,25,31,33,39,44,46,47],"killed_by":"The Heart","ascension_level":0}