{"gold_per_floor":[116,116,130,130,130,159,159,159,186,186,212,224,224,258,258,382,382,395,410,410,410,335,335,364,375,402,32,32,32,69,69,69,173,173,183,3,33,133,169,169,200,200,200,233,60,60,105,121,121,121],"floor_reached":51,"playtime":4691,"items_purged":["Writhe","Injury"],"score":709,"play_id":"739df0e5-79b0-4cbe-a8c7-34fdf96d10e6","local_time":"20190402121501","is_ascension_mode":false,"campfire_choices":[{"floor":10,"key":"REST"},{"floor":15,"key":"REST"},{"floor":23,"key":"REST"},{"floor":32,"key":"REST"},{"floor":40,"key":"REST"},{"data":"Limit Break","floor":46,"key":"SMITH"},{"data":"Double Tap","floor":49,"key":"SMITH"}],"neow_cost":"NONE","seed_source_timestamp":398817588878239,"circlet_count":0,"master_deck":["Strike_R","Strike_R","Strike_R","Strike_R","Defend_R","Defend_R","Defend_R","Bash","Demon Form+1","Shrug It Off","Heavy Blade","Clothesline","Shockwave","Cleave","Flex","Limit Break+1","Warcry","Inflame","Necronomicurse","Rage","HandOfGreed","J.A.X.","Clash+1","Clash+1","Thinking Ahead","Flex","Flame Barrier+1","Searing Blow","Double Tap+1","Flex+1","Headbutt+1"],"relics":["Burning Blood","Bottled Flame","Regal Pillow","Juzu Bracelet","Anchor","Shuriken","Bloody Idol","Potion Belt","Cursed Key","Necronomicon","WingedGreaves","Dream Catcher","Mark of Pain","Unceasing Top","Lantern","Bag of Preparation","Thread and Needle"],"potions_floor_usage":[6,16,24,33,33,50,50],"damage_taken":[{"damage":3,"enemies":"Small Slimes","floor":1,"turns":3},{"damage":17,"enemies":"Jaw Worm","floor":3,"turns":5},{"damage":16,"enemies":"Gremlin Nob","floor":6,"turns":4},{"damage":13,"enemies":"Lagavulin","floor":11,"turns":5},{"damage":0,"enemies":"2 Louse","floor":12,"turns":2},{"damage":27,"enemies":"Gremlin Nob","floor":14,"turns":5},{"damage":28,"enemies":"Slime Boss","floor":16,"turns":9},{"damage":10,"enemies":"Chosen","floor":18,"turns":5},{"damage":22,"enemies":"Spheric Guardian","floor":19,"turns":4},{"damage":29,"enemies":"Gremlin Leader","floor":24,"turns":5},{"damage":21,"enemies":"Snake Plant","floor":25,"turns":4},{"damage":22,"enemies":"Shelled Parasite and Fungi","floor":30,"turns":6},{"damage":26,"enemies":"Automaton","floor":33,"turns":6},{"damage":15,"enemies":"3 Shapes","floor":35,"turns":3},{"damage":0,"enemies":"Orb Walker","floor":37,"turns":2},{"damage":15,"enemies":"Mind Bloom Boss Battle","floor":38,"turns":5},{"damage":38,"enemies":"Maw","floor":39,"turns":6},{"damage":10,"enemies":"Giant Head","floor":41,"turns":5},{"damage":19,"enemies":"4 Shapes","floor":44,"turns":6},{"damage":7,"enemies":"2 Orb Walkers","floor":47,"turns":3},{"damage":17,"enemies":"Transient","floor":48,"turns":5},{"damage":73,"enemies":"Awakened One","floor":50,"turns":7}],"seed_played":"-6969757076780327022","potions_obtained":[{"floor":3,"key":"Regen Potion"},{"floor":6,"key":"FairyPotion"},{"floor":12,"key":"Energy Potion"},{"floor":16,"key":"AttackPotion"},{"floor":19,"key":"Strength Potion"},{"floor":24,"key":"FearPotion"},{"floor":35,"key":"SpeedPotion"},{"floor":44,"key":"Explosive Potion"}],"is_trial":false,"path_per_floor":["M","?","M","T","?","E","?","?","T","R","E","M","?","E","R","B",null,"M","M","?","?","?","R","E","M","T","$","?","?","M","?","R","B",null,"M","$","M","?","M","R","E","?","T","M","$","R","?","M","R","B",null],"character_chosen":"IRONCLAD","items_purchased":["HandOfGreed","Block Potion","SkillPotion","Thinking Ahead","Double Tap"],"campfire_rested":5,"item_purchase_floors":[27,27,27,36,45],"current_hp_per_floor":[80,80,69,69,57,59,43,43,43,80,73,79,74,53,74,52,74,70,54,38,38,38,74,56,46,51,51,51,51,45,45,74,59,74,70,70,74,70,48,74,74,74,74,71,71,71,74,68,68,13],"gold":121,"neow_bonus":"TRANSFORM_CARD","is_prod":false,"is_daily":false,"chose_seed":false,"campfire_upgraded":2,"win_rate":0.0,"timestamp":1554221701,"path_taken":["M","?","M","?","?","E","?","?","T","R","E","M","?","E","R","BOSS","M","M","?","?","?","R","E","M","T","$","?","?","M","?","R","BOSS","M","$","M","?","M","R","E","?","T","M","$","R","?","M","R","BOSS"],"build_version":"2019-01-23","purchased_purges":2,"victory":true,"max_hp_per_floor":[80,80,80,80,80,80,80,80,80,80,80,80,74,74,74,74,74,74,74,74,74,74,74,74,74,74,74,74,74,74,74,74,74,74,74,74,74,74,74,74,74,74,74,74,74,74,74,74,74,74],"card_choices":[{"not_picked":["True Grit","Burning Pact"],"picked":"Shrug It Off","floor":1},{"not_picked":["Flex","Shrug It Off"],"picked":"Heavy Blade","floor":3},{"not_picked":["Flame Barrier","Power Through"],"picked":"Clothesline","floor":6},{"not_picked":["Ghostly Armor","Clothesline"],"picked":"Shockwave","floor":11},{"not_picked":["Clothesline","Armaments"],"picked":"Cleave","floor":12},{"not_picked":["Rampage","Power Through"],"picked":"Flex","floor":14},{"not_picked":["Demon Form","Barricade"],"picked":"Limit Break","floor":16},{"not_picked":["True Grit","Thunderclap"],"picked":"Warcry","floor":18},{"not_picked":["Iron Wave","True Grit"],"picked":"Inflame","floor":19},{"not_picked":["Armaments","Sever Soul"],"picked":"Rage","floor":24},{"not_picked":["Pommel Strike","Thunderclap","Sword Boomerang"],"picked":"SKIP","floor":25},{"not_picked":["Sword Boomerang","Shrug It Off"],"picked":"Clash+1","floor":30},{"not_picked":["Perfected Strike+1","Blood for Blood"],"picked":"Clash+1","floor":35},{"not_picked":["True Grit+1","Sword Boomerang"],"picked":"Flex","floor":37},{"not_picked":["Warcry+1","Power Through+1","Feel No Pain"],"picked":"SKIP","floor":39},{"not_picked":["Twin Strike","Clash"],"picked":"Flame Barrier+1","floor":41},{"not_picked":["Armaments+1","Second Wind"],"picked":"Searing Blow","floor":44},{"not_picked":["Fire Breathing+1","Disarm+1"],"picked":"Flex+1","floor":47},{"not_picked":["Shrug It Off","Armaments+1"],"picked":"Headbutt+1","floor":48}],"player_experience":6747,"relics_obtained":[{"floor":4,"key":"Bottled Flame"},{"floor":6,"key":"Juzu Bracelet"},{"floor":9,"key":"Anchor"},{"floor":11,"key":"Shuriken"},{"floor":14,"key":"Potion Belt"},{"floor":20,"key":"Necronomicon"},{"floor":24,"key":"WingedGreaves"},{"floor":26,"key":"Dream Catcher"},{"floor":38,"key":"Unceasing Top"},{"floor":41,"key":"Lantern"},{"floor":43,"key":"Bag of Preparation"},{"floor":47,"key":"Thread and Needle"}],"event_choices":[{"damage_healed":0,"gold_gain":0,"cards_transformed":["Strike_R"],"player_choice":"Change","damage_taken":0,"max_hp_gain":0,"max_hp_loss":0,"event_name":"Living Wall","floor":2,"gold_loss":0,"cards_obtained":["Dark Embrace"]},{"damage_healed":0,"gold_gain":0,"player_choice":"Success","damage_taken":12,"relics_obtained":["Regal Pillow"],"max_hp_gain":0,"max_hp_loss":0,"event_name":"Scrap Ooze","floor":5,"gold_loss":0},{"damage_healed":0,"gold_gain":0,"player_choice":"Entered Light","damage_taken":16,"max_hp_gain":0,"max_hp_loss":0,"event_name":"Shining Light","floor":7,"gold_loss":0,"cards_upgraded":["Dark Embrace","Demon Form"]},{"damage_healed":0,"gold_gain":0,"player_choice":"Ignored","damage_taken":0,"max_hp_gain":0,"max_hp_loss":0,"event_name":"Liars Game","floor":8,"gold_loss":0},{"damage_healed":0,"gold_gain":0,"player_choice":"Lose Max HP","damage_taken":0,"relics_obtained":["Golden Idol"],"max_hp_gain":0,"max_hp_loss":6,"event_name":"Golden Idol","floor":13,"gold_loss":0},{"damage_healed":0,"gold_gain":0,"player_choice":"Obtained Book","damage_taken":16,"max_hp_gain":0,"max_hp_loss":0,"event_name":"Cursed Tome","floor":20,"gold_loss":0},{"damage_healed":0,"gold_gain":0,"player_choice":"Gave Idol","damage_taken":0,"relics_obtained":["Bloody Idol"],"max_hp_gain":0,"max_hp_loss":0,"event_name":"Forgotten Altar","floor":21,"relics_lost":["Golden Idol"],"gold_loss":0},{"cards_removed":["Dark Embrace"],"damage_healed":0,"gold_gain":0,"player_choice":"Gave Gold","damage_taken":0,"max_hp_gain":0,"max_hp_loss":0,"event_name":"Beggar","floor":22,"gold_loss":75},{"damage_healed":0,"gold_gain":0,"player_choice":"Ignored","damage_taken":0,"max_hp_gain":0,"max_hp_loss":0,"event_name":"Ghosts","floor":28,"gold_loss":0},{"damage_healed":0,"gold_gain":0,"player_choice":"Obtain J.A.X.","damage_taken":0,"max_hp_gain":0,"max_hp_loss":0,"event_name":"Drug Dealer","floor":29,"gold_loss":0,"cards_obtained":["J.A.X."]},{"damage_healed":0,"gold_gain":0,"player_choice":"Ignored","damage_taken":0,"max_hp_gain":0,"max_hp_loss":0,"event_name":"Golden Shrine","floor":31,"gold_loss":0},{"damage_healed":0,"gold_gain":0,"player_choice":"Fight","damage_taken":0,"max_hp_gain":0,"max_hp_loss":0,"event_name":"MindBloom","floor":38,"gold_loss":0},{"damage_healed":0,"gold_gain":0,"player_choice":"Ignored","damage_taken":0,"max_hp_gain":0,"max_hp_loss":0,"event_name":"Tomb of Lord Red Mask","floor":42,"gold_loss":0},{"damage_healed":0,"gold_gain":0,"player_choice":"Fight","damage_taken":0,"max_hp_gain":0,"max_hp_loss":0,"event_name":"Mysterious Sphere","floor":47,"gold_loss":0}],"is_beta":false,"boss_relics":[{"not_picked":["Sozu","Eternal Feather"],"picked":"Cursed Key"},{"not_picked":["Runic Cube","Black Star"],"picked":"Mark of Pain"}],"items_purged_floors":[27,45],"is_endless":false,"potions_floor_spawned":[3,6,12,16,19,24,30,35,44,47],"ascension_level":0}