{"gold_per_floor":[111,111,122,139,69,394,410,410,410,410,428,445,445,461,461,461],"floor_reached":16,"playtime":770,"items_purged":[],"score":104,"play_id":"2b373953-7d9d-4928-8605-9d5075fc7d71","local_time":"20190415134858","is_ascension_mode":false,"campfire_choices":[{"floor":10,"key":"REST"},{"floor":15,"key":"REST"}],"neow_cost":"NONE","seed_source_timestamp":60927609183300,"circlet_count":0,"master_deck":["Defend_G","Defend_G","Defend_G","Defend_G","Defend_G","Strike_G","Strike_G","Strike_G","Strike_G","Survivor","Neutralize","Crippling Poison","Poisoned Stab","Footwork","Catalyst","Crippling Poison","Noxious Fumes","Flying Knee","Skewer"],"relics":["Ring of the Snake","NeowsBlessing","Old Coin","Blue Candle","Gremlin Horn"],"potions_floor_usage":[16],"damage_taken":[{"damage":0,"enemies":"2 Louse","floor":1,"turns":1},{"damage":0,"enemies":"Jaw Worm","floor":3,"turns":1},{"damage":0,"enemies":"Cultist","floor":4,"turns":1},{"damage":30,"enemies":"3 Sentries","floor":6,"turns":17},{"damage":18,"enemies":"Large Slime","floor":7,"turns":8},{"damage":7,"enemies":"Looter","floor":11,"turns":3},{"damage":0,"enemies":"2 Fungi Beasts","floor":12,"turns":3},{"damage":14,"enemies":"Large Slime","floor":14,"turns":5},{"damage":38,"enemies":"Slime Boss","floor":16,"turns":10}],"seed_played":"7234335284972112804","potions_obtained":[{"floor":3,"key":"SkillPotion"},{"floor":6,"key":"SkillPotion"},{"floor":12,"key":"SteroidPotion"},{"floor":14,"key":"Weak Potion"}],"is_trial":false,"path_per_floor":["M","?","M","M","$","E","M","?","T","R","M","M","?","M","R","B"],"character_chosen":"THE_SILENT","items_purchased":["Catalyst"],"campfire_rested":2,"item_purchase_floors":[5],"current_hp_per_floor":[70,63,63,63,63,33,15,15,15,36,29,29,29,15,36,0],"gold":461,"neow_bonus":"THREE_ENEMY_KILL","is_prod":false,"is_daily":false,"chose_seed":false,"campfire_upgraded":0,"win_rate":0,"timestamp":1555350538,"path_taken":["M","?","M","M","$","E","M","?","T","R","M","?","?","M","R","BOSS"],"build_version":"2019-01-23","purchased_purges":0,"victory":false,"max_hp_per_floor":[70,70,70,70,70,70,70,70,70,70,70,70,70,70,70,70],"card_choices":[{"not_picked":["Slice","Sucker Punch"],"picked":"Crippling Poison","floor":1},{"not_picked":["Sucker Punch","Underhanded Strike"],"picked":"Poisoned Stab","floor":3},{"not_picked":["Outmaneuver","Acrobatics"],"picked":"Footwork","floor":4},{"not_picked":["Endless Agony","Poisoned Stab"],"picked":"Crippling Poison","floor":6},{"not_picked":["Blade Dance","Dodge and Roll"],"picked":"Noxious Fumes","floor":7},{"not_picked":["Bane","Outmaneuver"],"picked":"Flying Knee","floor":11},{"not_picked":["Night Terror","Quick Slash"],"picked":"Skewer","floor":12},{"not_picked":["Quick Slash","Slice","Accuracy"],"picked":"SKIP","floor":14}],"player_experience":153761,"relics_obtained":[{"floor":6,"key":"Old Coin"},{"floor":9,"key":"Gremlin Horn"}],"event_choices":[{"cards_removed":["Strike_G"],"damage_healed":0,"gold_gain":0,"player_choice":"Card Removal","damage_taken":7,"max_hp_gain":0,"max_hp_loss":0,"event_name":"Golden Wing","floor":2,"gold_loss":0},{"damage_healed":0,"gold_gain":0,"player_choice":"Gave Potion","damage_taken":0,"relics_obtained":["Blue Candle"],"max_hp_gain":0,"max_hp_loss":0,"event_name":"WeMeetAgain","floor":8,"gold_loss":0},{"damage_healed":0,"gold_gain":0,"player_choice":"Ignored","damage_taken":0,"max_hp_gain":0,"max_hp_loss":0,"event_name":"Liars Game","floor":13,"gold_loss":0}],"is_beta":false,"boss_relics":[],"items_purged_floors":[],"is_endless":false,"potions_floor_spawned":[3,6,12,14],"killed_by":"Slime Boss","ascension_level":0}