{"gold_per_floor":[123,135,97,109,137,184,196,267,279,291,322,361,313,313],"floor_reached":14,"playtime":1065,"items_purged":["Strike_G"],"score":120,"play_id":"2e72f4ec-df9c-488f-9d69-eb80aa705d89","local_time":"20190317122742","is_ascension_mode":true,"campfire_choices":[{"data":"Blur","floor":7,"key":"SMITH"},{"floor":10,"key":"REST"}],"neow_cost":"NONE","seed_source_timestamp":0,"circlet_count":0,"master_deck":["Defend_G","Defend_G","Defend_G","Defend_G","Strike_G","Strike_G","Survivor","Neutralize","Bouncing Flask","Blur+1","Envenom","Bouncing Flask","Predator"],"special_seed":0,"relics":["Ring of the Snake","MawBank","WingedGreaves","Dream Catcher","The Courier","Meat on the Bone"],"potions_floor_usage":[5,8,12],"damage_taken":[{"damage":3,"enemies":"Jaw Worm","floor":1,"turns":7},{"damage":0,"enemies":"Small Slimes","floor":5,"turns":2},{"damage":32,"enemies":"Gremlin Nob","floor":6,"turns":5},{"damage":18,"enemies":"Lagavulin Event","floor":8,"turns":6},{"damage":0,"enemies":"2 Louse","floor":11,"turns":4},{"damage":42,"enemies":"3 Sentries","floor":12,"turns":11},{"damage":4,"enemies":"Blue Slaver","floor":14,"turns":3}],"seed_played":"1371537690865367536","potions_obtained":[{"floor":1,"key":"Fire Potion"},{"floor":6,"key":"Energy Potion"},{"floor":11,"key":"Regen Potion"}],"is_trial":false,"path_per_floor":["M","?","?","?","M","E","R","?","T","R","M","E","$","M"],"character_chosen":"THE_SILENT","items_purchased":[],"campfire_rested":1,"item_purchase_floors":[],"current_hp_per_floor":[67,60,60,60,60,28,28,10,10,31,31,4,4,0],"gold":313,"neow_bonus":"RANDOM_COMMON_RELIC","is_prod":false,"is_daily":false,"chose_seed":false,"campfire_upgraded":1,"win_rate":0,"timestamp":1552840062,"path_taken":["M","?","?","?","M","E","R","?","T","R","?","E","?","M"],"build_version":"2019-01-23","purchased_purges":1,"victory":false,"max_hp_per_floor":[70,70,70,70,70,70,70,70,70,70,70,70,70,70],"card_choices":[{"not_picked":["Caltrops","Blade Dance"],"picked":"Bouncing Flask","floor":1},{"not_picked":["Backflip","Dagger Throw"],"picked":"Blur","floor":5},{"not_picked":["Dagger Spray","Prepared"],"picked":"Envenom","floor":6},{"not_picked":["Dodge and Roll","Tactician"],"picked":"Bouncing Flask","floor":11},{"not_picked":["Skewer","Unload"],"picked":"Predator","floor":12}],"player_experience":763554,"relics_obtained":[{"floor":6,"key":"WingedGreaves"},{"floor":9,"key":"The Courier"},{"floor":12,"key":"Meat on the Bone"}],"event_choices":[{"cards_removed":["Strike_G"],"damage_healed":0,"gold_gain":0,"player_choice":"Card Removal","damage_taken":7,"max_hp_gain":0,"max_hp_loss":0,"event_name":"Golden Wing","floor":2,"gold_loss":0},{"cards_removed":["Strike_G"],"damage_healed":0,"gold_gain":0,"player_choice":"Card Removal","damage_taken":0,"max_hp_gain":0,"max_hp_loss":0,"event_name":"The Cleric","floor":3,"gold_loss":50},{"cards_removed":["Defend_G"],"damage_healed":0,"gold_gain":0,"player_choice":"Forget","damage_taken":0,"max_hp_gain":0,"max_hp_loss":0,"event_name":"Living Wall","floor":4,"gold_loss":0},{"damage_healed":0,"gold_gain":0,"player_choice":"Searched \u00272\u0027 times","damage_taken":0,"relics_obtained":["Dream Catcher"],"max_hp_gain":0,"max_hp_loss":0,"event_name":"Dead Adventurer","floor":8,"gold_loss":0}],"is_beta":false,"boss_relics":[],"items_purged_floors":[13],"is_endless":false,"potions_floor_spawned":[1,6,11],"killed_by":"Blue Slaver","ascension_level":5}