{"gold_per_floor":[113,38,53,18,18,48,48,67,67,81,92,92,92,108,108,211,211,223,148,55,70,86,86,99,114,114,131,131,158,158,169,169,268,268,280,205,221,321,82,82,99,99],"floor_reached":42,"playtime":2022,"items_purged":["Strike_G"],"score":427,"play_id":"a041d7b9-2e20-47e6-a181-f0bb22bcb1c9","local_time":"20190424170605","is_ascension_mode":false,"campfire_choices":[{"floor":7,"key":"REST"},{"data":"Burst","floor":12,"key":"SMITH"},{"floor":15,"key":"REST"},{"floor":23,"key":"REST"},{"floor":28,"key":"REST"},{"floor":30,"key":"REST"},{"floor":32,"key":"REST"},{"floor":40,"key":"REST"}],"neow_cost":"NONE","seed_source_timestamp":770225848516800,"circlet_count":0,"master_deck":["Survivor","Neutralize+1","Unload","Flying Knee","Backflip","Riddle With Holes","Deadly Poison","Bane","Noxious Fumes","Burst+1","PiercingWail","Corpse Explosion","Flash of Steel","Caltrops","Deadly Poison+1","Poisoned Stab","Bullet Time","Deflect","Footwork","Slice+1","Night Terror","Prepared","Poisoned Stab","Corpse Explosion","Blade Dance","Heel Hook","Outmaneuver","Skewer","Concentrate","Cloak And Dagger+1","Dash","Dash+1"],"relics":["Ring of the Serpent","Blue Candle","Bottled Flame","Red Mask","Pandora\u0027s Box","Tingsha","Letter Opener"],"potions_floor_usage":[27,33,37],"damage_taken":[{"damage":0,"enemies":"Jaw Worm","floor":1,"turns":4},{"damage":0,"enemies":"Small Slimes","floor":3,"turns":2},{"damage":31,"enemies":"Lagavulin","floor":6,"turns":9},{"damage":0,"enemies":"2 Louse","floor":8,"turns":3},{"damage":0,"enemies":"2 Fungi Beasts","floor":10,"turns":3},{"damage":1,"enemies":"Exordium Wildlife","floor":11,"turns":2},{"damage":5,"enemies":"3 Louse","floor":14,"turns":3},{"damage":47,"enemies":"Hexaghost","floor":16,"turns":9},{"damage":5,"enemies":"Chosen","floor":18,"turns":5},{"damage":9,"enemies":"Spheric Guardian","floor":21,"turns":5},{"damage":17,"enemies":"Snake Plant","floor":22,"turns":4},{"damage":19,"enemies":"Centurion and Healer","floor":24,"turns":5},{"damage":8,"enemies":"Snecko","floor":25,"turns":5},{"damage":4,"enemies":"3 Cultists","floor":27,"turns":3},{"damage":21,"enemies":"Masked Bandits","floor":29,"turns":3},{"damage":33,"enemies":"Shelled Parasite and Fungi","floor":31,"turns":5},{"damage":30,"enemies":"Automaton","floor":33,"turns":11},{"damage":27,"enemies":"Orb Walker","floor":35,"turns":4},{"damage":16,"enemies":"3 Darklings","floor":37,"turns":3},{"damage":2,"enemies":"Mind Bloom Boss Battle","floor":38,"turns":8},{"damage":40,"enemies":"Spire Growth","floor":41,"turns":5},{"damage":7,"enemies":"Jaw Worm Horde","floor":42,"turns":1}],"seed_played":"-6631598610652496130","potions_obtained":[{"floor":1,"key":"SpeedPotion"},{"floor":6,"key":"Block Potion"},{"floor":10,"key":"PowerPotion"},{"floor":29,"key":"Block Potion"},{"floor":37,"key":"Weak Potion"},{"floor":38,"key":"SteroidPotion"}],"is_trial":false,"path_per_floor":["M","$","M","$","?","E","R","M","T","M","M","R","?","M","R","B",null,"M","?","$","M","M","R","M","M","T","M","R","?","R","M","R","B",null,"M","$","M","?","$","R","M","M"],"character_chosen":"THE_SILENT","items_purchased":["Riddle With Holes","Flash of Steel","Dash","Letter Opener"],"campfire_rested":7,"item_purchase_floors":[4,20,36,39],"current_hp_per_floor":[70,70,70,70,70,39,60,60,60,60,59,59,45,40,61,14,70,65,65,65,56,39,60,41,33,33,29,50,29,50,17,38,8,70,43,43,27,25,25,46,6,0],"gold":99,"neow_bonus":"ONE_RANDOM_RARE_CARD","is_prod":false,"is_daily":false,"chose_seed":false,"campfire_upgraded":1,"win_rate":0,"timestamp":1556139965,"path_taken":["M","$","M","$","?","E","R","M","T","M","M","R","?","M","R","BOSS","M","?","$","M","M","R","M","M","T","M","R","?","R","M","R","BOSS","M","$","M","?","$","R","M","M"],"build_version":"2019-01-23","purchased_purges":1,"victory":false,"max_hp_per_floor":[70,70,70,70,70,70,70,70,70,70,70,70,70,70,70,70,70,70,70,70,70,70,70,70,70,70,70,70,70,70,70,70,70,70,70,70,70,70,70,70,70,70],"card_choices":[{"not_picked":["All Out Attack","Deflect"],"picked":"Flying Knee","floor":1},{"not_picked":["Heel Hook","Bane"],"picked":"Backflip","floor":3},{"not_picked":["Storm of Steel","Blade Dance"],"picked":"Deadly Poison","floor":6},{"not_picked":["Outmaneuver","Acrobatics"],"picked":"Bane","floor":8},{"not_picked":["Skewer","Dodge and Roll"],"picked":"Noxious Fumes","floor":10},{"not_picked":["Dodge and Roll","Sucker Punch"],"picked":"Burst","floor":11},{"not_picked":["Calculated Gamble","Bane"],"picked":"PiercingWail","floor":14},{"not_picked":["Malaise","Tools of the Trade"],"picked":"Corpse Explosion","floor":16},{"not_picked":["Cloak And Dagger","Acrobatics","Choke"],"picked":"SKIP","floor":18},{"not_picked":["Dodge and Roll+1","Backflip"],"picked":"Caltrops","floor":21},{"not_picked":["Quick Slash","Skewer+1"],"picked":"Deadly Poison+1","floor":22},{"not_picked":["Setup+1","Calculated Gamble"],"picked":"Poisoned Stab","floor":24},{"not_picked":["Quick Slash","Underhanded Strike"],"picked":"Bullet Time","floor":25},{"not_picked":["Poisoned Stab","Flying Knee+1"],"picked":"Deflect","floor":27},{"not_picked":["Terror","Prepared"],"picked":"Footwork","floor":29},{"not_picked":["Endless Agony","Prepared"],"picked":"Slice+1","floor":31},{"not_picked":["Doppelganger","Wraith Form v2"],"picked":"Night Terror","floor":33},{"not_picked":["Eviscerate","Prepared"],"picked":"Cloak And Dagger+1","floor":35},{"not_picked":["Backflip","Flying Knee","Deadly Poison+1"],"picked":"SKIP","floor":37},{"not_picked":["Masterful Stab+1","Infinite Blades"],"picked":"Dash+1","floor":41}],"player_experience":238041,"relics_obtained":[{"floor":6,"key":"Blue Candle"},{"floor":9,"key":"Bottled Flame"},{"floor":29,"key":"Red Mask"},{"floor":38,"key":"Tingsha"}],"event_choices":[{"damage_healed":0,"gold_gain":0,"player_choice":"Leave","damage_taken":0,"max_hp_gain":0,"max_hp_loss":0,"event_name":"The Cleric","floor":5,"gold_loss":0},{"damage_healed":0,"gold_gain":0,"player_choice":"Entered Light","damage_taken":14,"max_hp_gain":0,"max_hp_loss":0,"event_name":"Shining Light","floor":13,"gold_loss":0,"cards_upgraded":["Neutralize","Strike_G"]},{"cards_removed":["Strike_G"],"damage_healed":0,"gold_gain":0,"player_choice":"Gave Gold","damage_taken":0,"max_hp_gain":0,"max_hp_loss":0,"event_name":"Beggar","floor":19,"gold_loss":75},{"damage_healed":0,"gold_gain":0,"player_choice":"Fought Bandits","damage_taken":0,"max_hp_gain":0,"max_hp_loss":0,"event_name":"Masked Bandits","floor":29,"gold_loss":0},{"damage_healed":0,"gold_gain":0,"player_choice":"Fight","damage_taken":0,"max_hp_gain":0,"max_hp_loss":0,"event_name":"MindBloom","floor":38,"gold_loss":0}],"is_beta":false,"boss_relics":[{"not_picked":["Tiny House","White Beast Statue"],"picked":"Ring of the Serpent"},{"not_picked":["Velvet Choker","WristBlade"],"picked":"Pandora\u0027s Box"}],"items_purged_floors":[2],"is_endless":false,"potions_floor_spawned":[1,6,10,14,21,25,29,37,38,41],"killed_by":"Jaw Worm Horde","ascension_level":0}