{"gold_per_floor":[110,110,125,136,211,228,258,258,258,285,24,35,49,49,49,144,144,158,177,192,192],"floor_reached":21,"playtime":1029,"items_purged":[],"score":193,"play_id":"b445b871-ab65-4a5e-82a7-b70d2d4d80e3","local_time":"20190415141125","is_ascension_mode":false,"campfire_choices":[{"floor":8,"key":"REST"},{"floor":15,"key":"REST"}],"neow_cost":"NONE","seed_source_timestamp":62015858913600,"circlet_count":0,"master_deck":["Defend_G","Defend_G","Defend_G","Defend_G","Defend_G","Strike_G","Strike_G","Strike_G","Strike_G","Strike_G","Survivor","Neutralize","Cloak And Dagger","Terror","Blade Dance","Accuracy","Prepared","Flying Knee","Terror+1","Distraction+1","Burst+1","Outmaneuver+1","Crippling Poison+1","Distraction+1"],"relics":["Ring of the Snake","NeowsBlessing","Matryoshka","Vajra","Bottled Tornado","Orichalcum","Toxic Egg 2","WristBlade"],"potions_floor_usage":[12,13,16,16,21],"damage_taken":[{"damage":0,"enemies":"Jaw Worm","floor":1,"turns":1},{"damage":0,"enemies":"Cultist","floor":3,"turns":1},{"damage":0,"enemies":"Small Slimes","floor":4,"turns":1},{"damage":2,"enemies":"Blue Slaver","floor":6,"turns":4},{"damage":27,"enemies":"Gremlin Nob","floor":7,"turns":4},{"damage":17,"enemies":"3 Sentries","floor":10,"turns":9},{"damage":8,"enemies":"3 Louse","floor":12,"turns":3},{"damage":0,"enemies":"Gremlin Gang","floor":13,"turns":5},{"damage":6,"enemies":"Hexaghost","floor":16,"turns":9},{"damage":11,"enemies":"Chosen","floor":18,"turns":5},{"damage":16,"enemies":"Spheric Guardian","floor":19,"turns":5},{"damage":33,"enemies":"3 Cultists","floor":20,"turns":6},{"damage":16,"enemies":"Colosseum Slavers","floor":21,"turns":2}],"seed_played":"-3147494582212795337","potions_obtained":[{"floor":2,"key":"Block Potion"},{"floor":2,"key":"Weak Potion"},{"floor":2,"key":"GamblersBrew"},{"floor":6,"key":"Strength Potion"},{"floor":7,"key":"Fire Potion"},{"floor":13,"key":"AttackPotion"},{"floor":19,"key":"LiquidBronze"}],"is_trial":false,"path_per_floor":["M","?","M","M","?","M","E","R","T","E","$","M","M","?","R","B",null,"M","M","M","?"],"character_chosen":"THE_SILENT","items_purchased":["Toxic Egg 2"],"campfire_rested":2,"item_purchase_floors":[11],"current_hp_per_floor":[70,70,70,70,59,57,30,51,51,34,34,26,26,49,70,64,70,59,43,10,0],"gold":192,"neow_bonus":"THREE_ENEMY_KILL","is_prod":false,"is_daily":false,"chose_seed":false,"campfire_upgraded":0,"win_rate":0,"timestamp":1555351885,"path_taken":["M","?","M","?","?","M","E","R","T","E","$","M","M","?","R","BOSS","M","M","M","?"],"build_version":"2019-01-23","purchased_purges":0,"victory":false,"max_hp_per_floor":[70,70,70,70,70,70,70,70,70,70,70,70,70,70,70,70,70,70,70,70,70],"card_choices":[{"not_picked":["Footwork","Flechettes"],"picked":"Cloak And Dagger","floor":1},{"not_picked":["Dagger Throw","Slice"],"picked":"Terror","floor":3},{"not_picked":["Calculated Gamble","Dagger Spray"],"picked":"Blade Dance","floor":4},{"not_picked":["Predator","Flechettes"],"picked":"Accuracy","floor":6},{"not_picked":["Poisoned Stab","Caltrops"],"picked":"Prepared","floor":7},{"not_picked":["Eviscerate","Catalyst"],"picked":"Flying Knee","floor":10},{"not_picked":["Doppelganger+1","Flying Knee"],"picked":"Terror+1","floor":12},{"not_picked":["Noxious Fumes","Concentrate+1"],"picked":"Distraction+1","floor":13},{"not_picked":["Storm of Steel+1","Doppelganger+1"],"picked":"Burst+1","floor":16},{"not_picked":["Slice","Caltrops"],"picked":"Outmaneuver+1","floor":18},{"not_picked":["Dagger Throw","Poisoned Stab"],"picked":"Crippling Poison+1","floor":19},{"not_picked":["Deadly Poison+1","Poisoned Stab+1"],"picked":"Distraction+1","floor":20}],"player_experience":154828,"relics_obtained":[{"floor":7,"key":"Matryoshka"},{"floor":9,"key":"Vajra"},{"floor":9,"key":"Bottled Tornado"},{"floor":10,"key":"Orichalcum"}],"event_choices":[{"damage_healed":0,"gold_gain":0,"player_choice":"Got Potions","damage_taken":0,"max_hp_gain":0,"max_hp_loss":0,"event_name":"Lab","floor":2,"gold_loss":0},{"damage_healed":0,"gold_gain":75,"player_choice":"Gather Gold","damage_taken":11,"max_hp_gain":0,"max_hp_loss":0,"event_name":"World of Goop","floor":5,"gold_loss":0},{"damage_healed":23,"gold_gain":0,"player_choice":"Banana","damage_taken":0,"max_hp_gain":0,"max_hp_loss":0,"event_name":"Big Fish","floor":14,"gold_loss":0},{"damage_healed":0,"gold_gain":0,"player_choice":"Fight","damage_taken":0,"max_hp_gain":0,"max_hp_loss":0,"event_name":"Colosseum","floor":21,"gold_loss":0}],"is_beta":false,"boss_relics":[{"not_picked":["Runic Pyramid","Black Star"],"picked":"WristBlade"}],"items_purged_floors":[],"is_endless":false,"potions_floor_spawned":[3,6,7,10,13,19],"killed_by":"Colosseum Slavers","ascension_level":0}