{"gold_per_floor":[118,94,106,106,106,135,154,169,216,216,242,2,2,29,29,127,127,138,121,121,121,134,134,162,162,162,181,198,233,233,252,252,347,347,357,357,106,122,134,161,161,196,196,4,14,14,14,31,31,31],"floor_reached":51,"playtime":4198,"items_purged":["Parasite"],"score":815,"play_id":"1b084465-fa02-4785-bddb-f5fda0492964","local_time":"20190406122132","is_ascension_mode":false,"campfire_choices":[{"data":"Power Through","floor":10.0,"key":"SMITH"},{"data":"Armaments","floor":15.0,"key":"SMITH"},{"data":"Dark Shackles","floor":23.0,"key":"SMITH"},{"data":"Bash","floor":25.0,"key":"SMITH"},{"floor":32.0,"key":"REST"},{"data":"Double Tap","floor":41.0,"key":"SMITH"},{"floor":47,"key":"REST"},{"floor":49,"key":"REST"}],"neow_cost":"NONE","seed_source_timestamp":0,"circlet_count":0,"master_deck":["Strike_R+1","Strike_R+1","Strike_R+1","Strike_R+1","Defend_R+1","Defend_R+1","Defend_R+1","Defend_R+1","Bash+1","Battle Trance","Iron Wave","Power Through","Carnage","Iron Wave","Dark Shackles+1","Rampage","Spot Weakness","Power Through+1","Armaments+1","Flex","Impervious","Uppercut","Armaments+1","True Grit+1","Necronomicurse","Whirlwind+1","Magnetism","Perfected Strike","Double Tap+1","Pommel Strike+1","Inflame+1","Madness","Madness"],"special_seed":0,"relics":["Burning Blood","NeowsBlessing","Sundial","Oddly Smooth Stone","Bag of Preparation","Singing Bowl","Strawberry","Mark of Pain","Kunai","Ornamental Fan","Darkstone Periapt","Necronomicon","Lizard Tail","Regal Pillow","Meat on the Bone","Mummified Hand","Chemical X"],"potions_floor_usage":[50],"damage_taken":[{"damage":0.0,"enemies":"Jaw Worm","floor":1.0,"turns":1.0},{"damage":0.0,"enemies":"Small Slimes","floor":3.0,"turns":1.0},{"damage":0.0,"enemies":"Gremlin Nob","floor":6.0,"turns":1.0},{"damage":0.0,"enemies":"Cultist","floor":7.0,"turns":3.0},{"damage":0.0,"enemies":"Red Slaver","floor":8.0,"turns":3.0},{"damage":0.0,"enemies":"3 Sentries","floor":11.0,"turns":9.0},{"damage":9.0,"enemies":"Lagavulin","floor":14.0,"turns":9.0},{"damage":14.0,"enemies":"Slime Boss","floor":16.0,"turns":9.0},{"damage":2.0,"enemies":"Shell Parasite","floor":18.0,"turns":6.0},{"damage":10.0,"enemies":"2 Thieves","floor":19.0,"turns":4.0},{"damage":15.0,"enemies":"Snake Plant","floor":22.0,"turns":5.0},{"damage":7.0,"enemies":"Slavers","floor":24.0,"turns":9.0},{"damage":0.0,"enemies":"Shelled Parasite and Fungi","floor":27.0,"turns":7.0},{"damage":17.0,"enemies":"Sentry and Sphere","floor":28.0,"turns":8.0},{"damage":20.0,"enemies":"Book of Stabbing","floor":29.0,"turns":8.0},{"damage":0.0,"enemies":"Centurion and Healer","floor":31.0,"turns":4.0},{"damage":1.0,"enemies":"Automaton","floor":33.0,"turns":9.0},{"damage":8.0,"enemies":"3 Darklings","floor":35.0,"turns":8.0},{"damage":3.0,"enemies":"Orb Walker","floor":38.0,"turns":4.0},{"damage":1.0,"enemies":"Jaw Worm Horde","floor":39.0,"turns":3.0},{"damage":25.0,"enemies":"Nemesis","floor":40.0,"turns":5.0},{"damage":35.0,"enemies":"Giant Head","floor":42.0,"turns":9.0},{"damage":0.0,"enemies":"Maw","floor":45.0,"turns":6.0},{"damage":18,"enemies":"Spire Growth","floor":48,"turns":4},{"damage":99,"enemies":"Time Eater","floor":50,"turns":11}],"seed_played":"-8638000899131465150","potions_obtained":[{"floor":1.0,"key":"Ancient Potion"},{"floor":8.0,"key":"EssenceOfSteel"},{"floor":11.0,"key":"Explosive Potion"},{"floor":18.0,"key":"Dexterity Potion"},{"floor":19.0,"key":"SpeedPotion"},{"floor":29.0,"key":"Fire Potion"},{"floor":31.0,"key":"SneckoOil"},{"floor":33.0,"key":"AttackPotion"},{"floor":35.0,"key":"Energy Potion"},{"floor":40.0,"key":"Energy Potion"},{"floor":42.0,"key":"Poison Potion"}],"is_trial":false,"path_per_floor":["M","$","M","?","?","E","M","M","T","R","E","$","?","E","R","B",null,"M","M","?","?","M","R","E","R","T","M","M","E","?","M","R","B",null,"M","?","$","M","M","E","R","E","T","$","M","?","R","M","R","B",null],"character_chosen":"IRONCLAD","items_purchased":["Iron Wave","Singing Bowl","Magnetism","Chemical X"],"campfire_rested":3,"item_purchase_floors":[2,12,37,44],"current_hp_per_floor":[80,80,80,73,73,79,80,80,80,80,80,80,85,89,89,81,92,94,90,90,90,83,83,82,82,82,90,81,69,59,67,100,105,110,108,108,107,107,107,90,90,61,61,61,67,53,100,90,111,30],"gold":31,"neow_bonus":"THREE_ENEMY_KILL","is_prod":false,"is_daily":false,"chose_seed":false,"campfire_upgraded":5,"win_rate":0,"timestamp":1554567692,"path_taken":["M","$","M","?","?","E","?","M","T","R","E","?","?","E","R","BOSS","M","M","?","?","M","R","E","R","T","M","?","E","?","M","R","BOSS","M","?","?","M","M","E","R","E","T","$","?","?","R","M","R","BOSS"],"build_version":"2019-01-23","purchased_purges":1,"victory":true,"max_hp_per_floor":[80,80,80,80,80,80,80,80,80,80,80,80,85,92,92,92,92,94,94,94,94,96,96,96,96,96,98,100,102,108,110,110,110,110,110,110,107,107,107,109,109,109,109,109,109,109,109,111,111,111],"card_choices":[{"not_picked":["Body Slam","Heavy Blade"],"picked":"Battle Trance","floor":1.0},{"not_picked":["Wild Strike","Clothesline"],"picked":"Power Through","floor":3.0},{"not_picked":["True Grit","Heavy Blade"],"picked":"Rampage","floor":6.0},{"not_picked":["Fiend Fire","Havoc"],"picked":"Spot Weakness","floor":7.0},{"not_picked":["Infernal Blade","Searing Blow"],"picked":"Power Through","floor":8.0},{"not_picked":["Bloodletting","Flame Barrier"],"picked":"Armaments","floor":11.0},{"not_picked":["Juggernaut","Twin Strike"],"picked":"Flex","floor":14.0},{"not_picked":["Feed","Offering"],"picked":"Impervious","floor":16.0},{"not_picked":["Rupture","True Grit","Warcry+1"],"picked":"Singing Bowl","floor":18.0},{"not_picked":["Thunderclap","True Grit"],"picked":"Uppercut","floor":19.0},{"not_picked":["Body Slam","Armaments","Thunderclap"],"picked":"Singing Bowl","floor":22.0},{"not_picked":["Rampage","Havoc+1"],"picked":"True Grit+1","floor":24.0},{"not_picked":["Spot Weakness","Flame Barrier","Thunderclap+1"],"picked":"Singing Bowl","floor":27.0},{"not_picked":["Intimidate","Clash","Warcry+1"],"picked":"Singing Bowl","floor":28.0},{"not_picked":["Dropkick","Disarm","Twin Strike"],"picked":"Singing Bowl","floor":29.0},{"not_picked":["Twin Strike","Heavy Blade+1","Wild Strike+1"],"picked":"Singing Bowl","floor":31.0},{"not_picked":["Berserk","Dark Embrace"],"picked":"Brutality","floor":33.0},{"not_picked":["Warcry","Heavy Blade+1"],"picked":"Whirlwind+1","floor":35.0},{"not_picked":["Sword Boomerang","Havoc+1"],"picked":"Perfected Strike","floor":38.0},{"not_picked":["Heavy Blade+1","True Grit+1"],"picked":"Double Tap","floor":39.0},{"not_picked":["Battle Trance","Headbutt","Entrench+1"],"picked":"Singing Bowl","floor":40.0},{"not_picked":["Shrug It Off","Infernal Blade"],"picked":"Pommel Strike+1","floor":42.0},{"not_picked":["Pommel Strike","Flex"],"picked":"Inflame+1","floor":45},{"not_picked":["Shrug It Off","Pummel+1","Cleave"],"picked":"Singing Bowl","floor":48}],"player_experience":51060,"relics_obtained":[{"floor":6.0,"key":"Sundial"},{"floor":9.0,"key":"Oddly Smooth Stone"},{"floor":11.0,"key":"Bag of Preparation"},{"floor":14.0,"key":"Strawberry"},{"floor":24.0,"key":"Kunai"},{"floor":26.0,"key":"Ornamental Fan"},{"floor":29.0,"key":"Darkstone Periapt"},{"floor":30.0,"key":"Necronomicon"},{"floor":40.0,"key":"Regal Pillow"},{"floor":42.0,"key":"Meat on the Bone"},{"floor":43.0,"key":"Mummified Hand"}],"event_choices":[{"cards_removed":["Strike_R"],"damage_healed":0.0,"max_hp_gain":0.0,"max_hp_loss":0.0,"gold_gain":0.0,"event_name":"Golden Wing","player_choice":"Card Removal","floor":4.0,"gold_loss":0.0,"damage_taken":7.0},{"damage_healed":0.0,"max_hp_gain":0.0,"max_hp_loss":0.0,"gold_gain":0.0,"event_name":"Match and Keep!","player_choice":"3 cards matched","floor":5.0,"gold_loss":0.0,"damage_taken":0.0,"cards_obtained":["Carnage","Iron Wave","Dark Shackles"]},{"damage_healed":0.0,"max_hp_gain":5.0,"max_hp_loss":0.0,"gold_gain":0.0,"event_name":"Big Fish","player_choice":"Donut","floor":13.0,"gold_loss":0.0,"damage_taken":0.0},{"damage_healed":0.0,"max_hp_gain":0.0,"max_hp_loss":0.0,"gold_gain":0.0,"event_name":"Back to Basics","player_choice":"Simplicity","floor":20.0,"gold_loss":0.0,"damage_taken":0.0,"cards_upgraded":["Strike_R","Strike_R","Strike_R","Strike_R","Defend_R","Defend_R","Defend_R","Defend_R"]},{"damage_healed":0.0,"max_hp_gain":0.0,"max_hp_loss":0.0,"gold_gain":0.0,"event_name":"Duplicator","player_choice":"Copied","floor":21.0,"gold_loss":0.0,"damage_taken":0.0,"cards_obtained":["Armaments"]},{"damage_healed":0.0,"max_hp_gain":0.0,"max_hp_loss":0.0,"gold_gain":0.0,"event_name":"Cursed Tome","player_choice":"Obtained Book","floor":30.0,"gold_loss":0.0,"damage_taken":16.0},{"cards_removed":["Brutality"],"damage_healed":0.0,"max_hp_gain":0.0,"max_hp_loss":0.0,"gold_gain":0.0,"event_name":"NoteForYourself","player_choice":"Took Card","floor":36.0,"gold_loss":0.0,"damage_taken":0.0,"cards_obtained":["Parasite"]},{"damage_healed":0,"gold_gain":0,"player_choice":"Embrace Madness","damage_taken":14,"max_hp_gain":0,"max_hp_loss":0,"event_name":"Winding Halls","floor":46,"gold_loss":0,"cards_obtained":["Madness","Madness"]}],"is_beta":false,"boss_relics":[{"not_picked":["Ectoplasm","Philosopher\u0027s Stone"],"picked":"Mark of Pain"},{"not_picked":["Astrolabe","Velvet Choker"],"picked":"Lizard Tail"}],"items_purged_floors":[37],"is_endless":false,"potions_floor_spawned":[1,8,11,18,19,29,31,33,35,40,42],"ascension_level":0}