{"gold_per_floor":[14,14,189,202,219,251,251,313,313,348,103,119,153,167,167,265,265,281,281,281,298,313,344,97,128,230,249,249,266,286,304,304,403,403,420,498,512,75,90,115,115,128,128,150,178,206,234,272,284,296],"floor_reached":51,"playtime":3076,"items_purged":["Doubt","Normality","Doubt"],"score":850,"play_id":"e3c8bbb9-f3fd-494f-97e2-60d91ade59f4","local_time":"20190409202833","is_ascension_mode":false,"campfire_choices":[{"data":"True Grit","floor":7,"key":"SMITH"},{"floor":15,"key":"REST"},{"floor":28,"key":"REST"},{"data":"Apotheosis","floor":32,"key":"SMITH"},{"floor":41,"key":"REST"},{"floor":49,"key":"REST"}],"neow_cost":"NO_GOLD","seed_source_timestamp":2042465899904,"circlet_count":0,"master_deck":["Strike_R","Strike_R","Strike_R","Strike_R","Strike_R","Defend_R","Defend_R","Defend_R","Bash","Purity","Blind","Blood for Blood","Bludgeon","True Grit+1","Combust","Twin Strike","Flex","Dropkick","Apotheosis+1","Reckless Charge","Headbutt","Double Tap","Feed","Injury","J.A.X.","Decay","Shrug It Off","Headbutt+1","Power Through","Perfected Strike+1","Heavy Blade+1","Flame Barrier","Flame Barrier+1","Burning Pact+1","Fiend Fire+1","True Grit","Metallicize","Shrug It Off","Whirlwind+1","Whirlwind+1","Perfected Strike+1","Exhume"],"relics":["Burning Blood","Matryoshka","Bag of Marbles","Pen Nib","Mercury Hourglass","Paper Frog","Blood Vial","Calling Bell","Orichalcum","Blue Candle","Incense Burner","Molten Egg 2","Lantern","Question Card","Tiny Chest","Shuriken","Busted Crown","Bottled Flame","Unceasing Top","Bottled Lightning","MawBank","Bottled Tornado"],"potions_floor_usage":[8,13,16,22,23,27,33,33,33,48,50,50],"damage_taken":[{"damage":5,"enemies":"Small Slimes","floor":1,"turns":4},{"damage":6,"enemies":"2 Louse","floor":4,"turns":3},{"damage":7,"enemies":"Jaw Worm","floor":5,"turns":4},{"damage":23,"enemies":"Lagavulin","floor":6,"turns":7},{"damage":34,"enemies":"Lagavulin Event","floor":8,"turns":6},{"damage":8,"enemies":"Gremlin Nob","floor":10,"turns":3},{"damage":0,"enemies":"Looter","floor":12,"turns":2},{"damage":20,"enemies":"Lagavulin","floor":13,"turns":3},{"damage":2,"enemies":"Blue Slaver","floor":14,"turns":2},{"damage":9,"enemies":"Slime Boss","floor":16,"turns":5},{"damage":39,"enemies":"2 Thieves","floor":18,"turns":4},{"damage":1,"enemies":"3 Byrds","floor":21,"turns":4},{"damage":16,"enemies":"Snake Plant","floor":22,"turns":3},{"damage":13,"enemies":"Book of Stabbing","floor":23,"turns":4},{"damage":20,"enemies":"Gremlin Leader","floor":25,"turns":4},{"damage":0,"enemies":"Snecko","floor":27,"turns":3},{"damage":6,"enemies":"Sentry and Sphere","floor":29,"turns":4},{"damage":8,"enemies":"Chosen and Byrds","floor":30,"turns":5},{"damage":3,"enemies":"Snake Plant","floor":31,"turns":1},{"damage":72,"enemies":"Collector","floor":33,"turns":8},{"damage":3,"enemies":"Orb Walker","floor":35,"turns":3},{"damage":9,"enemies":"3 Darklings","floor":37,"turns":4},{"damage":1,"enemies":"Jaw Worm Horde","floor":39,"turns":3},{"damage":60,"enemies":"Giant Head","floor":40,"turns":8},{"damage":4,"enemies":"Sphere and 2 Shapes","floor":42,"turns":3},{"damage":4,"enemies":"Transient","floor":44,"turns":5},{"damage":0,"enemies":"3 Darklings","floor":45,"turns":2},{"damage":4,"enemies":"Maw","floor":46,"turns":4},{"damage":12,"enemies":"4 Shapes","floor":47,"turns":1},{"damage":19,"enemies":"Nemesis","floor":48,"turns":3},{"damage":80,"enemies":"Awakened One","floor":50,"turns":8}],"seed_played":"6760663849760526031","potions_obtained":[{"floor":6,"key":"Fire Potion"},{"floor":8,"key":"Poison Potion"},{"floor":12,"key":"Regen Potion"},{"floor":13,"key":"Weak Potion"},{"floor":18,"key":"EssenceOfSteel"},{"floor":23,"key":"SpeedPotion"},{"floor":25,"key":"GamblersBrew"},{"floor":29,"key":"Ancient Potion"},{"floor":31,"key":"Energy Potion"},{"floor":42,"key":"Weak Potion"},{"floor":44,"key":"Energy Potion"},{"floor":45,"key":"AttackPotion"},{"floor":46,"key":"Strength Potion"}],"is_trial":false,"path_per_floor":["M","?","?","M","M","E","R","?","T","E","$","M","E","M","R","B",null,"M","?","?","M","M","E","$","E","T","M","R","M","M","M","R","B",null,"M","T","M","$","M","E","R","M","T","M","M","M","M","E","R","B",null],"character_chosen":"IRONCLAD","items_purchased":["Apotheosis","Lantern","Unceasing Top","Shrug It Off"],"campfire_rested":4,"item_purchase_floors":[11,24,38,38],"current_hp_per_floor":[80,80,80,80,79,62,62,34,34,32,32,38,29,35,59,58,80,51,51,51,58,50,45,45,33,33,41,66,72,72,77,77,13,88,88,88,85,85,91,37,64,72,72,76,84,88,84,73,95,25],"gold":308,"neow_bonus":"RANDOM_COLORLESS_2","is_prod":false,"is_daily":false,"chose_seed":false,"campfire_upgraded":2,"win_rate":0,"timestamp":1554856113,"path_taken":["M","?","?","M","M","E","R","?","T","E","$","M","E","M","R","BOSS","M","?","?","M","M","E","?","E","T","M","R","M","?","M","R","BOSS","M","?","M","$","M","E","R","M","T","M","M","?","M","E","R","BOSS"],"build_version":"2019-01-23","purchased_purges":3,"victory":true,"max_hp_per_floor":[80,80,80,80,80,80,80,80,80,80,80,80,80,80,80,80,80,84,84,84,84,84,84,84,84,84,84,84,88,88,88,88,88,88,88,88,88,88,91,91,91,95,95,95,95,95,95,95,95,99],"card_choices":[{"not_picked":["Heavy Blade","Clothesline"],"picked":"Blood for Blood","floor":1},{"not_picked":["Heavy Blade","Twin Strike"],"picked":"True Grit","floor":4},{"not_picked":["Wild Strike","Battle Trance"],"picked":"Combust","floor":5},{"not_picked":["Searing Blow","Clothesline"],"picked":"Twin Strike","floor":6},{"not_picked":["Dropkick","Clothesline"],"picked":"Flex","floor":8},{"not_picked":["Armaments","Heavy Blade"],"picked":"Dropkick","floor":10},{"not_picked":["Evolve","Wild Strike"],"picked":"Reckless Charge","floor":12},{"not_picked":["Body Slam","Sword Boomerang"],"picked":"Headbutt","floor":13},{"not_picked":["True Grit","Sword Boomerang"],"picked":"Double Tap","floor":14},{"not_picked":["Offering","Brutality"],"picked":"Feed","floor":16},{"not_picked":["Sword Boomerang","Warcry","Perfected Strike"],"picked":"SKIP","floor":18},{"not_picked":["Entrench","Cleave+1"],"picked":"Shrug It Off","floor":21},{"not_picked":["Iron Wave","Disarm"],"picked":"Headbutt+1","floor":22},{"not_picked":["Offering","Cleave"],"picked":"Power Through","floor":23},{"not_picked":["Body Slam+1","True Grit"],"picked":"Perfected Strike+1","floor":25},{"not_picked":["True Grit","Perfected Strike+1","Rupture"],"picked":"Heavy Blade+1","floor":27},{"not_picked":["Dropkick+1","Armaments","Corruption+1"],"picked":"Flame Barrier","floor":29},{"not_picked":["Infernal Blade","Second Wind","Disarm+1"],"picked":"Flame Barrier+1","floor":30},{"not_picked":["Clothesline+1","Disarm+1","Body Slam+1"],"picked":"Burning Pact+1","floor":31},{"not_picked":["Offering","Bludgeon+1","Juggernaut"],"picked":"Fiend Fire+1","floor":33},{"not_picked":["Wild Strike+1"],"picked":"True Grit","floor":35},{"not_picked":["Thunderclap+1"],"picked":"Metallicize","floor":37},{"not_picked":["Thunderclap+1"],"picked":"Whirlwind+1","floor":39},{"not_picked":["Armaments","Feel No Pain+1"],"picked":"SKIP","floor":40},{"not_picked":["Disarm"],"picked":"Whirlwind+1","floor":42},{"not_picked":["Warcry","True Grit"],"picked":"SKIP","floor":44},{"not_picked":["Rampage+1","Reckless Charge+1"],"picked":"SKIP","floor":45},{"not_picked":["True Grit+1","Reckless Charge+1"],"picked":"SKIP","floor":46},{"not_picked":["Clothesline+1"],"picked":"Perfected Strike+1","floor":47},{"not_picked":["Anger+1"],"picked":"Exhume","floor":48}],"player_experience":90662,"relics_obtained":[{"floor":6,"key":"Matryoshka"},{"floor":8,"key":"Bag of Marbles"},{"floor":9,"key":"Pen Nib"},{"floor":9,"key":"Mercury Hourglass"},{"floor":10,"key":"Paper Frog"},{"floor":13,"key":"Blood Vial"},{"floor":17,"key":"Orichalcum"},{"floor":17,"key":"Blue Candle"},{"floor":17,"key":"Incense Burner"},{"floor":23,"key":"Molten Egg 2"},{"floor":25,"key":"Question Card"},{"floor":26,"key":"Tiny Chest"},{"floor":26,"key":"Shuriken"},{"floor":36,"key":"Bottled Flame"},{"floor":40,"key":"Bottled Lightning"},{"floor":43,"key":"MawBank"},{"floor":48,"key":"Bottled Tornado"}],"event_choices":[{"damage_healed":0,"gold_gain":0,"cards_transformed":["Defend_R"],"player_choice":"Change","damage_taken":0,"max_hp_gain":0,"max_hp_loss":0,"event_name":"Living Wall","floor":2,"gold_loss":0,"cards_obtained":["Bludgeon"]},{"damage_healed":0,"gold_gain":175,"player_choice":"AGREE","damage_taken":0,"max_hp_gain":0,"max_hp_loss":0,"event_name":"Liars Game","floor":3,"gold_loss":0,"cards_obtained":["Doubt"]},{"damage_healed":0,"gold_gain":0,"player_choice":"Searched \u00271\u0027 times","damage_taken":0,"max_hp_gain":0,"max_hp_loss":0,"event_name":"Dead Adventurer","floor":8,"gold_loss":0},{"damage_healed":0,"gold_gain":0,"player_choice":"Obtain J.A.X.","damage_taken":0,"max_hp_gain":0,"max_hp_loss":0,"event_name":"Drug Dealer","floor":19,"gold_loss":0,"cards_obtained":["J.A.X."]},{"damage_healed":0,"gold_gain":0,"player_choice":"Smashed Altar","damage_taken":0,"max_hp_gain":0,"max_hp_loss":0,"event_name":"Forgotten Altar","floor":20,"gold_loss":0,"cards_obtained":["Decay"]}],"is_beta":false,"boss_relics":[{"not_picked":["Ectoplasm","Fusion Hammer"],"picked":"Calling Bell"},{"not_picked":["Black Star","Runic Dome"],"picked":"Busted Crown"}],"items_purged_floors":[11,24,38],"is_endless":false,"potions_floor_spawned":[6,8,12,13,18,23,25,29,31,42,44,45,46],"ascension_level":0}