{"gold_per_floor":[362,379,393,343,343,368,368,368,368,22,41,41,1,0,0,99,99,112,123,137,155,155],"floor_reached":22,"playtime":1087,"items_purged":["Strike_G"],"score":205,"play_id":"d5683e14-b4b1-4deb-8707-dcd50e24e8cc","local_time":"20190426070148","is_ascension_mode":true,"campfire_choices":[{"floor":8,"key":"REST"},{"data":"Noxious Fumes","floor":15,"key":"SMITH"}],"neow_cost":"CURSE","seed_source_timestamp":46766622846275,"circlet_count":0,"master_deck":["Defend_G","Defend_G","Defend_G","Defend_G","Defend_G","Strike_G","Strike_G","Strike_G","Survivor","Neutralize+1","Backflip","Backflip","Quick Slash","Quick Slash","Dash","Blur","Noxious Fumes+1","Adrenaline","Poisoned Stab","Well Laid Plans","PiercingWail"],"relics":["Ring of the Snake","Shuriken","Centennial Puzzle","Membership Card","Potion Belt","Sundial","Black Star"],"potions_floor_usage":[20,21,21,21],"damage_taken":[{"damage":0,"enemies":"Small Slimes","floor":1,"turns":3},{"damage":3,"enemies":"Jaw Worm","floor":2,"turns":5},{"damage":1,"enemies":"Cultist","floor":3,"turns":5},{"damage":41,"enemies":"Gremlin Nob","floor":6,"turns":7},{"damage":0,"enemies":"Looter","floor":11,"turns":4},{"damage":15,"enemies":"The Guardian","floor":16,"turns":13},{"damage":5,"enemies":"Shell Parasite","floor":18,"turns":8},{"damage":42,"enemies":"3 Byrds","floor":19,"turns":7},{"damage":0,"enemies":"Centurion and Healer","floor":20,"turns":8},{"damage":4,"enemies":"Sentry and Sphere","floor":21,"turns":7}],"seed_played":"8485452171995007353","potions_obtained":[{"floor":6,"key":"Strength Potion"},{"floor":11,"key":"Block Potion"},{"floor":18,"key":"Dexterity Potion"},{"floor":19,"key":"Dexterity Potion"},{"floor":20,"key":"Ancient Potion"}],"is_trial":false,"path_per_floor":["?","?","?","M","T","?","?"],"character_chosen":"THE_SILENT","items_purchased":["Membership Card","Dash","Potion Belt","Block Potion","Noxious Fumes"],"campfire_rested":1,"item_purchase_floors":[10,10,10,10,13],"current_hp_per_floor":[70,67,66,66,66,25,18,38,38,38,38,38,38,38,38,23,67,62,20,20,16,0],"gold":155,"neow_bonus":"TWO_FIFTY_GOLD","is_prod":false,"is_daily":false,"chose_seed":false,"campfire_upgraded":1,"win_rate":0,"timestamp":1556236908,"path_taken":["M","M","M","?","?","E","?","R","T","$","?","?","$","?","R","BOSS","M","M","M","M","?"],"build_version":"2019-01-23","purchased_purges":1,"victory":false,"max_hp_per_floor":[70,70,70,67,67,67,67,67,67,67,67,67,67,67,67,67,67,67,67,67,67,67],"card_choices":[{"not_picked":["Flying Knee","Cloak And Dagger"],"picked":"Backflip","floor":1},{"not_picked":["Accuracy","Dagger Throw"],"picked":"Backflip","floor":2},{"not_picked":["Choke","Prepared"],"picked":"Quick Slash","floor":3},{"not_picked":["Storm of Steel","Distraction"],"picked":"Quick Slash","floor":6},{"not_picked":["Acrobatics","Cloak And Dagger"],"picked":"Blur","floor":11},{"not_picked":["Wraith Form v2","Unload"],"picked":"Adrenaline","floor":16},{"not_picked":["Heel Hook","Choke"],"picked":"Poisoned Stab","floor":18},{"not_picked":["Poisoned Stab","Slice+1"],"picked":"Well Laid Plans","floor":19},{"not_picked":["Deflect","Burst"],"picked":"PiercingWail","floor":20},{"not_picked":["Eviscerate","Sucker Punch","Bouncing Flask"],"picked":"SKIP","floor":21}],"player_experience":79217,"relics_obtained":[{"floor":6,"key":"Shuriken"},{"floor":9,"key":"Centennial Puzzle"},{"floor":12,"key":"Sundial"}],"event_choices":[{"cards_removed":["Parasite"],"damage_healed":0,"gold_gain":0,"player_choice":"Card Removal","damage_taken":0,"max_hp_gain":0,"max_hp_loss":0,"event_name":"The Cleric","floor":4,"gold_loss":50},{"damage_healed":0,"gold_gain":0,"player_choice":"Grow","damage_taken":0,"max_hp_gain":0,"max_hp_loss":0,"event_name":"Living Wall","floor":5,"gold_loss":0,"cards_upgraded":["Neutralize"]},{"cards_removed":["Strike_G"],"damage_healed":0,"gold_gain":0,"player_choice":"Card Removal","damage_taken":7,"max_hp_gain":0,"max_hp_loss":0,"event_name":"Golden Wing","floor":7,"gold_loss":0},{"damage_healed":0,"gold_gain":0,"player_choice":"Left Gold","damage_taken":0,"max_hp_gain":0,"max_hp_loss":0,"event_name":"World of Goop","floor":14,"gold_loss":1}],"is_beta":false,"boss_relics":[{"not_picked":["Eternal Feather","Fusion Hammer"],"picked":"Black Star"}],"items_purged_floors":[10],"is_endless":false,"potions_floor_spawned":[6,11,18,19,20],"ascension_level":2}