{"gold_per_floor":[113,133,144,163,7,7,22,22,22,47,122,140,170,187,187,284,284,300,300,313,213,213],"floor_reached":22,"playtime":1869,"items_purged":["Strike_B","Strike_B"],"score":291,"play_id":"b093e060-ce9f-4e99-8c19-f0317f2364cd","local_time":"20190317183504","is_ascension_mode":true,"campfire_choices":[{"data":"Glacier","floor":6,"key":"SMITH"},{"floor":8,"key":"REST"},{"floor":15,"key":"REST"}],"neow_cost":"NONE","seed_source_timestamp":1140002097744706,"circlet_count":0,"master_deck":["AscendersBane","Strike_B","Strike_B","Defend_B","Defend_B","Defend_B","Defend_B","Zap","Dualcast","Ball Lightning","Conserve Battery","White Noise","Go for the Eyes","Glacier+1","Ball Lightning","Buffer+1","Consume","Buffer"],"relics":["Cracked Core","Ancient Tea Set","Bag of Preparation","Odd Mushroom","Nuclear Battery"],"potions_floor_usage":[3,18,18,18,18],"damage_taken":[{"damage":0,"enemies":"Cultist","floor":1,"turns":4},{"damage":7,"enemies":"Jaw Worm","floor":2,"turns":4},{"damage":1,"enemies":"Small Slimes","floor":3,"turns":4},{"damage":9,"enemies":"Blue Slaver","floor":4,"turns":4},{"damage":23,"enemies":"Exordium Thugs","floor":7,"turns":8},{"damage":2,"enemies":"3 Sentries","floor":10,"turns":9},{"damage":5,"enemies":"Exordium Wildlife","floor":12,"turns":4},{"damage":11,"enemies":"The Mushroom Lair","floor":13,"turns":7},{"damage":0,"enemies":"Blue Slaver","floor":14,"turns":3},{"damage":16,"enemies":"Hexaghost","floor":16,"turns":11},{"damage":30,"enemies":"3 Byrds","floor":18,"turns":9},{"damage":0,"enemies":"Chosen","floor":20,"turns":5},{"damage":47,"enemies":"Centurion and Healer","floor":22,"turns":19}],"seed_played":"4951983664338127142","potions_obtained":[{"floor":2,"key":"Weak Potion"},{"floor":4,"key":"FearPotion"},{"floor":7,"key":"Energy Potion"},{"floor":14,"key":"EntropicBrew"}],"is_trial":false,"path_per_floor":["M","M","M","M","$","R","M","R","T","E","?","M","?","M","R","B",null,"M","?","M","$","M"],"character_chosen":"DEFECT","items_purchased":["Glacier"],"campfire_rested":2,"item_purchase_floors":[5],"current_hp_per_floor":[75,68,67,58,58,58,35,59,59,57,46,41,30,30,54,38,71,41,41,41,41,0],"gold":213,"neow_bonus":"TEN_PERCENT_HP_BONUS","is_prod":false,"is_daily":false,"chose_seed":false,"campfire_upgraded":1,"win_rate":0,"timestamp":1552862104,"path_taken":["M","?","?","M","$","R","M","R","T","E","?","M","?","M","R","BOSS","M","?","M","?","M"],"build_version":"2019-01-23","purchased_purges":2,"victory":false,"max_hp_per_floor":[82,82,82,82,82,82,82,82,82,82,82,82,82,82,82,82,82,82,82,82,82,82],"card_choices":[{"not_picked":["Gash","Scrape"],"picked":"Ball Lightning","floor":1},{"not_picked":["Sweeping Beam","Ball Lightning"],"picked":"Conserve Battery","floor":2},{"not_picked":["Double Energy","Steam"],"picked":"White Noise","floor":3},{"not_picked":["Fusion","Compile Driver"],"picked":"Go for the Eyes","floor":4},{"not_picked":["Heatsinks","Turbo"],"picked":"Ball Lightning","floor":7},{"not_picked":["Go for the Eyes","Turbo","Steam"],"picked":"SKIP","floor":10},{"not_picked":["Beam Cell","Loop"],"picked":"Buffer","floor":12},{"not_picked":["Turbo","Undo"],"picked":"Consume","floor":14},{"not_picked":["Multi-Cast","Amplify"],"picked":"Buffer","floor":16},{"not_picked":["Go for the Eyes","Ball Lightning","Barrage"],"picked":"SKIP","floor":18},{"not_picked":["Stack","Barrage","Rebound+1"],"picked":"SKIP","floor":20}],"player_experience":780109,"relics_obtained":[{"floor":9,"key":"Ancient Tea Set"},{"floor":10,"key":"Bag of Preparation"},{"floor":13,"key":"Odd Mushroom"}],"event_choices":[{"damage_healed":0,"gold_gain":75,"player_choice":"Gather Gold","damage_taken":11,"max_hp_gain":0,"max_hp_loss":0,"event_name":"World of Goop","floor":11,"gold_loss":0},{"damage_healed":0,"gold_gain":0,"player_choice":"Fought Mushrooms","damage_taken":0,"max_hp_gain":0,"max_hp_loss":0,"event_name":"Mushrooms","floor":13,"gold_loss":0},{"damage_healed":0,"gold_gain":0,"player_choice":"Upgraded","damage_taken":0,"max_hp_gain":0,"max_hp_loss":0,"event_name":"Upgrade Shrine","floor":19,"gold_loss":0,"cards_upgraded":["Buffer"]}],"is_beta":false,"boss_relics":[{"not_picked":["Orrery","Astrolabe"],"picked":"Nuclear Battery"}],"items_purged_floors":[5,21],"is_endless":false,"potions_floor_spawned":[2,4,7,14,16],"killed_by":"Centurion and Healer","ascension_level":11}