{"gold_per_floor":[116,116,41,59,76,101,101,101,128,163,163,181,181,181,181,181],"floor_reached":16,"playtime":1168,"items_purged":[],"score":124,"play_id":"3e2b71e8-2a63-4a68-b8f8-529d693b217b","local_time":"20190301212823","is_ascension_mode":true,"campfire_choices":[{"floor":11,"key":"REST"},{"floor":13,"key":"REST"},{"data":"Footwork","floor":15,"key":"SMITH"}],"neow_cost":"NONE","seed_source_timestamp":835853371249105,"circlet_count":0,"master_deck":["Defend_G","Defend_G","Defend_G","Defend_G","Defend_G","Strike_G","Strike_G","Strike_G","Survivor","Neutralize","Footwork+1","Crippling Poison","Envenom","Backstab"],"relics":["Sozu","Strawberry","Kunai","Boot","Ginger"],"potions_floor_usage":[],"damage_taken":[{"damage":5,"enemies":"Jaw Worm","floor":1,"turns":5},{"damage":0,"enemies":"Small Slimes","floor":4,"turns":4},{"damage":0,"enemies":"Cultist","floor":5,"turns":5},{"damage":36,"enemies":"Lagavulin","floor":6,"turns":17},{"damage":39,"enemies":"Gremlin Nob","floor":10,"turns":6},{"damage":3,"enemies":"Large Slime","floor":12,"turns":6},{"damage":45,"enemies":"Slime Boss","floor":16,"turns":14}],"seed_played":"7132111487673915487","potions_obtained":[],"is_trial":false,"path_per_floor":["M","?","?","M","M","E","?","?","T","E","R","M","R","?","R","B"],"character_chosen":"THE_SILENT","items_purchased":[],"campfire_rested":2,"item_purchase_floors":[],"current_hp_per_floor":[65,65,72,72,72,36,41,41,41,2,26,23,47,40,40,0],"gold":181,"neow_bonus":"BOSS_RELIC","is_prod":false,"is_daily":false,"chose_seed":false,"campfire_upgraded":1,"win_rate":0,"timestamp":1551472103,"path_taken":["M","?","?","M","?","E","?","?","T","E","R","M","R","?","R","BOSS"],"build_version":"2019-01-23","purchased_purges":0,"victory":false,"max_hp_per_floor":[70,70,77,77,77,77,82,82,82,82,82,82,82,82,82,82],"card_choices":[{"not_picked":["Cloak And Dagger","Poisoned Stab"],"picked":"Footwork","floor":1},{"not_picked":["Skewer","Dagger Spray","Concentrate"],"picked":"SKIP","floor":4},{"not_picked":["Expertise","Prepared"],"picked":"Crippling Poison","floor":5},{"not_picked":["Die Die Die","Outmaneuver"],"picked":"Envenom","floor":6},{"not_picked":["Blade Dance","Heel Hook","Quick Slash"],"picked":"SKIP","floor":10},{"not_picked":["Skewer","Backflip"],"picked":"Backstab","floor":12}],"player_experience":741200,"relics_obtained":[{"floor":6,"key":"Kunai"},{"floor":9,"key":"Boot"},{"floor":10,"key":"Ginger"}],"event_choices":[{"cards_removed":["Strike_G"],"damage_healed":0,"gold_gain":0,"player_choice":"Forget","damage_taken":0,"max_hp_gain":0,"max_hp_loss":0,"event_name":"Living Wall","floor":2,"gold_loss":0},{"damage_healed":0,"gold_gain":0,"player_choice":"Paid Gold","damage_taken":0,"relics_obtained":["Strawberry"],"max_hp_gain":0,"max_hp_loss":0,"event_name":"WeMeetAgain","floor":3,"gold_loss":75},{"damage_healed":0,"gold_gain":0,"player_choice":"Donut","damage_taken":0,"max_hp_gain":5,"max_hp_loss":0,"event_name":"Big Fish","floor":7,"gold_loss":0},{"damage_healed":0,"gold_gain":0,"player_choice":"Ignored","damage_taken":0,"max_hp_gain":0,"max_hp_loss":0,"event_name":"Liars Game","floor":8,"gold_loss":0},{"cards_removed":["Strike_G"],"damage_healed":0,"gold_gain":0,"player_choice":"Card Removal","damage_taken":7,"max_hp_gain":0,"max_hp_loss":0,"event_name":"Golden Wing","floor":14,"gold_loss":0}],"is_beta":false,"boss_relics":[],"items_purged_floors":[],"is_endless":false,"potions_floor_spawned":[10],"killed_by":"Slime Boss","ascension_level":3}