{"gold_per_floor":[115,115,132,151,151,151,29,29,52,68,68,68,87,113,113,213,213,181,196,28,28,39,39,54,54,54,54,73,73,87,100,100,204,254,268,16,16,33,48,48,68,168,194,194,194,69,82,98,98,98],"floor_reached":50,"playtime":6268,"items_purged":["Strike_R","Strike_R","Strike_R"],"score":461,"play_id":"b541fded-e59e-4024-b975-48dfc7453fcf","local_time":"20181224231635","is_ascension_mode":false,"campfire_choices":[{"data":"Iron Wave","floor":6,"key":"SMITH"},{"data":"Armaments","floor":8,"key":"SMITH"},{"data":"Metallicize","floor":12,"key":"SMITH"},{"data":"Thunderclap","floor":15,"key":"SMITH"},{"data":"Flame Barrier","floor":23,"key":"SMITH"},{"data":"Immolate","floor":25,"key":"SMITH"},{"data":"Headbutt","floor":27,"key":"SMITH"},{"data":"Clothesline","floor":29,"key":"SMITH"},{"data":"Body Slam","floor":32,"key":"SMITH"},{"data":"Immolate","floor":40,"key":"SMITH"},{"floor":45,"key":"REST"},{"data":"Madness","floor":49,"key":"SMITH"}],"neow_cost":"NONE","seed_source_timestamp":629522757373076,"circlet_count":0,"master_deck":["Strike_R+1","Strike_R+1","Defend_R","Defend_R","Defend_R","Bash","Iron Wave+1","Metallicize+1","Impervious","Armaments+1","Searing Blow+1","Thunderclap+1","Immolate+1","Shrug It Off+1","Disarm","Flame Barrier+1","Clothesline+1","Headbutt+1","Iron Wave+1","Body Slam+1","Immolate+1","Entrench","Feel No Pain","Parasite","Rupture+1","Dual Wield+1","Iron Wave+1","Madness","Madness+1","Fire Breathing+1"],"relics":["Burning Blood","Oddly Smooth Stone","Whetstone","Red Skull","Sozu","MutagenicStrength","Shuriken","Tiny House","Mummified Hand","Calipers","Strawberry"],"potions_floor_usage":[16,16,16],"damage_taken":[{"damage":0,"enemies":"Small Slimes","floor":1,"turns":3},{"damage":5,"enemies":"Cultist","floor":3,"turns":5},{"damage":1,"enemies":"Jaw Worm","floor":4,"turns":5},{"damage":0,"enemies":"Lots of Slimes","floor":10,"turns":7},{"damage":0,"enemies":"Exordium Wildlife","floor":13,"turns":6},{"damage":39,"enemies":"The Guardian","floor":16,"turns":18},{"damage":8,"enemies":"2 Thieves","floor":18,"turns":5},{"damage":6,"enemies":"Spheric Guardian","floor":19,"turns":6},{"damage":19,"enemies":"Cultist and Chosen","floor":22,"turns":9},{"damage":0,"enemies":"Snecko","floor":24,"turns":4},{"damage":2,"enemies":"3 Cultists","floor":28,"turns":4},{"damage":11,"enemies":"Cultist and Chosen","floor":30,"turns":6},{"damage":0,"enemies":"Snecko","floor":31,"turns":3},{"damage":74,"enemies":"Automaton","floor":33,"turns":10},{"damage":3,"enemies":"3 Shapes","floor":35,"turns":4},{"damage":6,"enemies":"Orb Walker","floor":38,"turns":5},{"damage":19,"enemies":"Writhing Mass","floor":39,"turns":8},{"damage":35,"enemies":"Spire Growth","floor":41,"turns":8},{"damage":0,"enemies":"Mind Bloom Boss Battle","floor":42,"turns":7},{"damage":5,"enemies":"Maw","floor":47,"turns":10},{"damage":7,"enemies":"Sphere and 2 Shapes","floor":48,"turns":4},{"damage":92,"enemies":"Awakened One","floor":50,"turns":13}],"seed_played":"-1730724534402658617","potions_obtained":[{"floor":2,"key":"PowerPotion"},{"floor":2,"key":"Weak Potion"},{"floor":2,"key":"SmokeBomb"},{"floor":3,"key":"Block Potion"}],"is_trial":false,"path_per_floor":["M","?","M","M","?","R","$","R","T","M","$","R","M","T","R","B",null,"M","M","$","?","M","R","M","R","T","R","M","R","M","M","R","B",null,"M","$","?","M","M","R","M","?","T","?","R","$","M","M","R","B"],"character_chosen":"IRONCLAD","items_purchased":["Armaments","Flame Barrier","Mummified Hand"],"campfire_rested":1,"item_purchase_floors":[7,20,36],"current_hp_per_floor":[88,88,88,88,76,76,76,76,76,82,82,82,88,88,88,55,88,86,86,86,86,73,73,79,79,79,79,83,83,78,84,84,16,93,93,93,93,93,80,80,51,57,64,51,81,81,82,81,81,0],"gold":98,"neow_bonus":"TEN_PERCENT_HP_BONUS","is_prod":false,"is_daily":false,"chose_seed":false,"campfire_upgraded":11,"win_rate":0,"timestamp":1545711395,"path_taken":["M","?","M","?","?","R","?","R","T","?","?","R","M","?","R","BOSS","M","M","$","?","M","R","M","R","T","R","M","R","M","M","R","BOSS","M","$","?","M","M","R","M","?","T","?","R","?","M","M","R","BOSS"],"build_version":"2018-12-20","purchased_purges":3,"victory":false,"max_hp_per_floor":[88,88,88,88,88,88,88,88,88,88,88,88,88,88,88,88,88,88,88,88,88,88,88,88,88,88,88,88,88,88,88,88,88,93,93,93,93,93,93,93,93,93,100,100,100,100,100,100,100,100],"card_choices":[{"not_picked":["Second Wind","Metallicize"],"picked":"Iron Wave","floor":1},{"not_picked":["Twin Strike","Iron Wave"],"picked":"Metallicize","floor":3},{"not_picked":["Pommel Strike","Havoc"],"picked":"Impervious","floor":4},{"not_picked":["Wild Strike","Sword Boomerang"],"picked":"Searing Blow","floor":10},{"not_picked":["Flex","Clothesline"],"picked":"Thunderclap","floor":13},{"not_picked":["Fiend Fire","Berserk"],"picked":"Immolate","floor":16},{"not_picked":["Pommel Strike+1","Cleave"],"picked":"Shrug It Off+1","floor":18},{"not_picked":["Warcry","Corruption"],"picked":"Disarm","floor":19},{"not_picked":["Heavy Blade","Headbutt"],"picked":"Clothesline","floor":22},{"not_picked":["Iron Wave","Corruption"],"picked":"Headbutt","floor":24},{"not_picked":["Clash+1","Perfected Strike"],"picked":"Iron Wave+1","floor":28},{"not_picked":["Havoc+1","Rupture","Carnage"],"picked":"SKIP","floor":30},{"not_picked":["Armaments","Power Through"],"picked":"Body Slam","floor":31},{"not_picked":["Offering","Brutality"],"picked":"Immolate","floor":33},{"not_picked":["Armaments","Heavy Blade"],"picked":"Entrench","floor":34},{"not_picked":["Armaments","Iron Wave","Hemokinesis"],"picked":"SKIP","floor":35},{"not_picked":["Thunderclap","Iron Wave"],"picked":"Feel No Pain","floor":38},{"not_picked":["Intimidate+1","Hemokinesis+1"],"picked":"Rupture+1","floor":39},{"not_picked":["Perfected Strike","Anger"],"picked":"Dual Wield+1","floor":41},{"not_picked":["Heavy Blade","Warcry+1"],"picked":"Iron Wave+1","floor":42},{"not_picked":["Clothesline","Dual Wield"],"picked":"Fire Breathing+1","floor":47},{"not_picked":["Iron Wave","Body Slam","Clothesline"],"picked":"SKIP","floor":48}],"player_experience":503758,"relics_obtained":[{"floor":9,"key":"Whetstone"},{"floor":14,"key":"Red Skull"},{"floor":26,"key":"Shuriken"},{"floor":42,"key":"Calipers"},{"floor":43,"key":"Strawberry"}],"event_choices":[{"damage_healed":0,"gold_gain":0,"player_choice":"Got Potions","damage_taken":0,"max_hp_gain":0,"max_hp_loss":0,"event_name":"Lab","floor":2,"gold_loss":0},{"damage_healed":0,"gold_gain":0,"player_choice":"Success","damage_taken":12,"relics_obtained":["Oddly Smooth Stone"],"max_hp_gain":0,"max_hp_loss":0,"event_name":"Scrap Ooze","floor":5,"gold_loss":0},{"damage_healed":0,"gold_gain":0,"player_choice":"Inject Mutagens","damage_taken":0,"relics_obtained":["MutagenicStrength"],"max_hp_gain":0,"max_hp_loss":0,"event_name":"Drug Dealer","floor":21,"gold_loss":0},{"cards_removed":["Defend_R"],"damage_healed":0,"gold_gain":0,"player_choice":"Removed Skill","damage_taken":0,"max_hp_gain":0,"max_hp_loss":0,"event_name":"Falling","floor":37,"gold_loss":0},{"damage_healed":0,"gold_gain":0,"player_choice":"Fight","damage_taken":0,"max_hp_gain":0,"max_hp_loss":0,"event_name":"MindBloom","floor":42,"gold_loss":0},{"damage_healed":0,"gold_gain":0,"player_choice":"Embrace Madness","damage_taken":13,"max_hp_gain":0,"max_hp_loss":0,"event_name":"Winding Halls","floor":44,"gold_loss":0,"cards_obtained":["Madness","Madness"]}],"is_beta":false,"boss_relics":[{"not_picked":["Runic Cube","Empty Cage"],"picked":"Sozu"},{"not_picked":["Eternal Feather","Calling Bell"],"picked":"Tiny House"}],"items_purged_floors":[7,20,46],"is_endless":false,"potions_floor_spawned":[3,4,24,28,30,35,38,39],"killed_by":"Awakened One","ascension_level":0}