{"gold_per_floor":[116,216,226,226,101,101,101,126,126,126,226,245,73,87,87,188,188,198,217,132,132,142,142,71,71,71,71,44,144,144,154,154,254,254,264,364,383,182,182,182,20,33,107,107,142,68,68,88,88,88],"floor_reached":51,"playtime":2501,"items_purged":["Strike_B","Strike_B"],"score":937,"play_id":"0e8aedd6-5517-40be-9453-a90f89290f2e","local_time":"20190426105532","is_ascension_mode":true,"campfire_choices":[{"data":"Zap","floor":6,"key":"SMITH"},{"data":"Loop","floor":10,"key":"SMITH"},{"floor":15,"key":"REST"},{"data":"Reinforced Body","floor":23,"key":"SMITH"},{"data":"Defragment","floor":25,"key":"SMITH"},{"data":"Conserve Battery","floor":27,"key":"SMITH"},{"data":"Buffer","floor":32,"key":"SMITH"},{"data":"Mayhem","floor":40,"key":"SMITH"},{"data":"Capacitor","floor":44,"key":"SMITH"},{"data":"Genetic Algorithm","floor":47,"key":"SMITH"},{"data":"Rainbow","floor":49,"key":"SMITH"}],"neow_cost":"NONE","seed_source_timestamp":59347661658151,"circlet_count":0,"master_deck":["Strike_B+1","Defend_B+1","Defend_B+1","Defend_B+1","Defend_B+1","Zap+1","Dualcast","Cold Snap","Conserve Battery+1","Machine Learning","Loop+1","Sweeping Beam","Reinforced Body+1","Cold Snap","Buffer+1","Recycle+1","Recycle+1","Compile Driver","Defragment+1","Leap","Consume+1","Compile Driver+1","Rainbow+1","Coolheaded","Genetic Algorithm+1","Go for the Eyes+1","Ball Lightning+1","Mayhem+1","Capacitor+1","Ball Lightning+1","Chill","Auto Shields","Coolheaded+1","Self Repair","Ball Lightning+1"],"relics":["Cracked Core","Blood Vial","Bag of Preparation","PreservedInsect","DataDisk","Runic Pyramid","Turnip","Bottled Tornado","Bird Faced Urn","Molten Egg 2","Sozu","Calipers","Happy Flower","Mercury Hourglass","Ice Cream"],"potions_floor_usage":[12,22,29,33],"damage_taken":[{"damage":1,"enemies":"2 Louse","floor":1,"turns":3},{"damage":6,"enemies":"Cultist","floor":3,"turns":4},{"damage":34,"enemies":"Gremlin Nob","floor":8,"turns":5},{"damage":13,"enemies":"Small Slimes","floor":12,"turns":2},{"damage":3,"enemies":"Looter","floor":14,"turns":3},{"damage":6,"enemies":"The Guardian","floor":16,"turns":14},{"damage":1,"enemies":"Shell Parasite","floor":18,"turns":7},{"damage":8,"enemies":"3 Byrds","floor":19,"turns":5},{"damage":10,"enemies":"3 Cultists","floor":22,"turns":6},{"damage":11,"enemies":"Colosseum Slavers","floor":29,"turns":5},{"damage":3,"enemies":"Colosseum Nobs","floor":29,"turns":5},{"damage":0,"enemies":"Snecko","floor":31,"turns":4},{"damage":29,"enemies":"Collector","floor":33,"turns":11},{"damage":3,"enemies":"3 Darklings","floor":35,"turns":5},{"damage":21,"enemies":"Mind Bloom Boss Battle","floor":36,"turns":6},{"damage":0,"enemies":"3 Shapes","floor":37,"turns":5},{"damage":0,"enemies":"Transient","floor":42,"turns":5},{"damage":1,"enemies":"Giant Head","floor":45,"turns":7},{"damage":4,"enemies":"3 Darklings","floor":48,"turns":6},{"damage":19,"enemies":"Time Eater","floor":50,"turns":12}],"seed_played":"-928292989391340782","potions_obtained":[{"floor":1,"key":"SkillPotion"},{"floor":8,"key":"GamblersBrew"},{"floor":14,"key":"Explosive Potion"},{"floor":19,"key":"Swift Potion"},{"floor":22,"key":"GamblersBrew"},{"floor":31,"key":"Poison Potion"},{"floor":33,"key":"Fire Potion"}],"is_trial":false,"path_per_floor":["?","M","?","?","?","M","?","?","M","?","?","?","?","$","$"],"character_chosen":"DEFECT","items_purchased":["Conserve Battery","Reinforced Body","Defragment","Leap","Ball Lightning+1","Happy Flower","Capacitor","Ball Lightning+1","Chill","Self Repair"],"campfire_rested":1,"item_purchase_floors":[5,13,24,28,38,38,41,41,41,46],"current_hp_per_floor":[69,69,65,62,62,62,62,30,30,30,30,19,19,18,40,36,65,66,60,60,60,52,52,52,52,52,52,52,42,42,52,52,31,64,71,56,64,64,64,64,64,75,75,75,75,75,75,75,75,74],"gold":88,"neow_bonus":"RANDOM_COMMON_RELIC","is_prod":false,"is_daily":false,"chose_seed":false,"campfire_upgraded":10,"win_rate":0,"timestamp":1556250932,"path_taken":["M","?","?","?","$","R","?","E","T","R","?","?","$","M","R","BOSS","M","M","?","?","?","R","$","R","T","R","$","?","?","M","R","BOSS","M","?","M","$","?","R","?","M","T","R","E","?","R","M","R","BOSS"],"build_version":"2019-01-23","purchased_purges":2,"victory":true,"max_hp_per_floor":[75,75,75,75,75,75,75,75,75,75,75,75,75,75,75,75,75,75,75,75,75,75,75,75,75,75,75,75,75,75,75,75,75,75,75,75,75,75,75,75,75,75,75,75,75,75,75,75,75,75],"card_choices":[{"not_picked":["Skim","BootSequence","Rebound"],"picked":"SKIP","floor":1},{"not_picked":["Loop","Coolheaded"],"picked":"Cold Snap","floor":3},{"not_picked":["Barrage","Streamline"],"picked":"Loop","floor":8},{"not_picked":["Steam Power","Gash"],"picked":"Sweeping Beam","floor":12},{"not_picked":["Sweeping Beam","Hologram"],"picked":"Cold Snap","floor":14},{"not_picked":["Rainbow","Machine Learning"],"picked":"Buffer","floor":16},{"not_picked":["Gash","Coolheaded"],"picked":"Recycle","floor":18},{"not_picked":["Coolheaded","Beam Cell"],"picked":"Recycle+1","floor":19},{"not_picked":["Rebound","Redo"],"picked":"Compile Driver","floor":22},{"not_picked":["Blizzard","Conserve Battery"],"picked":"Consume+1","floor":29},{"not_picked":["Leap","Thunder Strike+1"],"picked":"Compile Driver+1","floor":31},{"not_picked":["Multi-Cast","All For One+1"],"picked":"Rainbow","floor":33},{"not_picked":["Steam+1","Gash+1"],"picked":"Coolheaded","floor":35},{"not_picked":["Beam Cell+1","Redo"],"picked":"Genetic Algorithm","floor":36},{"not_picked":["Leap+1","Streamline+1"],"picked":"Go for the Eyes+1","floor":37},{"not_picked":["Master of Strategy","HandOfGreed+1"],"picked":"Mayhem","floor":39},{"not_picked":["Turbo","Steam"],"picked":"Auto Shields","floor":42},{"not_picked":["Redo","Rebound+1"],"picked":"Coolheaded+1","floor":45},{"not_picked":["Steam","Hologram"],"picked":"Ball Lightning+1","floor":48}],"player_experience":90732,"relics_obtained":[{"floor":8,"key":"PreservedInsect"},{"floor":9,"key":"DataDisk"},{"floor":26,"key":"Bottled Tornado"},{"floor":29,"key":"Bird Faced Urn"},{"floor":29,"key":"Molten Egg 2"},{"floor":36,"key":"Calipers"},{"floor":43,"key":"Mercury Hourglass"},{"floor":45,"key":"Ice Cream"}],"event_choices":[{"damage_healed":0,"gold_gain":100,"player_choice":"Pray","damage_taken":0,"max_hp_gain":0,"max_hp_loss":0,"event_name":"Golden Shrine","floor":2,"gold_loss":0},{"damage_healed":0,"gold_gain":0,"player_choice":"Success","damage_taken":3,"relics_obtained":["Bag of Preparation"],"max_hp_gain":0,"max_hp_loss":0,"event_name":"Scrap Ooze","floor":4,"gold_loss":0},{"damage_healed":0,"gold_gain":0,"cards_transformed":["Strike_B"],"player_choice":"Change","damage_taken":0,"max_hp_gain":0,"max_hp_loss":0,"event_name":"Living Wall","floor":7,"gold_loss":0,"cards_obtained":["Machine Learning"]},{"damage_healed":0,"gold_gain":100,"player_choice":"Gold","damage_taken":0,"max_hp_gain":0,"max_hp_loss":0,"event_name":"Wheel of Change","floor":11,"gold_loss":0},{"damage_healed":0,"gold_gain":0,"player_choice":"Obtained Relic","damage_taken":0,"relics_obtained":["Turnip"],"max_hp_gain":0,"max_hp_loss":0,"event_name":"Addict","floor":20,"gold_loss":85},{"damage_healed":0,"gold_gain":0,"player_choice":"Forge","damage_taken":0,"max_hp_gain":0,"max_hp_loss":0,"event_name":"Accursed Blacksmith","floor":21,"gold_loss":0,"cards_upgraded":["Recycle"]},{"damage_healed":0,"gold_gain":0,"player_choice":"Fight","damage_taken":0,"max_hp_gain":0,"max_hp_loss":0,"event_name":"Colosseum","floor":29,"gold_loss":0},{"damage_healed":0,"gold_gain":0,"player_choice":"Fought Nobs","damage_taken":0,"max_hp_gain":0,"max_hp_loss":0,"event_name":"Colosseum","floor":29,"gold_loss":0},{"damage_healed":0,"gold_gain":0,"player_choice":"Simplicity","damage_taken":0,"max_hp_gain":0,"max_hp_loss":0,"event_name":"Back to Basics","floor":30,"gold_loss":0,"cards_upgraded":["Strike_B","Defend_B","Defend_B","Defend_B","Defend_B"]},{"damage_healed":0,"gold_gain":0,"player_choice":"Fight","damage_taken":0,"max_hp_gain":0,"max_hp_loss":0,"event_name":"MindBloom","floor":36,"gold_loss":0},{"damage_healed":0,"gold_gain":0,"player_choice":"Memory 1","damage_taken":0,"max_hp_gain":0,"max_hp_loss":0,"event_name":"SensoryStone","floor":39,"gold_loss":0}],"is_beta":false,"boss_relics":[{"not_picked":["Eternal Feather","Snecko Eye"],"picked":"Runic Pyramid"},{"not_picked":["Runic Dome","Philosopher\u0027s Stone"],"picked":"Sozu"}],"items_purged_floors":[5,13],"is_endless":false,"potions_floor_spawned":[1,8,14,19,22,31,33,37,45,48],"ascension_level":6}