{"gold_per_floor":[117,29,48,67,67,67,100,112,202,46,75,92,106,122,122,217,217,229,144,144,170,181,181,207,225,299,327,62,79,79,19,19,117,117,127,140,156,211,16,16,45,62,140,140,40,40,57,76,76,76],"floor_reached":51,"playtime":3855,"items_purged":["Parasite","Writhe"],"score":707,"play_id":"8b7a1477-fc27-4f30-ba56-0737019e2188","local_time":"20190404134934","is_ascension_mode":false,"campfire_choices":[{"data":"Dark Shackles","floor":6,"key":"SMITH"},{"data":"Metamorphosis","floor":15,"key":"SMITH"},{"data":"Iron Wave","floor":23,"key":"SMITH"},{"data":"Apotheosis","floor":30,"key":"SMITH"},{"data":"Shrug It Off","floor":32,"key":"SMITH"},{"floor":40,"key":"REST"},{"floor":44,"key":"REST"},{"floor":49,"key":"REST"}],"neow_cost":"NONE","seed_source_timestamp":578147971946391,"circlet_count":0,"master_deck":["Strike_R","Strike_R","Strike_R+1","Strike_R+1","Defend_R","Defend_R","Defend_R","Defend_R","Bash","Pommel Strike","Dark Shackles+1","Cleave","Iron Wave+1","Shrug It Off","Metamorphosis+1","Flex","Reaper","Perfected Strike","Shrug It Off+1","Immolate","Feel No Pain","Seeing Red+1","Rage","Shrug It Off+1","Armaments+1","Apotheosis+1","Impervious","Exhume+1","Thunderclap","Barricade","Battle Trance+1","Clothesline","True Grit+1","Shockwave+1","Flex+1","Sentinel+1","Burning Pact+1","Perfected Strike+1"],"relics":["Burning Blood","MawBank","Mercury Hourglass","Bottled Lightning","Cursed Key","Omamori","Lantern","Centennial Puzzle","Torii","Dodecahedron","Red Mask","Fusion Hammer","Charon\u0027s Ashes","Juzu Bracelet","Orichalcum","Molten Egg 2"],"potions_floor_usage":[16,16,16,33,33,33,38,50,50,50],"damage_taken":[{"damage":15,"enemies":"Cultist","floor":1,"turns":6},{"damage":4,"enemies":"2 Louse","floor":3,"turns":3},{"damage":0,"enemies":"Small Slimes","floor":4,"turns":2},{"damage":28,"enemies":"Gremlin Nob","floor":7,"turns":4},{"damage":9,"enemies":"3 Sentries","floor":11,"turns":6},{"damage":6,"enemies":"2 Fungi Beasts","floor":12,"turns":2},{"damage":2,"enemies":"Blue Slaver","floor":13,"turns":3},{"damage":1,"enemies":"Large Slime","floor":14,"turns":4},{"damage":46,"enemies":"Hexaghost","floor":16,"turns":7},{"damage":17,"enemies":"Spheric Guardian","floor":18,"turns":4},{"damage":5,"enemies":"Shell Parasite","floor":22,"turns":4},{"damage":20,"enemies":"Slavers","floor":24,"turns":5},{"damage":0,"enemies":"3 Cultists","floor":25,"turns":2},{"damage":1,"enemies":"Masked Bandits","floor":27,"turns":4},{"damage":1,"enemies":"Snecko","floor":29,"turns":4},{"damage":56,"enemies":"Automaton","floor":33,"turns":9},{"damage":1,"enemies":"3 Darklings","floor":35,"turns":5},{"damage":13,"enemies":"Orb Walker","floor":36,"turns":4},{"damage":19,"enemies":"3 Darklings","floor":37,"turns":5},{"damage":58,"enemies":"2 Orb Walkers","floor":38,"turns":5},{"damage":0,"enemies":"Reptomancer","floor":41,"turns":6},{"damage":17,"enemies":"Jaw Worm Horde","floor":42,"turns":4},{"damage":17,"enemies":"4 Shapes","floor":47,"turns":3},{"damage":24,"enemies":"Transient","floor":48,"turns":5},{"damage":30,"enemies":"Awakened One","floor":50,"turns":10}],"seed_played":"-2990951763732248209","potions_obtained":[{"floor":3,"key":"Swift Potion"},{"floor":11,"key":"Explosive Potion"},{"floor":13,"key":"Fire Potion"},{"floor":25,"key":"EssenceOfSteel"},{"floor":27,"key":"LiquidBronze"},{"floor":29,"key":"Regen Potion"},{"floor":37,"key":"Energy Potion"},{"floor":41,"key":"BloodPotion"},{"floor":42,"key":"LiquidBronze"}],"is_trial":false,"path_per_floor":["M","$","M","M","?","R","E","?","T","$","E","M","M","M","R","B",null,"M","?","?","T","M","R","E","M","T","?","$","M","R","?","R","B",null,"M","M","M","?","$","R","E","M","T","R","$","?","M","M","R","B",null],"character_chosen":"IRONCLAD","items_purchased":["Dark Shackles","Metamorphosis","Apotheosis","Juzu Bracelet","Energy Potion"],"campfire_rested":3,"item_purchase_floors":[2,10,28,39,39],"current_hp_per_floor":[71,71,73,79,63,63,41,61,61,61,58,58,62,75,75,39,80,69,69,69,69,70,70,56,62,62,79,77,77,77,77,77,42,77,77,70,69,17,17,40,56,45,45,68,68,68,57,39,62,61],"gold":76,"neow_bonus":"ONE_RANDOM_RARE_CARD","is_prod":false,"is_daily":false,"chose_seed":false,"campfire_upgraded":5,"win_rate":0,"timestamp":1554400174,"path_taken":["M","?","M","M","?","R","E","?","T","$","E","M","M","M","R","BOSS","M","?","?","?","M","R","E","M","T","?","?","M","R","?","R","BOSS","M","M","?","?","$","R","E","M","T","R","?","?","M","M","R","BOSS"],"build_version":"2019-01-23","purchased_purges":2,"victory":true,"max_hp_per_floor":[80,80,80,80,80,80,80,80,80,80,80,80,80,80,80,80,80,80,80,80,80,80,80,80,80,80,80,77,77,77,77,77,77,77,77,77,77,77,77,77,77,77,77,77,77,77,77,77,77,77],"card_choices":[{"not_picked":["Body Slam","Cleave"],"picked":"Pommel Strike","floor":1},{"not_picked":["Twin Strike","Bloodletting"],"picked":"Cleave","floor":3},{"not_picked":["Sword Boomerang","Flex"],"picked":"Iron Wave","floor":4},{"not_picked":["Sword Boomerang","Whirlwind"],"picked":"Shrug It Off","floor":7},{"not_picked":["Pommel Strike","Anger"],"picked":"Flex","floor":11},{"not_picked":["Pommel Strike","Iron Wave"],"picked":"Reaper","floor":12},{"not_picked":["Thunderclap","Sword Boomerang"],"picked":"Perfected Strike","floor":13},{"not_picked":["Dual Wield","True Grit"],"picked":"Shrug It Off","floor":14},{"not_picked":["Dark Embrace","Offering"],"picked":"Immolate","floor":16},{"not_picked":["Power Through","Warcry+1"],"picked":"Feel No Pain","floor":18},{"not_picked":["Metallicize","Corruption"],"picked":"Seeing Red+1","floor":22},{"not_picked":["Battle Trance","Rampage+1"],"picked":"Rage","floor":24},{"not_picked":["Second Wind","Heavy Blade+1"],"picked":"Shrug It Off+1","floor":25},{"not_picked":["Pommel Strike","Body Slam"],"picked":"Armaments+1","floor":27},{"not_picked":["Second Wind+1","Clothesline"],"picked":"Impervious","floor":29},{"not_picked":["Reaper","Dark Embrace"],"picked":"Barricade","floor":33},{"not_picked":["Sword Boomerang","Searing Blow"],"picked":"Battle Trance+1","floor":35},{"not_picked":["Flex","Anger+1"],"picked":"Clothesline","floor":36},{"not_picked":["Intimidate+1","Thunderclap+1"],"picked":"True Grit+1","floor":37},{"not_picked":["Thunderclap+1","Rage+1"],"picked":"Shockwave+1","floor":38},{"not_picked":["Heavy Blade","Anger+1"],"picked":"Flex+1","floor":41},{"not_picked":["True Grit","Wild Strike"],"picked":"Sentinel+1","floor":42},{"not_picked":["Rampage+1","Armaments"],"picked":"Burning Pact+1","floor":47},{"not_picked":["Armaments","Sword Boomerang+1"],"picked":"Perfected Strike+1","floor":48}],"player_experience":41993,"relics_obtained":[{"floor":7,"key":"MawBank"},{"floor":9,"key":"Mercury Hourglass"},{"floor":11,"key":"Bottled Lightning"},{"floor":21,"key":"Centennial Puzzle"},{"floor":24,"key":"Torii"},{"floor":26,"key":"Dodecahedron"},{"floor":27,"key":"Red Mask"},{"floor":38,"key":"Charon\u0027s Ashes"},{"floor":41,"key":"Orichalcum"},{"floor":43,"key":"Molten Egg 2"}],"event_choices":[{"damage_healed":0,"gold_gain":0,"player_choice":"Entered Light","damage_taken":16,"max_hp_gain":0,"max_hp_loss":0,"event_name":"Shining Light","floor":5,"gold_loss":0,"cards_upgraded":["Strike_R","Strike_R"]},{"damage_healed":20,"gold_gain":0,"player_choice":"Healed and dodged fight","damage_taken":0,"max_hp_gain":0,"max_hp_loss":0,"event_name":"Mushrooms","floor":8,"gold_loss":0,"cards_obtained":["Parasite"]},{"damage_healed":0,"gold_gain":0,"player_choice":"Obtained Relic","damage_taken":0,"relics_obtained":["Omamori"],"max_hp_gain":0,"max_hp_loss":0,"event_name":"Addict","floor":19,"gold_loss":85},{"damage_healed":0,"gold_gain":0,"player_choice":"Opened","damage_taken":0,"relics_obtained":["Lantern"],"max_hp_gain":0,"max_hp_loss":0,"event_name":"The Mausoleum","floor":20,"gold_loss":0},{"damage_healed":0,"gold_gain":0,"player_choice":"Fought Bandits","damage_taken":0,"max_hp_gain":0,"max_hp_loss":0,"event_name":"Masked Bandits","floor":27,"gold_loss":0},{"damage_healed":0,"gold_gain":0,"cards_transformed":["Offering","Strike_R"],"player_choice":"Transformed Cards","damage_taken":0,"max_hp_gain":0,"max_hp_loss":0,"event_name":"Designer","floor":31,"gold_loss":60,"cards_obtained":["Exhume","Thunderclap"]},{"damage_healed":0,"gold_gain":0,"player_choice":"Fight","damage_taken":0,"max_hp_gain":0,"max_hp_loss":0,"event_name":"Mysterious Sphere","floor":38,"gold_loss":0},{"damage_healed":0,"gold_gain":0,"player_choice":"Upgraded","damage_taken":0,"max_hp_gain":0,"max_hp_loss":0,"event_name":"Upgrade Shrine","floor":46,"gold_loss":0,"cards_upgraded":["Exhume"]}],"is_beta":false,"boss_relics":[{"not_picked":["Snecko Eye","Runic Cube"],"picked":"Cursed Key"},{"not_picked":["Velvet Choker","Black Blood"],"picked":"Fusion Hammer"}],"items_purged_floors":[28,45],"is_endless":false,"potions_floor_spawned":[3,11,13,25,27,29,37,41,42,48],"ascension_level":0}