{"gold_per_floor":[114,114,66,66,66,91,102,102,102,132,149,166,197,216,216,316,316,336,58,69,69],"floor_reached":21,"playtime":1065,"items_purged":["Strike_R"],"score":199,"play_id":"acdb34ef-b73d-49da-a96b-1ee21ecdfb2f","local_time":"20190410140826","is_ascension_mode":false,"campfire_choices":[{"floor":8,"key":"REST"},{"floor":15,"key":"REST"}],"neow_cost":"NONE","seed_source_timestamp":67652190875341,"circlet_count":0,"master_deck":["Strike_R","Strike_R","Strike_R","Defend_R","Defend_R","Defend_R","Bash","Pommel Strike","Combust","Battle Trance","Flex","Flex","Flex","Armaments","Twin Strike","Impervious","Shrug It Off","Immolate","PiercingWail+1"],"relics":["Burning Blood","Centennial Puzzle","Nunchaku","Kunai","Anchor","Black Star","PrismaticShard"],"potions_floor_usage":[13,13,16,16],"damage_taken":[{"damage":0,"enemies":"2 Louse","floor":1,"turns":2},{"damage":26,"enemies":"3 Sentries","floor":6,"turns":6},{"damage":8,"enemies":"Small Slimes","floor":7,"turns":3},{"damage":48,"enemies":"Lagavulin","floor":10,"turns":6},{"damage":0,"enemies":"Jaw Worm","floor":11,"turns":3},{"damage":14,"enemies":"Exordium Thugs","floor":12,"turns":4},{"damage":10,"enemies":"3 Sentries","floor":13,"turns":6},{"damage":0,"enemies":"3 Louse","floor":14,"turns":3},{"damage":42,"enemies":"The Guardian","floor":16,"turns":14},{"damage":16,"enemies":"2 Thieves","floor":18,"turns":4},{"damage":53,"enemies":"Shell Parasite","floor":20,"turns":9},{"damage":25,"enemies":"3 Cultists","floor":21,"turns":4}],"seed_played":"-4573164277270978253","potions_obtained":[{"floor":1,"key":"Dexterity Potion"},{"floor":10,"key":"SpeedPotion"},{"floor":11,"key":"EssenceOfSteel"},{"floor":13,"key":"Dexterity Potion"},{"floor":18,"key":"Fire Potion"}],"is_trial":false,"path_per_floor":["M","?","$","?","$","E","M","R","T","E","M","M","E","M","R","B",null,"M","$","M","M"],"character_chosen":"IRONCLAD","items_purchased":["Flex","PrismaticShard"],"campfire_rested":2,"item_purchase_floors":[3,19],"current_hp_per_floor":[80,80,80,73,73,53,51,75,75,33,39,31,27,33,57,21,80,70,70,23,0],"gold":69,"neow_bonus":"THREE_CARDS","is_prod":false,"is_daily":false,"chose_seed":false,"campfire_upgraded":0,"win_rate":0,"timestamp":1554919706,"path_taken":["M","?","$","?","?","E","?","R","T","E","M","M","E","M","R","BOSS","M","$","M","M"],"build_version":"2019-01-23","purchased_purges":1,"victory":false,"max_hp_per_floor":[80,80,80,80,80,80,80,80,80,80,80,80,80,80,80,80,80,80,80,80,80],"card_choices":[{"not_picked":["Heavy Blade","Thunderclap"],"picked":"Pommel Strike","floor":0},{"not_picked":["Evolve","Body Slam"],"picked":"Combust","floor":1},{"not_picked":["Reckless Charge","Perfected Strike"],"picked":"Flex","floor":6},{"not_picked":["Thunderclap","Iron Wave"],"picked":"Flex","floor":7},{"not_picked":["Wild Strike","Spot Weakness"],"picked":"Armaments","floor":10},{"not_picked":["Clash","Pummel"],"picked":"Twin Strike","floor":11},{"not_picked":["Uppercut","Heavy Blade"],"picked":"Impervious","floor":12},{"not_picked":["Headbutt","Rampage"],"picked":"Shrug It Off","floor":13},{"not_picked":["Battle Trance","Cleave","Disarm"],"picked":"SKIP","floor":14},{"not_picked":["Bludgeon","Dark Embrace"],"picked":"Immolate","floor":16},{"not_picked":["Cleave","Iron Wave","Battle Trance"],"picked":"SKIP","floor":18},{"not_picked":["Burning Pact","Beam Cell"],"picked":"PiercingWail+1","floor":20}],"player_experience":97650,"relics_obtained":[{"floor":6,"key":"Centennial Puzzle"},{"floor":9,"key":"Nunchaku"},{"floor":10,"key":"Kunai"},{"floor":13,"key":"Anchor"}],"event_choices":[{"damage_healed":0,"gold_gain":0,"cards_transformed":["Strike_R"],"player_choice":"Change","damage_taken":0,"max_hp_gain":0,"max_hp_loss":0,"event_name":"Living Wall","floor":2,"gold_loss":0,"cards_obtained":["Battle Trance"]},{"cards_removed":["Defend_R"],"damage_healed":0,"gold_gain":0,"player_choice":"Card Removal","damage_taken":7,"max_hp_gain":0,"max_hp_loss":0,"event_name":"Golden Wing","floor":4,"gold_loss":0}],"is_beta":false,"boss_relics":[{"not_picked":["Eternal Feather","Philosopher\u0027s Stone"],"picked":"Black Star"}],"items_purged_floors":[19],"is_endless":false,"potions_floor_spawned":[1,10,11,13,18],"killed_by":"3 Cultists","ascension_level":0}