{"gold_per_floor":[115,130,176,195,144,144,179,179,202,214,72,82,107,124,124,124],"floor_reached":16,"playtime":682,"items_purged":[],"score":110,"play_id":"ed230433-51b6-4962-bcf4-cabe54850d3b","local_time":"20190415215123","is_ascension_mode":false,"campfire_choices":[{"data":"Armaments","floor":6,"key":"SMITH"},{"floor":8,"key":"REST"},{"data":"Entrench","floor":15,"key":"SMITH"}],"neow_cost":"NONE","seed_source_timestamp":11095069158500,"circlet_count":0,"master_deck":["Strike_R","Strike_R","Strike_R","Strike_R","Strike_R","Defend_R","Defend_R","Defend_R","Defend_R","Bash","Offering","Entrench+1","Rage","Flex+1","Armaments+1","Entrench+1","Iron Wave","Immolate"],"relics":["Burning Blood","Bag of Marbles","War Paint","MawBank","Pen Nib","Bag of Preparation"],"potions_floor_usage":[13,16],"damage_taken":[{"damage":7,"enemies":"Cultist","floor":1,"turns":3},{"damage":2,"enemies":"2 Louse","floor":2,"turns":3},{"damage":9,"enemies":"Jaw Worm","floor":4,"turns":5},{"damage":44,"enemies":"Gremlin Nob","floor":7,"turns":5},{"damage":9,"enemies":"Lots of Slimes","floor":12,"turns":5},{"damage":6,"enemies":"Lagavulin","floor":13,"turns":6},{"damage":5,"enemies":"Exordium Thugs","floor":14,"turns":3},{"damage":63,"enemies":"The Guardian","floor":16,"turns":10}],"seed_played":"5410493937815780003","potions_obtained":[{"floor":1,"key":"EssenceOfSteel"},{"floor":7,"key":"SteroidPotion"},{"floor":12,"key":"Poison Potion"}],"is_trial":false,"path_per_floor":["M","M","T","M","$","R","E","R","T","?","$","M","E","M","R","B"],"character_chosen":"IRONCLAD","items_purchased":["Armaments","Pen Nib"],"campfire_rested":1,"item_purchase_floors":[5,11],"current_hp_per_floor":[79,80,80,77,77,77,39,63,63,63,63,60,60,61,61,0],"gold":124,"neow_bonus":"ONE_RANDOM_RARE_CARD","is_prod":false,"is_daily":false,"chose_seed":false,"campfire_upgraded":2,"win_rate":0,"timestamp":1555379483,"path_taken":["M","M","?","M","?","R","E","R","T","?","$","M","E","M","R","BOSS"],"build_version":"2019-01-23","purchased_purges":0,"victory":false,"max_hp_per_floor":[80,80,80,80,80,80,80,80,80,80,80,80,80,80,80,80],"card_choices":[{"not_picked":["Armaments","Body Slam"],"picked":"Entrench","floor":1},{"not_picked":["True Grit","Cleave"],"picked":"Rage","floor":2},{"not_picked":["Clothesline","Havoc"],"picked":"Flex","floor":4},{"not_picked":["Pommel Strike","Clothesline"],"picked":"Entrench","floor":7},{"not_picked":["Whirlwind","Clothesline"],"picked":"Iron Wave","floor":12},{"not_picked":["Infernal Blade","Thunderclap","Dual Wield"],"picked":"SKIP","floor":13},{"not_picked":["Perfected Strike","Clash"],"picked":"Immolate","floor":14}],"player_experience":165660,"relics_obtained":[{"floor":3,"key":"Bag of Marbles"},{"floor":7,"key":"War Paint"},{"floor":9,"key":"MawBank"},{"floor":13,"key":"Bag of Preparation"}],"event_choices":[{"damage_healed":0,"gold_gain":0,"player_choice":"Leave","damage_taken":0,"max_hp_gain":0,"max_hp_loss":0,"event_name":"The Cleric","floor":10,"gold_loss":0}],"is_beta":false,"boss_relics":[],"items_purged_floors":[],"is_endless":false,"potions_floor_spawned":[1,7,12],"killed_by":"The Guardian","ascension_level":0}