{"gold_per_floor":[112,130,140,159,17,43,43,70,70,145,161,192,203,215,215,310,310,324,338,355,25,38,38,51,51,51,86,86,186,512,437,437,538,538,557,571,585,601,620,620,647,647,647,675,686,701,801,826,826,826],"floor_reached":51,"playtime":6342,"items_purged":["Strike_R"],"score":1003,"play_id":"a1f8e406-7e75-436b-837b-7facdb65041f","local_time":"20190426120829","is_ascension_mode":false,"campfire_choices":[{"data":"Bludgeon","floor":7,"key":"SMITH"},{"data":"Armaments","floor":15,"key":"SMITH"},{"data":"Rage","floor":23,"key":"SMITH"},{"data":"Disarm","floor":25,"key":"SMITH"},{"data":"Bash","floor":32,"key":"SMITH"},{"data":"Inflame","floor":40,"key":"SMITH"},{"data":"Clothesline","floor":42,"key":"SMITH"},{"data":"Disarm","floor":49,"key":"SMITH"}],"neow_cost":"PERCENT_DAMAGE","seed_source_timestamp":1208934706170100,"circlet_count":0,"master_deck":["Strike_R","Strike_R","Defend_R+1","Defend_R","Defend_R+1","Bash+1","Metallicize","Anger","Clothesline+1","Pommel Strike","Bludgeon+1","Armaments+1","Feed","Shrug It Off","Headbutt","Inflame+1","Reaper","Flame Barrier+1","Body Slam","Body Slam","Inflame","Rage+1","Battle Trance","Disarm+1","Clothesline","Intimidate+1","Immolate","Seeing Red+1","Body Slam+1","Dropkick+1","Rage+1","Body Slam+1","Dual Wield+1","Iron Wave+1","Disarm+1"],"relics":["Burning Blood","War Paint","Pantograph","Blue Candle","Ice Cream","Runic Pyramid","Red Skull","Dodecahedron","Regal Pillow","FossilizedHelix","Turnip","Letter Opener","Old Coin","Cursed Key","Mercury Hourglass","Frozen Egg 2","Calipers","Prayer Wheel"],"potions_floor_usage":[16,27,27,27,27,27,30,44,48,50,50,50],"damage_taken":[{"damage":2,"enemies":"2 Louse","floor":1,"turns":3},{"damage":1,"enemies":"Cultist","floor":2,"turns":5},{"damage":0,"enemies":"Small Slimes","floor":3,"turns":4},{"damage":0,"enemies":"2 Fungi Beasts","floor":4,"turns":4},{"damage":26,"enemies":"3 Sentries","floor":6,"turns":7},{"damage":17,"enemies":"Lagavulin","floor":8,"turns":6},{"damage":0,"enemies":"Looter","floor":11,"turns":2},{"damage":7,"enemies":"Gremlin Nob","floor":12,"turns":3},{"damage":0,"enemies":"Large Slime","floor":13,"turns":4},{"damage":7,"enemies":"3 Louse","floor":14,"turns":3},{"damage":41,"enemies":"Hexaghost","floor":16,"turns":9},{"damage":7,"enemies":"Chosen","floor":18,"turns":4},{"damage":0,"enemies":"Spheric Guardian","floor":19,"turns":3},{"damage":14,"enemies":"3 Cultists","floor":20,"turns":5},{"damage":0,"enemies":"Centurion and Healer","floor":22,"turns":7},{"damage":2,"enemies":"Cultist and Chosen","floor":24,"turns":7},{"damage":14,"enemies":"Gremlin Leader","floor":27,"turns":5},{"damage":0,"enemies":"Colosseum Slavers","floor":29,"turns":4},{"damage":0,"enemies":"Colosseum Nobs","floor":29,"turns":6},{"damage":0,"enemies":"Book of Stabbing","floor":30,"turns":7},{"damage":0,"enemies":"Collector","floor":33,"turns":11},{"damage":0,"enemies":"3 Darklings","floor":35,"turns":4},{"damage":0,"enemies":"3 Shapes","floor":36,"turns":3},{"damage":5,"enemies":"Transient","floor":37,"turns":5},{"damage":0,"enemies":"Writhing Mass","floor":38,"turns":4},{"damage":0,"enemies":"4 Shapes","floor":39,"turns":4},{"damage":9,"enemies":"Reptomancer","floor":41,"turns":5},{"damage":0,"enemies":"Giant Head","floor":44,"turns":7},{"damage":12,"enemies":"Jaw Worm Horde","floor":45,"turns":3},{"damage":0,"enemies":"Maw","floor":46,"turns":6},{"damage":0,"enemies":"Mind Bloom Boss Battle","floor":47,"turns":4},{"damage":0,"enemies":"Reptomancer","floor":48,"turns":5},{"damage":1,"enemies":"Awakened One","floor":50,"turns":10}],"seed_played":"-4628100495070718761","potions_obtained":[{"floor":1,"key":"LiquidBronze"},{"floor":6,"key":"SpeedPotion"},{"floor":8,"key":"FearPotion"},{"floor":12,"key":"AttackPotion"},{"floor":13,"key":"Regen Potion"},{"floor":18,"key":"EntropicBrew"},{"floor":37,"key":"Swift Potion"},{"floor":41,"key":"Block Potion"},{"floor":44,"key":"Explosive Potion"},{"floor":46,"key":"Poison Potion"},{"floor":48,"key":"AttackPotion"}],"is_trial":false,"path_per_floor":["M","M","M","M","$","E","R","E","T","?","M","E","M","M","R","B",null,"M","M","M","$","M","R","M","R","T","E","?","?","E","?","R","B",null,"M","M","M","M","M","R","E","R","T","E","M","M","?","E","R","B",null],"character_chosen":"IRONCLAD","items_purchased":["Bludgeon","Inflame","Rage","Red Skull"],"campfire_rested":0,"item_purchase_floors":[5,21,21,21],"current_hp_per_floor":[60,65,71,77,77,57,57,46,46,38,44,46,55,58,58,48,90,90,90,86,86,96,96,101,101,101,105,105,112,116,116,116,116,116,120,124,124,127,131,131,131,131,131,134,137,137,140,140,140,144],"gold":826,"neow_bonus":"REMOVE_TWO","is_prod":false,"is_daily":false,"chose_seed":false,"campfire_upgraded":8,"win_rate":1,"timestamp":1556305709,"path_taken":["M","M","M","M","$","E","R","E","T","?","M","E","M","M","R","BOSS","M","M","M","$","M","R","M","R","T","E","?","?","E","?","R","BOSS","M","M","M","M","M","R","E","R","T","E","M","M","?","E","R","BOSS"],"build_version":"2019-01-23","purchased_purges":1,"victory":true,"max_hp_per_floor":[80,80,80,80,80,80,80,80,80,80,80,83,86,90,90,90,90,90,90,94,94,98,98,101,101,101,105,105,112,116,116,116,116,116,120,124,124,127,131,131,131,131,131,134,137,137,140,140,140,144],"card_choices":[{"not_picked":["Blood for Blood","Anger"],"picked":"Metallicize","floor":1},{"not_picked":["Pommel Strike","Thunderclap"],"picked":"Anger","floor":2},{"not_picked":["Intimidate","Sever Soul"],"picked":"Clothesline","floor":3},{"not_picked":["Clash","Heavy Blade"],"picked":"Pommel Strike","floor":4},{"not_picked":["Iron Wave","True Grit"],"picked":"Armaments","floor":6},{"not_picked":["Dual Wield","Sword Boomerang","Corruption"],"picked":"SKIP","floor":8},{"not_picked":["Spot Weakness","Headbutt"],"picked":"Feed","floor":11},{"not_picked":["Rampage","Brutality"],"picked":"Shrug It Off","floor":12},{"not_picked":["Heavy Blade","Combust"],"picked":"Headbutt","floor":13},{"not_picked":["Warcry","Clash"],"picked":"Inflame","floor":14},{"not_picked":["Berserk","Brutality"],"picked":"Reaper","floor":16},{"not_picked":["Shrug It Off","Headbutt"],"picked":"Flame Barrier+1","floor":18},{"not_picked":["Clash+1","Havoc"],"picked":"Body Slam","floor":19},{"not_picked":["Thunderclap","Clash+1"],"picked":"Body Slam","floor":20},{"not_picked":["Pommel Strike","Perfected Strike"],"picked":"Battle Trance","floor":22},{"not_picked":["Shockwave","Clothesline"],"picked":"Disarm","floor":24},{"not_picked":["Blood for Blood+1","Rage"],"picked":"Clothesline","floor":27},{"not_picked":["Perfected Strike","Rage"],"picked":"Intimidate+1","floor":30},{"not_picked":["Juggernaut","Reaper"],"picked":"Immolate","floor":33},{"not_picked":["Wild Strike","Clothesline"],"picked":"Seeing Red+1","floor":35},{"not_picked":["Power Through","Heavy Blade","Entrench"],"picked":"SKIP","floor":36},{"not_picked":["Warcry","Sword Boomerang"],"picked":"Body Slam+1","floor":37},{"not_picked":["Twin Strike","Power Through"],"picked":"Dropkick+1","floor":38},{"not_picked":["Combust","Clothesline"],"picked":"Rage+1","floor":39},{"not_picked":["Rampage+1","Clash+1"],"picked":"Body Slam+1","floor":41},{"not_picked":["Wild Strike","Immolate"],"picked":"Dual Wield+1","floor":44},{"not_picked":["Thunderclap","Armaments","Pommel Strike"],"picked":"SKIP","floor":45},{"not_picked":["Clash+1","Body Slam+1"],"picked":"Iron Wave+1","floor":46},{"not_picked":["Sword Boomerang","Perfected Strike"],"picked":"Disarm","floor":47},{"not_picked":["Searing Blow+1","Sword Boomerang","Heavy Blade"],"picked":"SKIP","floor":48}],"player_experience":596289,"relics_obtained":[{"floor":6,"key":"War Paint"},{"floor":8,"key":"Pantograph"},{"floor":9,"key":"Blue Candle"},{"floor":12,"key":"Ice Cream"},{"floor":26,"key":"Dodecahedron"},{"floor":27,"key":"Regal Pillow"},{"floor":29,"key":"Turnip"},{"floor":29,"key":"Letter Opener"},{"floor":30,"key":"Old Coin"},{"floor":41,"key":"Mercury Hourglass"},{"floor":44,"key":"Frozen Egg 2"},{"floor":47,"key":"Calipers"},{"floor":48,"key":"Prayer Wheel"}],"event_choices":[{"damage_healed":0,"gold_gain":75,"player_choice":"Touch","damage_taken":8,"max_hp_gain":0,"max_hp_loss":0,"event_name":"FaceTrader","floor":10,"gold_loss":0},{"damage_healed":0,"gold_gain":0,"player_choice":"Opened","damage_taken":0,"relics_obtained":["FossilizedHelix"],"max_hp_gain":0,"max_hp_loss":0,"event_name":"The Mausoleum","floor":28,"gold_loss":0},{"damage_healed":0,"gold_gain":0,"player_choice":"Fight","damage_taken":0,"max_hp_gain":0,"max_hp_loss":0,"event_name":"Colosseum","floor":29,"gold_loss":0},{"damage_healed":0,"gold_gain":0,"player_choice":"Fought Nobs","damage_taken":0,"max_hp_gain":0,"max_hp_loss":0,"event_name":"Colosseum","floor":29,"gold_loss":0},{"cards_removed":["Strike_R"],"damage_healed":0,"gold_gain":0,"player_choice":"Gave Gold","damage_taken":0,"max_hp_gain":0,"max_hp_loss":0,"event_name":"Beggar","floor":31,"gold_loss":75},{"damage_healed":0,"gold_gain":0,"player_choice":"Fight","damage_taken":0,"max_hp_gain":0,"max_hp_loss":0,"event_name":"MindBloom","floor":47,"gold_loss":0}],"is_beta":false,"boss_relics":[{"not_picked":["Calling Bell","Pandora\u0027s Box"],"picked":"Runic Pyramid"},{"not_picked":["Snecko Eye","Busted Crown"],"picked":"Cursed Key"}],"items_purged_floors":[21],"is_endless":false,"potions_floor_spawned":[1,6,8,12,13,18,20,24,29,37,41,44,46,48],"ascension_level":0}