{"gold_per_floor":[115,40,40,40,55,55,83,94,94,108,126,144,144,44,44,143,143,163,163,163,178,189,189],"floor_reached":23,"playtime":1113,"items_purged":["Strike_B","Strike_B"],"score":193,"play_id":"ddd1a27d-b522-4baf-abc6-9d2a3caa2ea5","local_time":"20190424165557","is_ascension_mode":false,"campfire_choices":[{"data":"Zap","floor":6,"key":"SMITH"},{"data":"Hyperbeam","floor":13,"key":"SMITH"},{"data":"Sweeping Beam","floor":15,"key":"SMITH"}],"neow_cost":"NONE","seed_source_timestamp":17606386764110,"circlet_count":0,"master_deck":["Strike_B","Strike_B","Defend_B","Defend_B","Defend_B","Defend_B","Zap+1","Dualcast","Gash","Ball Lightning","Hyperbeam+1","Conserve Battery","Cold Snap","Coolheaded","Sweeping Beam+1","Creative AI+1","Gash","White Noise","Coolheaded","Self Repair+1"],"relics":["Cracked Core","NlothsMask","Orichalcum","Snecko Eye"],"potions_floor_usage":[10,22,22,23],"damage_taken":[{"damage":1,"enemies":"Cultist","floor":1,"turns":3},{"damage":7,"enemies":"Small Slimes","floor":5,"turns":3},{"damage":7,"enemies":"Gremlin Nob","floor":7,"turns":3},{"damage":0,"enemies":"2 Louse","floor":8,"turns":1},{"damage":0,"enemies":"Lots of Slimes","floor":10,"turns":1},{"damage":6,"enemies":"Exordium Thugs","floor":11,"turns":5},{"damage":0,"enemies":"Large Slime","floor":12,"turns":5},{"damage":23,"enemies":"Slime Boss","floor":16,"turns":9},{"damage":5,"enemies":"3 Byrds","floor":18,"turns":3},{"damage":16,"enemies":"Shell Parasite","floor":21,"turns":7},{"damage":8,"enemies":"Centurion and Healer","floor":22,"turns":5},{"damage":48,"enemies":"Book of Stabbing","floor":23,"turns":6}],"seed_played":"2891143485544438364","potions_obtained":[{"floor":0,"key":"LiquidBronze"},{"floor":0,"key":"FairyPotion"},{"floor":0,"key":"PowerPotion"},{"floor":8,"key":"Explosive Potion"},{"floor":10,"key":"FocusPotion"}],"is_trial":false,"path_per_floor":["$","?","?","M","$","?","?","M"],"character_chosen":"DEFECT","items_purchased":[],"campfire_rested":0,"item_purchase_floors":[],"current_hp_per_floor":[74,74,74,74,67,67,60,60,60,60,54,54,54,54,54,31,75,70,70,70,54,46,0],"gold":189,"neow_bonus":"THREE_SMALL_POTIONS","is_prod":false,"is_daily":false,"chose_seed":false,"campfire_upgraded":3,"win_rate":0,"timestamp":1556099757,"path_taken":["M","?","?","?","M","R","E","M","T","M","M","?","R","?","R","BOSS","M","?","?","?","M","E"],"build_version":"2019-01-23","purchased_purges":2,"victory":false,"max_hp_per_floor":[75,75,75,75,75,75,75,75,75,75,75,75,75,75,75,75,75,75,75,75,75,75,75],"card_choices":[{"not_picked":["Chill","Steam"],"picked":"Gash","floor":1},{"not_picked":["Darkness","Stack"],"picked":"Ball Lightning","floor":5},{"not_picked":["Steam","Compile Driver"],"picked":"Hyperbeam","floor":7},{"not_picked":["Cold Snap","Fusion"],"picked":"Conserve Battery","floor":8},{"not_picked":["Steam","Redo"],"picked":"Cold Snap","floor":10},{"not_picked":["Tempest","Blizzard"],"picked":"Coolheaded","floor":11},{"not_picked":["Steam Power","Redo"],"picked":"Sweeping Beam","floor":12},{"not_picked":["Seek","Electrodynamics"],"picked":"Creative AI","floor":16},{"not_picked":["Fusion","Consume"],"picked":"Gash","floor":18},{"not_picked":["Consume","Leap+1"],"picked":"Coolheaded","floor":21},{"not_picked":["Gash","Genetic Algorithm"],"picked":"Self Repair+1","floor":22}],"player_experience":30854,"relics_obtained":[{"floor":7,"key":"Orichalcum"}],"event_choices":[{"damage_healed":0,"gold_gain":0,"player_choice":"Ignored","damage_taken":0,"max_hp_gain":0,"max_hp_loss":0,"event_name":"Liars Game","floor":3,"gold_loss":0},{"damage_healed":0,"gold_gain":0,"player_choice":"Trade","damage_taken":0,"relics_obtained":["NlothsMask"],"max_hp_gain":0,"max_hp_loss":0,"event_name":"FaceTrader","floor":4,"gold_loss":0},{"damage_healed":0,"gold_gain":0,"player_choice":"Read","damage_taken":0,"max_hp_gain":0,"max_hp_loss":0,"event_name":"The Library","floor":19,"gold_loss":0,"cards_obtained":["White Noise"]},{"damage_healed":0,"gold_gain":0,"player_choice":"Upgraded","damage_taken":0,"max_hp_gain":0,"max_hp_loss":0,"event_name":"Upgrade Shrine","floor":20,"gold_loss":0,"cards_upgraded":["Creative AI"]}],"is_beta":false,"boss_relics":[{"not_picked":["Ectoplasm","Cursed Key"],"picked":"Snecko Eye"}],"items_purged_floors":[2,14],"is_endless":false,"potions_floor_spawned":[7,8,10,12,18],"killed_by":"Book of Stabbing","ascension_level":0}