{"gold_per_floor":[110,110,110,124,147,173,184,184,233,253,253,264,264,22,22,22],"floor_reached":16,"playtime":738,"items_purged":[],"score":128,"play_id":"056cb42b-fd44-4333-ab47-16a6a38e28f1","local_time":"20180917230024","is_ascension_mode":true,"campfire_choices":[{"data":"Infernal Blade","floor":8,"key":"SMITH"},{"data":"Heavy Blade","floor":13,"key":"SMITH"},{"floor":15,"key":"REST"}],"neow_cost":"PERCENT_DAMAGE","seed_source_timestamp":0,"circlet_count":0,"master_deck":["Strike_R","Strike_R+1","Strike_R","Strike_R","Strike_R","Defend_R","Defend_R","Defend_R","Defend_R","Bash+1","Infernal Blade+1","Spot Weakness","Heavy Blade+1","Feel No Pain"],"special_seed":0,"relics":["Burning Blood","Turnip","Regal Pillow","Shuriken","Whetstone","Toxic Egg 2"],"potions_floor_usage":[6,11,16],"damage_taken":[{"damage":1.0,"enemies":"Cultist","floor":1.0,"turns":4.0},{"damage":4.0,"enemies":"Jaw Worm","floor":4.0,"turns":4.0},{"damage":30,"enemies":"3 Sentries","floor":6,"turns":9},{"damage":5,"enemies":"Small Slimes","floor":7,"turns":4},{"damage":6,"enemies":"Blue Slaver","floor":10,"turns":3},{"damage":0,"enemies":"Lots of Slimes","floor":11,"turns":1},{"damage":14,"enemies":"Exordium Thugs","floor":12,"turns":5},{"damage":84,"enemies":"Hexaghost","floor":16,"turns":9}],"seed_played":"-8230241552913374959","potions_obtained":[{"floor":1.0,"key":"SkillPotion"},{"floor":4.0,"key":"Poison Potion"},{"floor":7,"key":"SmokeBomb"}],"is_trial":false,"path_per_floor":["M","$","?","M","T","E","M","R","T","M","M","M","R","$","R"],"character_chosen":"IRONCLAD","items_purchased":["Toxic Egg 2"],"campfire_rested":1,"item_purchase_floors":[14],"current_hp_per_floor":[61,61,80,80,80,56,57,57,57,57,63,55,55,55,80,0],"gold":22,"neow_bonus":"ONE_RARE_RELIC","is_prod":false,"is_daily":false,"chose_seed":false,"campfire_upgraded":2,"win_rate":0,"timestamp":1537239624,"path_taken":["M","$","?","M","?","E","M","R","T","?","M","M","R","$","R","BOSS"],"build_version":"2018-09-06","purchased_purges":0,"victory":false,"max_hp_per_floor":[80,80,80,80,80,80,80,80,80,80,80,80,80,80,80,80],"card_choices":[{"not_picked":["Searing Blow","Intimidate"],"picked":"Pummel","floor":1.0},{"not_picked":["Twin Strike","Sword Boomerang"],"picked":"Infernal Blade","floor":4.0},{"not_picked":["Sword Boomerang","Power Through"],"picked":"Spot Weakness","floor":6},{"not_picked":["Wild Strike","Dual Wield","Clash"],"picked":"SKIP","floor":7},{"not_picked":["Perfected Strike","Flex"],"picked":"Heavy Blade","floor":10},{"not_picked":["Anger","Twin Strike"],"picked":"Feel No Pain","floor":12}],"player_experience":121458,"relics_obtained":[{"floor":5.0,"key":"Regal Pillow"},{"floor":6,"key":"Shuriken"},{"floor":9,"key":"Whetstone"}],"event_choices":[{"event_name":"Bonfire Elementals","player_choice":"UNCOMMON","floor":3.0,"damage_taken":0.0}],"is_beta":false,"boss_relics":[],"items_purged_floors":[],"is_endless":false,"potions_floor_spawned":[1,4,7,11],"killed_by":"Hexaghost","ascension_level":5}