{"gold_per_floor":[118,118,136,211,211,211,239,239,239,264,288,331,331,344,344,344],"floor_reached":16,"playtime":1307,"items_purged":[],"score":147,"play_id":"db985272-5968-4079-95e7-018daa04b016","local_time":"20181229170918","is_ascension_mode":true,"campfire_choices":[{"data":"Zap","floor":6,"key":"SMITH"},{"data":"Reinforced Body","floor":8,"key":"SMITH"},{"data":"Coolheaded","floor":13,"key":"SMITH"},{"data":"Consume","floor":15,"key":"SMITH"}],"neow_cost":"NONE","seed_source_timestamp":36427999712316,"circlet_count":0,"master_deck":["AscendersBane","Strike_B","Strike_B","Strike_B","Defend_B","Defend_B","Defend_B","Defend_B","Zap+1","Dualcast","BootSequence","Undo","Reinforced Body+1","Coolheaded+1","Consume+1"],"relics":["Coffee Dripper","Golden Idol","Odd Mushroom","Pen Nib","Omamori","Bag of Preparation"],"potions_floor_usage":[7,12,16,16],"damage_taken":[{"damage":7,"enemies":"2 Louse","floor":1,"turns":3},{"damage":0,"enemies":"Small Slimes","floor":3,"turns":5},{"damage":8,"enemies":"The Mushroom Lair","floor":7,"turns":6},{"damage":0,"enemies":"Cultist","floor":11,"turns":5},{"damage":17,"enemies":"3 Sentries","floor":12,"turns":15},{"damage":1,"enemies":"Blue Slaver","floor":14,"turns":4},{"damage":10,"enemies":"Hexaghost","floor":16,"turns":11}],"seed_played":"-3285568934918046913","potions_obtained":[{"floor":1,"key":"Block Potion"},{"floor":7,"key":"Block Potion"},{"floor":12,"key":"SpeedPotion"},{"floor":14,"key":"Energy Potion"}],"is_trial":false,"path_per_floor":["M","?","M","?","?","R","?","R","T","T","M","E","R","M","R","B"],"character_chosen":"DEFECT","items_purchased":[],"campfire_rested":0,"item_purchase_floors":[],"current_hp_per_floor":[61,43,43,32,32,32,24,24,24,24,24,7,7,6,6,0],"gold":344,"neow_bonus":"BOSS_RELIC","is_prod":false,"is_daily":false,"chose_seed":false,"campfire_upgraded":4,"win_rate":0,"timestamp":1546121358,"path_taken":["M","?","M","?","?","R","?","R","T","?","M","E","R","M","R","BOSS"],"build_version":"2018-12-20","purchased_purges":0,"victory":false,"max_hp_per_floor":[75,75,75,75,75,75,75,75,75,75,75,75,75,75,75,75],"card_choices":[{"not_picked":["Melter","Blizzard"],"picked":"BootSequence","floor":1},{"not_picked":["Genetic Algorithm","Stack"],"picked":"Undo","floor":3},{"not_picked":["Beam Cell","Auto Shields"],"picked":"Reinforced Body","floor":7},{"not_picked":["Steam","Aggregate","Hologram"],"picked":"SKIP","floor":11},{"not_picked":["Barrage","Fusion"],"picked":"Coolheaded","floor":12},{"not_picked":["Barrage","Stack"],"picked":"Consume","floor":14}],"player_experience":637939,"relics_obtained":[{"floor":7,"key":"Odd Mushroom"},{"floor":9,"key":"Pen Nib"},{"floor":10,"key":"Omamori"},{"floor":12,"key":"Bag of Preparation"}],"event_choices":[{"damage_healed":0,"gold_gain":0,"player_choice":"Take Damage","damage_taken":18,"relics_obtained":["Golden Idol"],"max_hp_gain":0,"max_hp_loss":0,"event_name":"Golden Idol","floor":2,"gold_loss":0},{"damage_healed":0,"gold_gain":75,"player_choice":"Gather Gold","damage_taken":11,"max_hp_gain":0,"max_hp_loss":0,"event_name":"World of Goop","floor":4,"gold_loss":0},{"cards_removed":["Strike_B"],"damage_healed":0,"gold_gain":0,"player_choice":"Forget","damage_taken":0,"max_hp_gain":0,"max_hp_loss":0,"event_name":"Living Wall","floor":5,"gold_loss":0},{"damage_healed":0,"gold_gain":0,"player_choice":"Fought Mushrooms","damage_taken":0,"max_hp_gain":0,"max_hp_loss":0,"event_name":"Mushrooms","floor":7,"gold_loss":0}],"is_beta":false,"boss_relics":[],"items_purged_floors":[],"is_endless":false,"potions_floor_spawned":[1,7,12,14],"killed_by":"Hexaghost","ascension_level":10}