{"gold_per_floor":[111,130,130,130,143,173,173,24,47,21,21,0,11,27,27,129,179,197,214,77,27,38,65,65,77,77,77,97,97,97,97,97,97],"floor_reached":33,"playtime":1673,"items_purged":[],"score":290,"play_id":"320eada6-3991-4d0f-a6ac-77eba4cd744f","local_time":"20190415144015","is_ascension_mode":false,"campfire_choices":[{"floor":7,"key":"REST"},{"data":"Malaise","floor":11,"key":"SMITH"},{"data":"Neutralize","floor":15,"key":"SMITH"},{"floor":24,"key":"REST"},{"data":"Backflip","floor":29,"key":"SMITH"},{"data":"Ghostly","floor":32,"key":"SMITH"}],"neow_cost":"NONE","seed_source_timestamp":63102496225900,"circlet_count":0,"master_deck":["Defend_G","Defend_G","Defend_G+1","Defend_G","Defend_G","Strike_G","Strike_G","Strike_G","Strike_G+1","Survivor","Neutralize+1","All Out Attack+1","Bane","Backstab","Malaise+1","PiercingWail","Dagger Spray","Deadly Poison","Backflip+1","After Image","Distraction","Backflip","PiercingWail","Die Die Die","Dash","Die Die Die","Ghostly","Ghostly","Ghostly","Ghostly+1","Ghostly"],"relics":["Ring of the Snake","NeowsBlessing","Strawberry","Oddly Smooth Stone","Lantern","Tiny House","WingedGreaves","Tingsha"],"potions_floor_usage":[6,6,23,25,33],"damage_taken":[{"damage":0,"enemies":"Small Slimes","floor":1,"turns":1},{"damage":0,"enemies":"Jaw Worm","floor":2,"turns":1},{"damage":0,"enemies":"2 Louse","floor":5,"turns":1},{"damage":21,"enemies":"Lagavulin","floor":6,"turns":11},{"damage":0,"enemies":"Red Slaver","floor":13,"turns":4},{"damage":0,"enemies":"Blue Slaver","floor":14,"turns":2},{"damage":3,"enemies":"The Guardian","floor":16,"turns":13},{"damage":0,"enemies":"Chosen","floor":18,"turns":6},{"damage":21,"enemies":"Spheric Guardian","floor":19,"turns":10},{"damage":0,"enemies":"Snake Plant","floor":22,"turns":6},{"damage":12,"enemies":"Gremlin Leader","floor":23,"turns":9},{"damage":8,"enemies":"Cultist and Chosen","floor":25,"turns":9},{"damage":0,"enemies":"3 Cultists","floor":28,"turns":3},{"damage":48,"enemies":"Automaton","floor":33,"turns":16}],"seed_played":"8319159735598083963","potions_obtained":[{"floor":1,"key":"EssenceOfSteel"},{"floor":2,"key":"SpeedPotion"},{"floor":5,"key":"GamblersBrew"},{"floor":17,"key":"Fire Potion"},{"floor":18,"key":"GhostInAJar"},{"floor":22,"key":"PowerPotion"}],"is_trial":false,"path_per_floor":["M","M","?","?","M","E","R","$","T","$","R","?","M","M","R","B",null,"M","M","$","?","M","E","R","M","T","$","M","R","?","?","R","B"],"character_chosen":"THE_SILENT","items_purchased":["Oddly Smooth Stone","Dagger Spray","Die Die Die"],"campfire_rested":2,"item_purchase_floors":[8,10,20],"current_hp_per_floor":[70,70,56,56,56,42,65,65,65,65,65,65,65,65,65,62,82,82,61,61,61,61,49,73,65,65,65,65,65,65,41,41,0],"gold":97,"neow_bonus":"THREE_ENEMY_KILL","is_prod":false,"is_daily":false,"chose_seed":false,"campfire_upgraded":4,"win_rate":0,"timestamp":1555353615,"path_taken":["M","M","?","?","M","E","R","?","T","$","R","?","M","M","R","BOSS","M","M","$","?","M","E","R","?","T","?","M","R","?","?","R","BOSS"],"build_version":"2019-01-23","purchased_purges":0,"victory":false,"max_hp_per_floor":[70,70,70,70,70,77,77,77,77,77,77,77,77,77,77,77,82,82,82,82,82,82,82,82,82,82,82,82,82,82,41,41,41],"card_choices":[{"not_picked":["Dagger Throw","Footwork"],"picked":"All Out Attack","floor":1},{"not_picked":["Sucker Punch","Poisoned Stab"],"picked":"Bane","floor":2},{"not_picked":["Sucker Punch","Eviscerate"],"picked":"Malaise","floor":5},{"not_picked":["Deadly Poison","Dodge and Roll"],"picked":"PiercingWail","floor":6},{"not_picked":["Bane","Dodge and Roll"],"picked":"Deadly Poison","floor":13},{"not_picked":["Poisoned Stab","Accuracy"],"picked":"Backflip","floor":14},{"not_picked":["Wraith Form v2","Adrenaline"],"picked":"After Image","floor":16},{"not_picked":["Dodge and Roll","Well Laid Plans"],"picked":"Distraction","floor":17},{"not_picked":["Blade Dance","Masterful Stab"],"picked":"Backflip","floor":18},{"not_picked":["Deflect","Accuracy"],"picked":"PiercingWail","floor":19},{"not_picked":["Backflip","Dodge and Roll","Riddle With Holes"],"picked":"SKIP","floor":22},{"not_picked":["Choke","Backflip","Bane+1"],"picked":"SKIP","floor":23},{"not_picked":["Endless Agony","Bane"],"picked":"Dash","floor":25},{"not_picked":["PiercingWail","Quick Slash","Heel Hook"],"picked":"SKIP","floor":28}],"player_experience":155857,"relics_obtained":[{"floor":6,"key":"Strawberry"},{"floor":9,"key":"Lantern"},{"floor":23,"key":"WingedGreaves"},{"floor":26,"key":"Tingsha"}],"event_choices":[{"damage_healed":0,"gold_gain":0,"player_choice":"Entered Light","damage_taken":14,"max_hp_gain":0,"max_hp_loss":0,"event_name":"Shining Light","floor":3,"gold_loss":0,"cards_upgraded":["Strike_G","All Out Attack"]},{"damage_healed":0,"gold_gain":0,"cards_transformed":["Strike_G"],"player_choice":"Change","damage_taken":0,"max_hp_gain":0,"max_hp_loss":0,"event_name":"Living Wall","floor":4,"gold_loss":0,"cards_obtained":["Backstab"]},{"damage_healed":0,"gold_gain":0,"player_choice":"Left Gold","damage_taken":0,"max_hp_gain":0,"max_hp_loss":0,"event_name":"World of Goop","floor":12,"gold_loss":21},{"damage_healed":0,"gold_gain":0,"player_choice":"Bet on Murderer","damage_taken":0,"max_hp_gain":0,"max_hp_loss":0,"event_name":"The Joust","floor":21,"gold_loss":50},{"damage_healed":0,"gold_gain":0,"player_choice":"Read","damage_taken":0,"max_hp_gain":0,"max_hp_loss":0,"event_name":"The Library","floor":30,"gold_loss":0,"cards_obtained":["Die Die Die"]},{"damage_healed":0,"gold_gain":0,"player_choice":"Became a Ghost","damage_taken":0,"max_hp_gain":0,"max_hp_loss":41,"event_name":"Ghosts","floor":31,"gold_loss":0,"cards_obtained":["Ghostly","Ghostly","Ghostly","Ghostly","Ghostly"]}],"is_beta":false,"boss_relics":[{"not_picked":["Pandora\u0027s Box","HoveringKite"],"picked":"Tiny House"}],"items_purged_floors":[],"is_endless":false,"potions_floor_spawned":[1,2,5,18,22],"killed_by":"Automaton","ascension_level":0}