{"gold_per_floor":[110,110,60,60,70,95,95,114,138,151,151,183,183,199,199,301,301,313,323,423,7,7,7,7,7,7,7,19,32,51,82,82,182,182,195,195,214,231,249,249,7,54,80,80,180,192,203,203,203,203,203,203,3,31,31],"floor_reached":56,"playtime":6011,"items_purged":["Strike_B","Shame"],"score":1107,"play_id":"9f2503b7-cbd3-4784-9fd5-3ffe9fd88abe","local_time":"20190424192937","is_ascension_mode":false,"campfire_choices":[{"data":"Genetic Algorithm","floor":7,"key":"SMITH"},{"data":"Zap","floor":15,"key":"SMITH"},{"floor":23,"key":"REST"},{"floor":25,"key":"REST"},{"floor":32,"key":"REST"},{"floor":40,"key":"RECALL"},{"floor":44,"key":"REST"},{"floor":49,"key":"DIG"},{"floor":52,"key":"DIG"}],"neow_cost":"NONE","seed_source_timestamp":21904598776272,"circlet_count":0,"master_deck":["Defend_B","Zap+1","Dualcast+1","Undo","Coolheaded","Genetic Algorithm+1","Conserve Battery+1","Glacier+1","Conserve Battery+1","Core Surge","Hologram+1","Capacitor","Echo Form","Ball Lightning","Heatsinks+1","Hologram","Compile Driver+1","Electrodynamics","Creative AI+1","Compile Driver+1","Hello World+1","Consume+1","Apotheosis","Ball Lightning","Conserve Battery+1","Auto Shields+1","Buffer"],"relics":["Cracked Core","Anchor","Bronze Scales","Oddly Smooth Stone","Fusion Hammer","StoneCalendar","Sundial","War Paint","Bag of Marbles","Enchiridion","Regal Pillow","Red Mask","Astrolabe","Mummified Hand","Shovel","Lantern","Cables","Bag of Preparation"],"potions_floor_usage":[12,16,20,28,28,31,31,50,50,54,54,55],"damage_taken":[{"damage":1,"enemies":"2 Louse","floor":1,"turns":3},{"damage":7,"enemies":"Small Slimes","floor":5,"turns":4},{"damage":13,"enemies":"3 Sentries","floor":6,"turns":13},{"damage":0,"enemies":"Cultist","floor":8,"turns":3},{"damage":14,"enemies":"Exordium Thugs","floor":10,"turns":6},{"damage":5,"enemies":"Lagavulin","floor":12,"turns":13},{"damage":0,"enemies":"Looter","floor":14,"turns":2},{"damage":58,"enemies":"Hexaghost","floor":16,"turns":17},{"damage":0,"enemies":"3 Byrds","floor":18,"turns":5},{"damage":0,"enemies":"2 Thieves","floor":19,"turns":5},{"damage":0,"enemies":"Colosseum Slavers","floor":20,"turns":5},{"damage":67,"enemies":"Colosseum Nobs","floor":20,"turns":7},{"damage":0,"enemies":"Centurion and Healer","floor":28,"turns":7},{"damage":5,"enemies":"3 Cultists","floor":29,"turns":6},{"damage":8,"enemies":"Snake Plant","floor":30,"turns":4},{"damage":0,"enemies":"Masked Bandits","floor":31,"turns":5},{"damage":11,"enemies":"Champ","floor":33,"turns":11},{"damage":0,"enemies":"3 Shapes","floor":35,"turns":6},{"damage":6,"enemies":"Orb Walker","floor":37,"turns":4},{"damage":0,"enemies":"Sphere and 2 Shapes","floor":38,"turns":3},{"damage":16,"enemies":"Transient","floor":39,"turns":5},{"damage":18,"enemies":"2 Orb Walkers","floor":42,"turns":4},{"damage":0,"enemies":"4 Shapes","floor":46,"turns":3},{"damage":0,"enemies":"Maw","floor":47,"turns":6},{"damage":44,"enemies":"Awakened One","floor":50,"turns":16},{"damage":24,"enemies":"Shield and Spear","floor":54,"turns":6},{"damage":47,"enemies":"The Heart","floor":55,"turns":8}],"seed_played":"-7157295978677675025","potions_obtained":[{"floor":6,"key":"SteroidPotion"},{"floor":8,"key":"Explosive Potion"},{"floor":10,"key":"Block Potion"},{"floor":12,"key":"Strength Potion"},{"floor":18,"key":"EssenceOfSteel"},{"floor":20,"key":"Dexterity Potion"},{"floor":28,"key":"SkillPotion"},{"floor":29,"key":"FearPotion"},{"floor":35,"key":"EssenceOfSteel"},{"floor":38,"key":"Ancient Potion"},{"floor":39,"key":"SkillPotion"},{"floor":42,"key":"Swift Potion"},{"floor":54,"key":"SkillPotion"}],"is_trial":false,"path_per_floor":["?","?","?","?","?","M","?","?","?","$","M","?","?","?","?","M","?"],"character_chosen":"DEFECT","items_purchased":["Echo Form","Ball Lightning","War Paint","Mummified Hand","PowerPotion","Weak Potion"],"campfire_rested":4,"item_purchase_floors":[21,21,21,41,53,53],"current_hp_per_floor":[74,79,79,72,65,52,52,52,52,38,22,17,80,80,80,22,80,80,80,13,13,13,37,21,45,45,45,45,40,32,32,71,60,80,80,80,74,74,58,58,58,40,40,79,79,79,79,79,79,35,80,80,80,56,9],"gold":31,"neow_bonus":"TRANSFORM_CARD","is_prod":false,"is_daily":false,"chose_seed":false,"campfire_upgraded":2,"win_rate":0,"timestamp":1556108977,"path_taken":["M","?","?","?","M","E","R","M","T","M","?","E","?","?","R","BOSS","M","M","?","$","?","R","?","R","T","?","?","M","M","?","R","BOSS","M","?","M","M","M","R","$","?","T","R","?","?","M","?","R","BOSS","R","$","E","BOSS"],"build_version":"2019-01-23","purchased_purges":2,"victory":true,"max_hp_per_floor":[75,80,80,80,80,80,80,80,80,80,80,80,80,80,80,80,80,80,80,80,80,80,80,80,80,80,80,80,80,80,80,80,80,80,80,80,80,80,80,80,80,80,80,80,80,80,80,80,80,80,80,80,80,80,80],"card_choices":[{"not_picked":["Hologram","Static Discharge","Steam"],"picked":"SKIP","floor":1},{"not_picked":["Static Discharge","Turbo"],"picked":"Coolheaded","floor":5},{"not_picked":["Chill","Cold Snap"],"picked":"Genetic Algorithm","floor":6},{"not_picked":["Sweeping Beam","Capacitor"],"picked":"Conserve Battery","floor":8},{"not_picked":["Fusion","Ball Lightning"],"picked":"Glacier","floor":10},{"not_picked":["Steam","BootSequence","Streamline"],"picked":"SKIP","floor":12},{"not_picked":["Steam Power","Cold Snap"],"picked":"Conserve Battery","floor":14},{"not_picked":["Hyperbeam","Amplify"],"picked":"Core Surge","floor":16},{"not_picked":["Force Field","Consume"],"picked":"Hologram+1","floor":18},{"not_picked":["Undo+1","Ball Lightning"],"picked":"Capacitor","floor":19},{"not_picked":["Hologram+1","Chill"],"picked":"Heatsinks+1","floor":28},{"not_picked":["Leap","Force Field"],"picked":"Hologram","floor":29},{"not_picked":["Rebound+1","FTL","Streamline"],"picked":"SKIP","floor":30},{"not_picked":["Echo Form","Skim"],"picked":"Compile Driver+1","floor":31},{"not_picked":["Multi-Cast","Meteor Strike"],"picked":"Electrodynamics","floor":33},{"not_picked":["Chaos+1","Force Field"],"picked":"Consume+1","floor":35},{"not_picked":["Bandage Up","Magnetism"],"picked":"Apotheosis","floor":36},{"not_picked":["Leap+1","Streamline+1","Redo"],"picked":"SKIP","floor":37},{"not_picked":["Streamline+1","Steam","Meteor Strike"],"picked":"SKIP","floor":38},{"not_picked":["Scrape+1","Conserve Battery"],"picked":"Ball Lightning","floor":39},{"not_picked":["Coolheaded","Turbo"],"picked":"Conserve Battery+1","floor":42},{"not_picked":["Double Energy","Sunder","Ball Lightning+1"],"picked":"SKIP","floor":46},{"not_picked":["Gash","FTL"],"picked":"Auto Shields+1","floor":47},{"not_picked":["Tempest","Core Surge"],"picked":"Buffer","floor":54}],"player_experience":35106,"relics_obtained":[{"floor":6,"key":"Anchor"},{"floor":9,"key":"Bronze Scales"},{"floor":12,"key":"Oddly Smooth Stone"},{"floor":20,"key":"StoneCalendar"},{"floor":20,"key":"Sundial"},{"floor":24,"key":"Enchiridion"},{"floor":26,"key":"Regal Pillow"},{"floor":31,"key":"Red Mask"},{"floor":42,"key":"Shovel"},{"floor":49,"key":"Lantern"},{"floor":52,"key":"Cables"},{"floor":54,"key":"Bag of Preparation"}],"event_choices":[{"damage_healed":0,"gold_gain":0,"player_choice":"Donut","damage_taken":0,"max_hp_gain":5,"max_hp_loss":0,"event_name":"Big Fish","floor":2,"gold_loss":0},{"cards_removed":["Strike_B"],"damage_healed":0,"gold_gain":0,"player_choice":"Card Removal","damage_taken":0,"max_hp_gain":0,"max_hp_loss":0,"event_name":"The Cleric","floor":3,"gold_loss":50},{"cards_removed":["Defend_B"],"damage_healed":0,"gold_gain":0,"player_choice":"Card Removal","damage_taken":7,"max_hp_gain":0,"max_hp_loss":0,"event_name":"Golden Wing","floor":4,"gold_loss":0},{"damage_healed":0,"gold_gain":0,"player_choice":"Entered Light","damage_taken":16,"max_hp_gain":0,"max_hp_loss":0,"event_name":"Shining Light","floor":11,"gold_loss":0,"cards_upgraded":["Dualcast","Glacier"]},{"damage_healed":63,"gold_gain":0,"player_choice":"Full Heal","damage_taken":0,"max_hp_gain":0,"max_hp_loss":0,"event_name":"Wheel of Change","floor":13,"gold_loss":0},{"damage_healed":0,"gold_gain":0,"player_choice":"Fight","damage_taken":0,"max_hp_gain":0,"max_hp_loss":0,"event_name":"Colosseum","floor":20,"gold_loss":0},{"damage_healed":0,"gold_gain":0,"player_choice":"Fought Nobs","damage_taken":0,"max_hp_gain":0,"max_hp_loss":0,"event_name":"Colosseum","floor":20,"gold_loss":0},{"damage_healed":0,"gold_gain":0,"player_choice":"Stole Relic","damage_taken":0,"relics_obtained":["Bag of Marbles"],"max_hp_gain":0,"max_hp_loss":0,"event_name":"Addict","floor":22,"gold_loss":0,"cards_obtained":["Shame"]},{"damage_healed":0,"gold_gain":0,"player_choice":"Obtained Book","damage_taken":16,"max_hp_gain":0,"max_hp_loss":0,"event_name":"Cursed Tome","floor":24,"gold_loss":0},{"damage_healed":0,"gold_gain":0,"player_choice":"Fought Bandits","damage_taken":0,"max_hp_gain":0,"max_hp_loss":0,"event_name":"Masked Bandits","floor":31,"gold_loss":0},{"damage_healed":0,"gold_gain":0,"player_choice":"Memory 1","damage_taken":0,"max_hp_gain":0,"max_hp_loss":0,"event_name":"SensoryStone","floor":36,"gold_loss":0},{"damage_healed":0,"gold_gain":0,"player_choice":"Fight","damage_taken":0,"max_hp_gain":0,"max_hp_loss":0,"event_name":"Mysterious Sphere","floor":42,"gold_loss":0},{"damage_healed":0,"gold_gain":100,"player_choice":"Pray","damage_taken":0,"max_hp_gain":0,"max_hp_loss":0,"event_name":"Golden Shrine","floor":45,"gold_loss":0},{"damage_healed":0,"gold_gain":0,"player_choice":"Ignored","damage_taken":0,"max_hp_gain":0,"max_hp_loss":0,"event_name":"Tomb of Lord Red Mask","floor":48,"gold_loss":0}],"is_beta":false,"boss_relics":[{"not_picked":["Philosopher\u0027s Stone","Velvet Choker"],"picked":"Fusion Hammer"},{"not_picked":["FrozenCore","Busted Crown"],"picked":"Astrolabe"}],"items_purged_floors":[21,53],"is_endless":false,"potions_floor_spawned":[6,8,10,12,18,20,28,29,35,38,39,42,54],"ascension_level":0}