{"gold_per_floor":[117,127,127,127,138,138,168,168,193,193,219,233,249,249,249,249],"floor_reached":16,"playtime":1827,"items_purged":[],"score":138,"play_id":"db6889ea-d5e9-42f5-a7f4-0b44441e91fc","local_time":"20190424150538","is_ascension_mode":true,"campfire_choices":[{"data":"Cloak And Dagger","floor":6,"key":"SMITH"},{"data":"Neutralize","floor":8,"key":"SMITH"},{"data":"Backflip","floor":10,"key":"SMITH"},{"floor":15,"key":"REST"}],"neow_cost":"NONE","seed_source_timestamp":41456919629034,"circlet_count":0,"master_deck":["Defend_G","Defend_G","Defend_G","Defend_G","Defend_G","Strike_G","Strike_G","Strike_G","Strike_G","Survivor","Neutralize+1","Backflip","Cloak And Dagger+1","Escape Plan","Backflip+1","Well Laid Plans","Blur"],"relics":["Ring of the Snake","Blood Vial","Ornamental Fan","The Specimen","Pen Nib","Happy Flower","Omamori"],"potions_floor_usage":[13,13,16],"damage_taken":[{"damage":0,"enemies":"Small Slimes","floor":1,"turns":4},{"damage":1,"enemies":"Jaw Worm","floor":2,"turns":4},{"damage":0,"enemies":"2 Louse","floor":5,"turns":3},{"damage":23,"enemies":"3 Sentries","floor":7,"turns":13},{"damage":15,"enemies":"Gremlin Nob","floor":11,"turns":5},{"damage":0,"enemies":"2 Fungi Beasts","floor":12,"turns":3},{"damage":0,"enemies":"Exordium Thugs","floor":13,"turns":5},{"damage":33,"enemies":"Hexaghost","floor":16,"turns":15}],"seed_played":"2838612921094873502","potions_obtained":[{"floor":7,"key":"Explosive Potion"},{"floor":11,"key":"Poison Potion"},{"floor":12,"key":"GamblersBrew"}],"is_trial":false,"path_per_floor":["M","M","?","T","M","R","E","R","T","R","E","M","M","?","R","B"],"character_chosen":"THE_SILENT","items_purchased":[],"campfire_rested":1,"item_purchase_floors":[],"current_hp_per_floor":[70,69,62,62,64,64,43,43,43,43,30,32,34,9,30,0],"gold":249,"neow_bonus":"RANDOM_COMMON_RELIC","is_prod":false,"is_daily":false,"chose_seed":false,"campfire_upgraded":3,"win_rate":0,"timestamp":1556132738,"path_taken":["M","M","?","?","M","R","E","R","T","R","E","M","M","?","R","BOSS"],"build_version":"2019-01-23","purchased_purges":0,"victory":false,"max_hp_per_floor":[70,70,70,70,70,70,70,70,70,70,70,70,70,70,70,70],"card_choices":[{"not_picked":["Quick Slash","Choke"],"picked":"Backflip","floor":1},{"not_picked":["Flechettes","Blade Dance"],"picked":"Cloak And Dagger","floor":2},{"not_picked":["PiercingWail","Accuracy"],"picked":"Escape Plan","floor":5},{"not_picked":["Poisoned Stab","Outmaneuver"],"picked":"Backflip","floor":7},{"not_picked":["Bane","Underhanded Strike"],"picked":"Well Laid Plans","floor":11},{"not_picked":["Reflex","All Out Attack","Slice"],"picked":"SKIP","floor":12},{"not_picked":["Backflip","Dodge and Roll"],"picked":"Blur","floor":13}],"player_experience":907410,"relics_obtained":[{"floor":4,"key":"Ornamental Fan"},{"floor":7,"key":"The Specimen"},{"floor":9,"key":"Pen Nib"},{"floor":11,"key":"Happy Flower"}],"event_choices":[{"cards_removed":["Strike_G"],"damage_healed":0,"gold_gain":0,"player_choice":"Card Removal","damage_taken":7,"max_hp_gain":0,"max_hp_loss":0,"event_name":"Golden Wing","floor":3,"gold_loss":0},{"damage_healed":0,"gold_gain":0,"player_choice":"Success","damage_taken":25,"relics_obtained":["Omamori"],"max_hp_gain":0,"max_hp_loss":0,"event_name":"Scrap Ooze","floor":14,"gold_loss":0}],"is_beta":false,"boss_relics":[],"items_purged_floors":[],"is_endless":false,"potions_floor_spawned":[7,11,12],"killed_by":"Hexaghost","ascension_level":5}