{"gold_per_floor":[113,126,126,126,76,76,103,103,103,113,17,34,44,56,56,159,159,178,191,36,36,36,36,49,63,86,86],"floor_reached":27,"playtime":1132,"items_purged":["Defend_G"],"score":269,"play_id":"df2cfbe0-bb9a-4821-b662-6fa0b6b96e1a","local_time":"20180929203649","is_ascension_mode":true,"campfire_choices":[{"data":"Backflip","floor":6.0,"key":"SMITH"},{"floor":8.0,"key":"REST"},{"floor":15.0,"key":"REST"},{"floor":23,"key":"REST"}],"neow_cost":"","seed_source_timestamp":0,"circlet_count":0,"master_deck":["Defend_G","Defend_G","Strike_G","Strike_G","Strike_G","Strike_G","Survivor","Neutralize+1","Concentrate","Backflip+1","Well Laid Plans","Backflip+1","Madness+1","Noxious Fumes","Backstab","Catalyst+1","Malaise+1","Footwork","Quick Slash+1","Deadly Poison+1","Infinite Blades","Shame","Dodge and Roll+1","Backstab"],"special_seed":0,"relics":["Ring of the Snake","Toxic Egg 2","Matryoshka","Empty Cage","Vajra","Dream Catcher","Pen Nib"],"potions_floor_usage":[27,27],"damage_taken":[{"damage":1.0,"enemies":"2 Louse","floor":1.0,"turns":3.0},{"damage":0.0,"enemies":"Small Slimes","floor":2.0,"turns":3.0},{"damage":45.0,"enemies":"Gremlin Nob","floor":7.0,"turns":5.0},{"damage":0.0,"enemies":"Cultist","floor":10.0,"turns":4.0},{"damage":6.0,"enemies":"Blue Slaver","floor":12.0,"turns":4.0},{"damage":2.0,"enemies":"Large Slime","floor":13.0,"turns":7.0},{"damage":8.0,"enemies":"Exordium Wildlife","floor":14.0,"turns":7.0},{"damage":24.0,"enemies":"The Guardian","floor":16.0,"turns":12.0},{"damage":5.0,"enemies":"Shell Parasite","floor":18.0,"turns":7.0},{"damage":7,"enemies":"Chosen","floor":19,"turns":8},{"damage":30,"enemies":"Snake Plant","floor":24,"turns":6},{"damage":29,"enemies":"3 Cultists","floor":25,"turns":7},{"damage":20,"enemies":"Slavers","floor":27,"turns":2}],"seed_played":"456023961094079587","potions_obtained":[{"floor":1.0,"key":"Energy Potion"},{"floor":12.0,"key":"SpeedPotion"},{"floor":14.0,"key":"LiquidBronze"},{"floor":24,"key":"SteroidPotion"}],"is_trial":false,"path_per_floor":["M","M","?","?","?","R","E","R","T","M","$","M","M","M","R","B",null,"M","M","$","?","?","R","M","M","T"],"character_chosen":"THE_SILENT","items_purchased":["Madness+1","Deadly Poison+1","Infinite Blades"],"campfire_rested":3,"item_purchase_floors":[11,20,20],"current_hp_per_floor":[69,69,74,74,74,74,29,51,51,51,51,45,43,35,57,33,65,60,53,53,53,53,75,45,16,16,0],"gold":86,"neow_bonus":"","is_prod":false,"is_daily":false,"chose_seed":false,"campfire_upgraded":1,"win_rate":0,"timestamp":1538267809,"path_taken":["M","M","?","?","?","R","E","R","T","M","$","M","M","M","R","BOSS","M","M","$","?","?","R","M","?","T","E"],"build_version":"2018-09-27","purchased_purges":1,"victory":false,"max_hp_per_floor":[70,70,75,75,75,75,75,75,75,75,75,75,75,75,75,75,75,75,75,75,75,75,75,75,75,75,75],"card_choices":[{"not_picked":["Dagger Throw","Acrobatics"],"picked":"Concentrate","floor":1.0},{"not_picked":["Poisoned Stab","Riddle With Holes"],"picked":"Backflip","floor":2.0},{"not_picked":["PiercingWail","Dagger Spray"],"picked":"Well Laid Plans","floor":7.0},{"not_picked":["Flying Knee","Skewer"],"picked":"Backflip+1","floor":10.0},{"not_picked":["Endless Agony","Bane"],"picked":"Noxious Fumes","floor":12.0},{"not_picked":["Acrobatics+1","Outmaneuver+1"],"picked":"Backstab","floor":13.0},{"not_picked":["Deflect+1","Slice"],"picked":"Catalyst+1","floor":14.0},{"not_picked":["Die Die Die","Grand Finale"],"picked":"Malaise+1","floor":16.0},{"not_picked":["Cloak And Dagger+1","Escape Plan+1"],"picked":"Footwork","floor":18.0},{"not_picked":["Deflect+1","Poisoned Stab+1"],"picked":"Quick Slash+1","floor":19},{"not_picked":["Outmaneuver+1","Concentrate+1"],"picked":"Dodge and Roll+1","floor":24},{"not_picked":["Blade Dance+1","Escape Plan+1"],"picked":"Backstab","floor":25}],"player_experience":145768,"relics_obtained":[{"floor":7.0,"key":"Toxic Egg 2"},{"floor":9.0,"key":"Matryoshka"},{"floor":26,"key":"Dream Catcher"},{"floor":26,"key":"Pen Nib"}],"event_choices":[{"event_name":"Big Fish","player_choice":"Donut","floor":3.0,"damage_taken":0.0},{"event_name":"Accursed Blacksmith","player_choice":"Forge","floor":4.0,"damage_taken":0.0},{"event_name":"The Cleric","player_choice":"Card Removal","floor":5.0,"damage_taken":0.0},{"event_name":"Addict","player_choice":"Stole Relic","floor":21,"damage_taken":0},{"event_name":"The Mausoleum","player_choice":"No","floor":22,"damage_taken":0}],"is_beta":false,"boss_relics":[{"not_picked":["White Beast Statue","Cursed Key"],"picked":"Empty Cage"}],"items_purged_floors":[20],"is_endless":false,"potions_floor_spawned":[1,12,14,24,25],"killed_by":"Slavers","ascension_level":5}