{"gold_per_floor":[116,116,133,133,133,168,94,105,130,130,146,166,182,214,214,311,311,266,266,266,266,22,22,22,22,22,22,22,22,22,22,22,22,22,22,22,22,22,22,22,22,22,22,22,22,22,22,22],"floor_reached":48,"playtime":3460,"items_purged":[],"score":589,"play_id":"9d95c1e7-15f1-4d9b-9e1c-b30dabd66c96","local_time":"20190409183017","is_ascension_mode":false,"campfire_choices":[{"data":"Blur","floor":10,"key":"SMITH"},{"floor":15,"key":"REST"},{"floor":25,"key":"REST"},{"data":"Ghostly","floor":29,"key":"SMITH"},{"data":"Ghostly","floor":32,"key":"SMITH"},{"data":"Strike_G+1","floor":40,"key":"PURGE"}],"neow_cost":"NONE","seed_source_timestamp":1027395665441234,"circlet_count":0,"master_deck":["Defend_G+1","Defend_G+1","Defend_G+1","Defend_G+1","Strike_G+1","Strike_G+1","Strike_G+1","Survivor+1","Neutralize+1","Bouncing Flask+1","Dagger Throw+1","Blur+1","Neutralize+1","Footwork+1","Blur+1","Flying Knee+1","PiercingWail+1","Backflip+1","Dodge and Roll+1","Predator+1","Flechettes+1","Crippling Poison+1","Corpse Explosion+1","Blur+1","Blade Dance+1","Corpse Explosion+1","Slice+1","Dash+1","RitualDagger+1","Ghostly+1","Ghostly+1","Ghostly+1","Ghostly+1","Ghostly+1","Outmaneuver+1","Dagger Spray+1","Terror+1","Underhanded Strike+1","Predator+1","Leg Sweep+1","Backflip"],"relics":["Ring of the Snake","NeowsBlessing","Strawberry","Oddly Smooth Stone","Torii","Ectoplasm","Pantograph","Orichalcum","Blood Vial","War Paint","Busted Crown","Mark of the Bloom","Peace Pipe","PreservedInsect","Boot"],"potions_floor_usage":[16,18,23,31,31,33,33,33,33,37,39],"damage_taken":[{"damage":0,"enemies":"Jaw Worm","floor":1,"turns":1},{"damage":0,"enemies":"Cultist","floor":3,"turns":1},{"damage":0,"enemies":"Lagavulin","floor":6,"turns":1},{"damage":2,"enemies":"2 Louse","floor":8,"turns":3},{"damage":0,"enemies":"Looter","floor":11,"turns":2},{"damage":0,"enemies":"Blue Slaver","floor":12,"turns":4},{"damage":0,"enemies":"Lots of Slimes","floor":13,"turns":5},{"damage":9,"enemies":"3 Sentries","floor":14,"turns":10},{"damage":3,"enemies":"The Guardian","floor":16,"turns":11},{"damage":6,"enemies":"2 Thieves","floor":18,"turns":4},{"damage":0,"enemies":"Chosen","floor":21,"turns":5},{"damage":10,"enemies":"Slavers","floor":23,"turns":4},{"damage":0,"enemies":"3 Cultists","floor":28,"turns":3},{"damage":1,"enemies":"Cultist and Chosen","floor":30,"turns":6},{"damage":3,"enemies":"Book of Stabbing","floor":31,"turns":7},{"damage":10,"enemies":"Collector","floor":33,"turns":9},{"damage":10,"enemies":"3 Darklings","floor":35,"turns":5},{"damage":2,"enemies":"2 Orb Walkers","floor":37,"turns":4},{"damage":0,"enemies":"3 Shapes","floor":38,"turns":3},{"damage":0,"enemies":"Transient","floor":39,"turns":5},{"damage":14,"enemies":"Giant Head","floor":41,"turns":10},{"damage":0,"enemies":"4 Shapes","floor":42,"turns":1},{"damage":0,"enemies":"3 Darklings","floor":44,"turns":2},{"damage":0,"enemies":"Transient","floor":45,"turns":5},{"damage":0,"enemies":"4 Shapes","floor":47,"turns":2},{"damage":12,"enemies":"Sphere and 2 Shapes","floor":48,"turns":1}],"seed_played":"6332708061567960829","potions_obtained":[{"floor":1,"key":"Fire Potion"},{"floor":3,"key":"SpeedPotion"},{"floor":6,"key":"FearPotion"},{"floor":12,"key":"EntropicBrew"},{"floor":16,"key":"AttackPotion"},{"floor":21,"key":"SkillPotion"},{"floor":23,"key":"FearPotion"},{"floor":33,"key":"PowerPotion"},{"floor":35,"key":"Weak Potion"},{"floor":37,"key":"Weak Potion"},{"floor":41,"key":"GamblersBrew"},{"floor":45,"key":"PowerPotion"}],"is_trial":false,"path_per_floor":["M","?","M","$","?","E","$","M","T","R","M","M","M","E","R","B",null,"M","$","?","M","$","E","?","R","T","?","M","R","M","E","R","B",null,"M","?","?","M","M","R","E","M","T","M","M","?","M","M"],"character_chosen":"THE_SILENT","items_purchased":["Flying Knee","PiercingWail","Pantograph"],"campfire_rested":2,"item_purchase_floors":[7,7,22],"current_hp_per_floor":[70,70,70,70,56,63,63,61,61,61,61,61,61,52,75,72,77,71,71,71,71,71,61,55,77,77,38,38,38,37,35,35,28,38,28,28,26,26,26,26,12,12,12,12,12,12,12,0],"gold":22,"neow_bonus":"THREE_ENEMY_KILL","is_prod":false,"is_daily":false,"chose_seed":false,"campfire_upgraded":3,"win_rate":0.0,"timestamp":1554849017,"path_taken":["M","?","M","?","?","E","$","M","T","R","M","M","M","E","R","BOSS","M","$","?","M","$","E","?","R","T","?","M","R","M","E","R","BOSS","M","?","?","M","M","R","E","M","T","M","M","?","?","M"],"build_version":"2019-01-23","purchased_purges":0,"victory":false,"max_hp_per_floor":[70,70,70,70,70,77,77,77,77,77,77,77,77,77,77,77,77,77,77,77,77,77,77,77,77,77,38,38,38,38,38,38,38,38,38,38,38,38,38,38,38,38,38,38,38,48,48,48],"card_choices":[{"not_picked":["Infinite Blades","Deadly Poison"],"picked":"Bouncing Flask","floor":1},{"not_picked":["Reflex","Underhanded Strike"],"picked":"Footwork","floor":3},{"not_picked":["After Image","Quick Slash"],"picked":"Blur","floor":6},{"not_picked":["Sucker Punch","Tactician"],"picked":"Backflip","floor":8},{"not_picked":["Prepared","Underhanded Strike"],"picked":"Dodge and Roll","floor":11},{"not_picked":["All Out Attack","Dodge and Roll"],"picked":"Predator","floor":12},{"not_picked":["Distraction","Night Terror"],"picked":"Flechettes","floor":13},{"not_picked":["Prepared","Expertise"],"picked":"Crippling Poison","floor":14},{"not_picked":["Wraith Form v2","Malaise"],"picked":"Corpse Explosion","floor":16},{"not_picked":["Blade Dance","Riddle With Holes"],"picked":"Blur+1","floor":18},{"not_picked":["Deadly Poison","Calculated Gamble"],"picked":"Slice+1","floor":21},{"not_picked":["Flying Knee","PiercingWail"],"picked":"Dash","floor":23},{"not_picked":["Quick Slash","Bane"],"picked":"Outmaneuver+1","floor":28},{"not_picked":["Flechettes+1","Deflect+1"],"picked":"Dagger Spray","floor":30},{"not_picked":["Predator","Noxious Fumes+1"],"picked":"Terror+1","floor":31},{"not_picked":["After Image","Wraith Form v2"],"picked":"A Thousand Cuts","floor":33},{"not_picked":["Eviscerate+1"],"picked":"SKIP","floor":35},{"not_picked":[],"picked":"Underhanded Strike+1","floor":37},{"not_picked":[],"picked":"Predator+1","floor":38},{"not_picked":[],"picked":"Leg Sweep+1","floor":39},{"not_picked":[],"picked":"Backflip","floor":41},{"not_picked":["Caltrops+1"],"picked":"SKIP","floor":42},{"not_picked":["Eviscerate"],"picked":"SKIP","floor":44},{"not_picked":["Sucker Punch"],"picked":"SKIP","floor":45},{"not_picked":["All Out Attack+1"],"picked":"SKIP","floor":47}],"player_experience":86524,"relics_obtained":[{"floor":6,"key":"Strawberry"},{"floor":9,"key":"Oddly Smooth Stone"},{"floor":14,"key":"Torii"},{"floor":23,"key":"Orichalcum"},{"floor":26,"key":"Blood Vial"},{"floor":31,"key":"War Paint"},{"floor":37,"key":"Peace Pipe"},{"floor":41,"key":"PreservedInsect"},{"floor":43,"key":"Boot"}],"event_choices":[{"damage_healed":0,"gold_gain":0,"player_choice":"3 cards matched","damage_taken":0,"max_hp_gain":0,"max_hp_loss":0,"event_name":"Match and Keep!","floor":2,"gold_loss":0,"cards_obtained":["Dagger Throw","Blur","Neutralize"]},{"damage_healed":0,"gold_gain":0,"player_choice":"3 cards matched","damage_taken":0,"max_hp_gain":0,"max_hp_loss":0,"event_name":"Match and Keep!","floor":2,"gold_loss":0,"cards_obtained":["Dagger Throw","Blur","Neutralize"]},{"damage_healed":0,"gold_gain":0,"player_choice":"Entered Light","damage_taken":14,"max_hp_gain":0,"max_hp_loss":0,"event_name":"Shining Light","floor":5,"gold_loss":0,"cards_upgraded":["Dagger Throw","Strike_G"]},{"damage_healed":0,"gold_gain":0,"cards_transformed":["Defend_G","Strike_G"],"player_choice":"Became Test Subject","damage_taken":0,"max_hp_gain":0,"max_hp_loss":0,"event_name":"Drug Dealer","floor":20,"gold_loss":0,"cards_obtained":["Blade Dance","Corpse Explosion"]},{"damage_healed":0,"gold_gain":0,"player_choice":"Joined the Cult","damage_taken":6,"max_hp_gain":0,"max_hp_loss":0,"event_name":"Nest","floor":24,"gold_loss":0,"cards_obtained":["RitualDagger"]},{"damage_healed":0,"gold_gain":0,"player_choice":"Became a Ghost","damage_taken":0,"max_hp_gain":0,"max_hp_loss":39,"event_name":"Ghosts","floor":27,"gold_loss":0,"cards_obtained":["Ghostly","Ghostly","Ghostly","Ghostly","Ghostly"]},{"damage_healed":0,"gold_gain":0,"player_choice":"Upgrade","damage_taken":0,"relics_obtained":["Mark of the Bloom"],"max_hp_gain":0,"max_hp_loss":0,"event_name":"MindBloom","floor":36,"gold_loss":0,"cards_upgraded":["Defend_G","Defend_G","Defend_G","Defend_G","Strike_G","Strike_G","Strike_G","Neutralize","Bouncing Flask","Neutralize","Footwork","Flying Knee","PiercingWail","Backflip","Dodge and Roll","Predator","Flechettes","Crippling Poison","Corpse Explosion","Blade Dance","Corpse Explosion","Dash","RitualDagger","Ghostly","Ghostly","Ghostly","Dagger Spray","A Thousand Cuts"]},{"damage_healed":0,"gold_gain":0,"player_choice":"Fight","damage_taken":0,"max_hp_gain":0,"max_hp_loss":0,"event_name":"Mysterious Sphere","floor":37,"gold_loss":0},{"cards_removed":["A Thousand Cuts"],"damage_healed":26,"gold_gain":0,"player_choice":"Offered Rare","damage_taken":0,"max_hp_gain":10,"max_hp_loss":0,"event_name":"Bonfire Elementals","floor":46,"gold_loss":0}],"is_beta":false,"boss_relics":[{"not_picked":["Philosopher\u0027s Stone","Tiny House"],"picked":"Ectoplasm"},{"not_picked":["Velvet Choker","Black Star"],"picked":"Busted Crown"}],"items_purged_floors":[],"is_endless":false,"potions_floor_spawned":[1,3,6,12,16,21,23,30,33,35,37,41,45],"killed_by":"Sphere and 2 Shapes","ascension_level":0}