{"gold_per_floor":[109,126,29,29,49,49,75,75,75,103,117,142,142,112,112,210,210,230,79,91,102,150,150,185,110,192,192,208,90,90,108,108,212,212,223,242,257,269,288,319,419,419,470,520,520,83,83,114,114,114],"floor_reached":51,"playtime":9289,"items_purged":["Strike_G","Strike_G","Defend_G"],"score":733,"play_id":"d87213e4-0e64-4f06-8889-510364ccc84a","local_time":"20181224201339","is_ascension_mode":false,"campfire_choices":[{"data":"Backflip","floor":6,"key":"SMITH"},{"data":"Neutralize","floor":8,"key":"SMITH"},{"floor":13,"key":"REST"},{"floor":15,"key":"REST"},{"data":"Storm of Steel","floor":23,"key":"SMITH"},{"data":"Noxious Fumes","floor":30,"key":"SMITH"},{"data":"Backflip","floor":32,"key":"SMITH"},{"data":"Eviscerate","floor":42,"key":"SMITH"},{"data":"Skewer","floor":45,"key":"SMITH"},{"floor":49,"key":"REST"}],"neow_cost":"NONE","seed_source_timestamp":615527705708983,"circlet_count":0,"master_deck":["Defend_G","Strike_G+1","Strike_G+1","Survivor","Neutralize+1","Backflip+1","Eviscerate+1","Backflip+1","Storm of Steel+1","Skewer+1","Dagger Throw","Envenom","Poisoned Stab+1","Backflip+1","Sucker Punch+1","Noxious Fumes+1","Bullet Time","Prepared+1","Crippling Poison+1","Crippling Poison+1","Riddle With Holes+1","Backflip+1","Panache","Catalyst"],"relics":["Snecko Eye","Lantern","Odd Mushroom","Dream Catcher","Whetstone","Centennial Puzzle","WristBlade","Bronze Scales","Potion Belt","Smiling Mask","Tiny Chest","Sundial","Astrolabe","Art of War","StoneCalendar","Anchor","Unceasing Top","Bag of Preparation","Blue Candle","Blood Vial"],"potions_floor_usage":[5,7,16,16,16,20,21,28,33,33,39,50,50,50,50],"damage_taken":[{"damage":0,"enemies":"Jaw Worm","floor":1,"turns":4},{"damage":0,"enemies":"2 Louse","floor":2,"turns":2},{"damage":0,"enemies":"Cultist","floor":5,"turns":5},{"damage":11,"enemies":"The Mushroom Lair","floor":7,"turns":10},{"damage":22,"enemies":"Gremlin Nob","floor":10,"turns":6},{"damage":4,"enemies":"Exordium Thugs","floor":11,"turns":6},{"damage":17,"enemies":"Lagavulin","floor":12,"turns":6},{"damage":7,"enemies":"Hexaghost","floor":16,"turns":7},{"damage":0,"enemies":"3 Byrds","floor":18,"turns":6},{"damage":6,"enemies":"Shell Parasite","floor":20,"turns":3},{"damage":6,"enemies":"Cultist and Chosen","floor":21,"turns":6},{"damage":0,"enemies":"Book of Stabbing","floor":24,"turns":3},{"damage":7,"enemies":"Chosen and Byrds","floor":28,"turns":5},{"damage":0,"enemies":"Snecko","floor":31,"turns":2},{"damage":17,"enemies":"Champ","floor":33,"turns":8},{"damage":0,"enemies":"Orb Walker","floor":35,"turns":2},{"damage":0,"enemies":"3 Shapes","floor":36,"turns":2},{"damage":8,"enemies":"Jaw Worm Horde","floor":37,"turns":4},{"damage":5,"enemies":"Spire Growth","floor":38,"turns":3},{"damage":9,"enemies":"Sphere and 2 Shapes","floor":39,"turns":3},{"damage":16,"enemies":"Reptomancer","floor":40,"turns":3},{"damage":1,"enemies":"Mind Bloom Boss Battle","floor":41,"turns":6},{"damage":5,"enemies":"2 Orb Walkers","floor":44,"turns":4},{"damage":13,"enemies":"Nemesis","floor":48,"turns":3},{"damage":58,"enemies":"Time Eater","floor":50,"turns":8}],"seed_played":"4999414778925783155","potions_obtained":[{"floor":1,"key":"Energy Potion"},{"floor":2,"key":"Dexterity Potion"},{"floor":10,"key":"SteroidPotion"},{"floor":14,"key":"SkillPotion"},{"floor":14,"key":"EntropicBrew"},{"floor":21,"key":"SkillPotion"},{"floor":28,"key":"EssenceOfSteel"},{"floor":31,"key":"SpeedPotion"},{"floor":36,"key":"LiquidBronze"},{"floor":37,"key":"GamblersBrew"},{"floor":44,"key":"Regen Potion"},{"floor":48,"key":"LiquidBronze"}],"is_trial":false,"path_per_floor":["M","M","$","?","M","R","?","R","T","E","M","E","R","?","R","B",null,"M","$","M","M","T","R","E","?","T","?","M","$","R","M","R","B",null,"M","M","M","M","M","E","?","R","T","?","R","$","?","E","R","B",null],"character_chosen":"THE_SILENT","items_purchased":["Backflip","Bronze Scales","Noxious Fumes","Panache","Poison Potion","Bag of Preparation"],"campfire_rested":3,"item_purchase_floors":[3,19,29,46,46,46],"current_hp_per_floor":[70,70,70,58,58,58,47,47,47,25,21,4,25,25,46,39,70,70,70,64,58,58,58,58,58,58,58,51,51,51,51,51,34,70,70,70,62,57,60,44,43,43,43,38,38,38,38,25,46,5],"gold":114,"neow_bonus":"BOSS_RELIC","is_prod":false,"is_daily":false,"chose_seed":false,"campfire_upgraded":7,"win_rate":0,"timestamp":1545700419,"path_taken":["M","M","$","?","M","R","?","R","T","E","M","E","R","?","R","BOSS","M","$","?","M","?","R","E","?","T","?","M","?","R","M","R","BOSS","M","M","M","M","M","E","?","R","T","?","R","$","?","E","R","BOSS"],"build_version":"2018-12-20","purchased_purges":3,"victory":true,"max_hp_per_floor":[70,70,70,70,70,70,70,70,70,70,70,70,70,70,70,70,70,70,70,70,70,70,70,70,70,70,70,70,70,70,70,70,70,70,70,70,70,70,70,70,70,70,70,70,70,70,70,70,70,70],"card_choices":[{"not_picked":["Flechettes","Deflect","Outmaneuver"],"picked":"SKIP","floor":1},{"not_picked":["Prepared","Dodge and Roll","Acrobatics"],"picked":"SKIP","floor":2},{"not_picked":["Finisher","Bane","All Out Attack"],"picked":"SKIP","floor":5},{"not_picked":["Sucker Punch","Slice"],"picked":"Eviscerate","floor":10},{"not_picked":["Prepared","Dodge and Roll"],"picked":"Backflip","floor":11},{"not_picked":["Outmaneuver","Sucker Punch"],"picked":"Storm of Steel","floor":12},{"not_picked":["Deflect","Masterful Stab"],"picked":"Skewer","floor":13},{"not_picked":["Reflex","Cloak And Dagger"],"picked":"Dagger Throw","floor":15},{"not_picked":["Doppelganger","Storm of Steel"],"picked":"Envenom","floor":16},{"not_picked":["Sucker Punch","All Out Attack+1","Cloak And Dagger"],"picked":"SKIP","floor":18},{"not_picked":["Prepared","Dagger Throw"],"picked":"Poisoned Stab+1","floor":20},{"not_picked":["Acrobatics","Deflect+1"],"picked":"Backflip+1","floor":21},{"not_picked":["Expertise","Dagger Throw"],"picked":"Sucker Punch+1","floor":24},{"not_picked":["Deadly Poison","Bane","Dagger Throw+1"],"picked":"SKIP","floor":28},{"not_picked":["Outmaneuver","Poisoned Stab","Distraction"],"picked":"SKIP","floor":31},{"not_picked":["Unload","Tools of the Trade"],"picked":"Bullet Time","floor":33},{"not_picked":["Deadly Poison","PiercingWail","Quick Slash+1"],"picked":"SKIP","floor":35},{"not_picked":["Flying Knee+1","Outmaneuver","Quick Slash"],"picked":"SKIP","floor":36},{"not_picked":["Deflect+1","Flying Knee+1","Backflip"],"picked":"SKIP","floor":37},{"not_picked":["Dagger Spray","Blade Dance","Endless Agony"],"picked":"SKIP","floor":38},{"not_picked":["Glass Knife","Acrobatics+1","Prepared"],"picked":"SKIP","floor":39},{"not_picked":["Underhanded Strike","Acrobatics+1"],"picked":"Riddle With Holes+1","floor":40},{"not_picked":["Flechettes+1","Quick Slash+1"],"picked":"Backflip+1","floor":41},{"not_picked":["Escape Plan","Leg Sweep","Skewer"],"picked":"SKIP","floor":48},{"not_picked":["Bane+1","Riddle With Holes+1"],"picked":"Catalyst","floor":49}],"player_experience":489887,"relics_obtained":[{"floor":7,"key":"Odd Mushroom"},{"floor":9,"key":"Dream Catcher"},{"floor":10,"key":"Whetstone"},{"floor":12,"key":"Centennial Puzzle"},{"floor":22,"key":"Potion Belt"},{"floor":24,"key":"Smiling Mask"},{"floor":26,"key":"Tiny Chest"},{"floor":40,"key":"Art of War"},{"floor":41,"key":"StoneCalendar"},{"floor":43,"key":"Anchor"},{"floor":44,"key":"Unceasing Top"},{"floor":47,"key":"Blue Candle"},{"floor":48,"key":"Blood Vial"}],"event_choices":[{"damage_healed":0,"gold_gain":0,"player_choice":"Success","damage_taken":12,"relics_obtained":["Lantern"],"max_hp_gain":0,"max_hp_loss":0,"event_name":"Scrap Ooze","floor":4,"gold_loss":0},{"damage_healed":0,"gold_gain":0,"player_choice":"Fought Mushrooms","damage_taken":0,"max_hp_gain":0,"max_hp_loss":0,"event_name":"Mushrooms","floor":7,"gold_loss":0},{"damage_healed":0,"gold_gain":0,"player_choice":"Bought 2 Potions","damage_taken":0,"max_hp_gain":0,"max_hp_loss":0,"event_name":"The Woman in Blue","floor":14,"gold_loss":0},{"cards_removed":["Strike_G"],"damage_healed":0,"gold_gain":0,"player_choice":"Gave Gold","damage_taken":0,"max_hp_gain":0,"max_hp_loss":0,"event_name":"Beggar","floor":25,"gold_loss":75},{"damage_healed":0,"gold_gain":0,"player_choice":"Opened","damage_taken":0,"relics_obtained":["Sundial"],"max_hp_gain":0,"max_hp_loss":0,"event_name":"The Mausoleum","floor":27,"gold_loss":0},{"damage_healed":0,"gold_gain":0,"player_choice":"Fight","damage_taken":0,"max_hp_gain":0,"max_hp_loss":0,"event_name":"MindBloom","floor":41,"gold_loss":0},{"damage_healed":0,"gold_gain":0,"player_choice":"Fight","damage_taken":0,"max_hp_gain":0,"max_hp_loss":0,"event_name":"Mysterious Sphere","floor":44,"gold_loss":0},{"damage_healed":0,"gold_gain":0,"player_choice":"Relic","damage_taken":0,"max_hp_gain":0,"max_hp_loss":0,"event_name":"Wheel of Change","floor":47,"gold_loss":0}],"is_beta":false,"boss_relics":[{"not_picked":["Empty Cage","Black Star"],"picked":"WristBlade"},{"not_picked":["Eternal Feather","HoveringKite"],"picked":"Astrolabe"}],"items_purged_floors":[3,29,46],"is_endless":false,"potions_floor_spawned":[1,2,10,21,28,31,36,37,44,48],"ascension_level":0}