{"gold_per_floor":[214,214,60,60,60,60,73,101,126,126,137,137,137,162,162,262,262,281,55,71,81,98,98,27,27,73,73,73,89,105,105,105,210,210,225,237,100,26,0,0,0,0,25,25,51,69,69,69,69,69],"floor_reached":51,"playtime":5892,"items_purged":["Strike_G","Strike_G"],"score":802,"play_id":"fabdd882-b513-4abc-8ccd-d36f7dd1773d","local_time":"20190301210803","is_ascension_mode":true,"campfire_choices":[{"data":"Blur","floor":6,"key":"SMITH"},{"floor":10,"key":"REST"},{"data":"Blur","floor":12,"key":"SMITH"},{"floor":15,"key":"REST"},{"data":"Footwork","floor":23,"key":"SMITH"},{"data":"Noxious Fumes","floor":25,"key":"SMITH"},{"data":"Noxious Fumes","floor":28,"key":"SMITH"},{"data":"Neutralize","floor":32,"key":"SMITH"},{"data":"Catalyst","floor":40,"key":"SMITH"},{"floor":44,"key":"RECALL"},{"data":"Footwork","floor":49,"key":"SMITH"}],"neow_cost":"NONE","seed_source_timestamp":829883725731741,"circlet_count":0,"master_deck":["Defend_G+1","Defend_G+1","Defend_G+1","Defend_G+1","Defend_G+1","Strike_G+1","Survivor+1","Neutralize+1","Well Laid Plans+1","Blur+1","Noxious Fumes+1","Blur+1","Blur+1","Malaise+1","Footwork+1","Noxious Fumes+1","Malaise+1","A Thousand Cuts+1","Catalyst+1","Footwork+1","Footwork+1","Cloak And Dagger+1","Finesse"],"relics":["Ring of the Snake","Letter Opener","Ancient Tea Set","Happy Flower","Question Card","Runic Dome","Oddly Smooth Stone","Potion Belt","Coffee Dripper","Red Mask","Mark of the Bloom","Dream Catcher","Juzu Bracelet"],"potions_floor_usage":[8,21,30,33,36,36,47,50,50],"damage_taken":[{"damage":0,"enemies":"Small Slimes","floor":1,"turns":3},{"damage":0,"enemies":"2 Louse","floor":7,"turns":3},{"damage":40,"enemies":"Gremlin Nob","floor":8,"turns":7},{"damage":0,"enemies":"Jaw Worm","floor":11,"turns":7},{"damage":4,"enemies":"Lagavulin","floor":14,"turns":9},{"damage":14,"enemies":"Hexaghost","floor":16,"turns":16},{"damage":0,"enemies":"Spheric Guardian","floor":18,"turns":8},{"damage":0,"enemies":"Shell Parasite","floor":20,"turns":11},{"damage":0,"enemies":"Chosen and Byrds","floor":21,"turns":11},{"damage":0,"enemies":"Snake Plant","floor":22,"turns":8},{"damage":0,"enemies":"Centurion and Healer","floor":29,"turns":8},{"damage":15,"enemies":"Sentry and Sphere","floor":30,"turns":7},{"damage":9,"enemies":"Automaton","floor":33,"turns":13},{"damage":0,"enemies":"Orb Walker","floor":35,"turns":7},{"damage":23,"enemies":"3 Darklings","floor":36,"turns":5},{"damage":0,"enemies":"Giant Head","floor":45,"turns":11},{"damage":43,"enemies":"4 Shapes","floor":46,"turns":5},{"damage":0,"enemies":"Donu and Deca","floor":50,"turns":10}],"seed_played":"-4687774331326216632","potions_obtained":[{"floor":7,"key":"Weak Potion"},{"floor":11,"key":"FairyPotion"},{"floor":14,"key":"EntropicBrew"},{"floor":16,"key":"AttackPotion"},{"floor":18,"key":"Regen Potion"},{"floor":21,"key":"Dexterity Potion"},{"floor":33,"key":"LiquidBronze"},{"floor":36,"key":"EssenceOfSteel"},{"floor":45,"key":"PowerPotion"},{"floor":47,"key":"GhostInAJar"},{"floor":47,"key":"Fruit Juice"},{"floor":47,"key":"GamblersBrew"}],"is_trial":false,"path_per_floor":["M","?","$","?","?","R","M","E","T","R","M","R","?","E","R","B",null,"M","$","M","M","M","R","$","R","T","?","R","M","M","?","R","B",null,"M","M","$","$","?","R","$","?","T","R","E","M","?","?","R","B",null],"character_chosen":"THE_SILENT","items_purchased":["Blur","Oddly Smooth Stone","Footwork","Noxious Fumes","Catalyst","Footwork"],"campfire_rested":2,"item_purchase_floors":[3,19,19,24,37,38],"current_hp_per_floor":[70,63,63,56,56,56,56,16,16,37,37,37,23,19,40,26,70,70,70,70,70,70,70,70,70,70,70,70,70,69,69,69,60,70,70,47,47,47,47,47,47,47,47,47,47,4,4,4,4,4],"gold":69,"neow_bonus":"HUNDRED_GOLD","is_prod":false,"is_daily":false,"chose_seed":false,"campfire_upgraded":8,"win_rate":0,"timestamp":1551470883,"path_taken":["M","?","$","?","?","R","M","E","T","R","M","R","?","E","R","BOSS","M","$","M","M","M","R","$","R","T","?","R","M","M","?","R","BOSS","M","?","?","$","?","R","?","?","T","R","E","M","?","?","R","BOSS"],"build_version":"2019-01-23","purchased_purges":2,"victory":true,"max_hp_per_floor":[70,70,70,70,70,70,70,70,70,70,70,70,70,70,70,70,70,70,70,70,70,70,70,70,70,70,70,70,70,70,70,70,70,70,70,70,70,70,70,70,70,70,70,70,70,70,75,75,75,75],"card_choices":[{"not_picked":["Cloak And Dagger","Underhanded Strike"],"picked":"Well Laid Plans","floor":1},{"not_picked":["Calculated Gamble","Backflip"],"picked":"Noxious Fumes","floor":7},{"not_picked":["Endless Agony","Underhanded Strike"],"picked":"Blur","floor":8},{"not_picked":["Riddle With Holes","Venomology","Underhanded Strike"],"picked":"SKIP","floor":11},{"not_picked":["Heel Hook","Backflip"],"picked":"Blur","floor":14},{"not_picked":["Burst","Night Terror","Venomology"],"picked":"Malaise","floor":16},{"not_picked":["Flying Knee","Blade Dance","PiercingWail","Choke"],"picked":"SKIP","floor":18},{"not_picked":["Sucker Punch","Poisoned Stab","Bane","Masterful Stab+1"],"picked":"SKIP","floor":20},{"not_picked":["Prepared","Poisoned Stab","Underhanded Strike+1","Deflect+1"],"picked":"SKIP","floor":21},{"not_picked":["Dagger Throw","Flechettes","Underhanded Strike","Masterful Stab"],"picked":"SKIP","floor":22},{"not_picked":["Riddle With Holes","Blade Dance","Bane+1"],"picked":"Malaise","floor":29},{"not_picked":["Quick Slash","Dagger Spray","Heel Hook","Prepared"],"picked":"SKIP","floor":30},{"not_picked":["Venomology","Envenom","Glass Knife"],"picked":"A Thousand Cuts","floor":33},{"not_picked":["Blade Dance+1","Slice","Flying Knee","Outmaneuver+1"],"picked":"SKIP","floor":35},{"not_picked":["Skewer","Setup","Acrobatics","Sucker Punch"],"picked":"SKIP","floor":36},{"not_picked":["Acrobatics","Backstab+1","Deflect"],"picked":"Footwork","floor":45},{"not_picked":["Deflect+1","Caltrops","Heel Hook"],"picked":"Cloak And Dagger+1","floor":46},{"not_picked":["Panacea","Apotheosis","Dramatic Entrance"],"picked":"Finesse","floor":48}],"player_experience":735308,"relics_obtained":[{"floor":8,"key":"Ancient Tea Set"},{"floor":9,"key":"Happy Flower"},{"floor":14,"key":"Question Card"},{"floor":26,"key":"Potion Belt"},{"floor":43,"key":"Dream Catcher"},{"floor":45,"key":"Juzu Bracelet"}],"event_choices":[{"damage_healed":0,"gold_gain":0,"player_choice":"Success","damage_taken":7,"relics_obtained":["Letter Opener"],"max_hp_gain":0,"max_hp_loss":0,"event_name":"Scrap Ooze","floor":2,"gold_loss":0},{"cards_removed":["Strike_G"],"damage_healed":0,"gold_gain":0,"player_choice":"Card Removal","damage_taken":7,"max_hp_gain":0,"max_hp_loss":0,"event_name":"Golden Wing","floor":4,"gold_loss":0},{"damage_healed":0,"gold_gain":0,"player_choice":"Ignored","damage_taken":0,"max_hp_gain":0,"max_hp_loss":0,"event_name":"Liars Game","floor":5,"gold_loss":0},{"damage_healed":0,"gold_gain":0,"player_choice":"Entered Light","damage_taken":14,"max_hp_gain":0,"max_hp_loss":0,"event_name":"Shining Light","floor":13,"gold_loss":0,"cards_upgraded":["Defend_G","Survivor"]},{"cards_removed":["Strike_G"],"damage_healed":0,"gold_gain":0,"player_choice":"Elegance","damage_taken":0,"max_hp_gain":0,"max_hp_loss":0,"event_name":"Back to Basics","floor":27,"gold_loss":0},{"damage_healed":0,"gold_gain":0,"player_choice":"Forge","damage_taken":0,"max_hp_gain":0,"max_hp_loss":0,"event_name":"Accursed Blacksmith","floor":31,"gold_loss":0,"cards_upgraded":["Blur"]},{"damage_healed":0,"gold_gain":0,"player_choice":"Paid","damage_taken":0,"relics_obtained":["Red Mask"],"max_hp_gain":0,"max_hp_loss":0,"event_name":"Tomb of Lord Red Mask","floor":39,"gold_loss":26},{"damage_healed":0,"gold_gain":0,"player_choice":"Upgrade","damage_taken":0,"relics_obtained":["Mark of the Bloom"],"max_hp_gain":0,"max_hp_loss":0,"event_name":"MindBloom","floor":42,"gold_loss":0,"cards_upgraded":["Defend_G","Defend_G","Defend_G","Defend_G","Strike_G","Well Laid Plans","Malaise","Malaise","A Thousand Cuts","Footwork"]},{"damage_healed":0,"gold_gain":0,"player_choice":"Got Potions","damage_taken":0,"max_hp_gain":0,"max_hp_loss":0,"event_name":"Lab","floor":47,"gold_loss":0},{"damage_healed":0,"gold_gain":0,"player_choice":"Memory 1","damage_taken":0,"max_hp_gain":0,"max_hp_loss":0,"event_name":"SensoryStone","floor":48,"gold_loss":0}],"is_beta":false,"boss_relics":[{"not_picked":["Pandora\u0027s Box","Ring of the Serpent"],"picked":"Runic Dome"},{"not_picked":["Runic Pyramid","Snecko Eye"],"picked":"Coffee Dripper"}],"items_purged_floors":[3,37],"is_endless":false,"potions_floor_spawned":[7,11,14,16,18,21,22,33,36,45],"ascension_level":2}