{"gold_per_floor":[116,116,130,148,148,148,167,167,167,167,188,188,201,44,44,135,135,154,177,201,300,425,463,463,498,498,448,448,462,505,530,530,626,626,644,644,662,211,224,224,255,270,294,294,294,332,332,368,368,368],"floor_reached":51,"playtime":4941,"items_purged":["Strike_B","Defend_B"],"score":1234,"play_id":"2b5d01b2-586e-41a7-b498-e348299c0580","local_time":"20190319015724","is_ascension_mode":true,"campfire_choices":[{"data":"Cold Snap","floor":6,"key":"SMITH"},{"data":"Self Repair","floor":8,"key":"SMITH"},{"data":"Zap","floor":10,"key":"SMITH"},{"data":"Consume","floor":12,"key":"SMITH"},{"data":"Loop","floor":15,"key":"SMITH"},{"data":"Capacitor","floor":24,"key":"SMITH"},{"data":"Defragment","floor":28,"key":"SMITH"},{"data":"Strike_B","floor":32,"key":"PURGE"},{"data":"Buffer","floor":40,"key":"SMITH"},{"data":"Strike_B","floor":44,"key":"PURGE"},{"data":"Strike_B","floor":47,"key":"PURGE"},{"floor":49,"key":"REST"}],"neow_cost":"NONE","seed_source_timestamp":1205974398039255,"circlet_count":0,"master_deck":["AscendersBane","Defend_B","Defend_B","Defend_B","Zap+1","Dualcast","Cold Snap+1","Coolheaded","Self Repair+1","Consume+1","Loop+1","Electrodynamics","Coolheaded","Capacitor+1","Defragment+1","Coolheaded+1","White Noise+1","Conserve Battery+1","Buffer+1","Fission+1","Capacitor+1","Glacier+1","Blizzard"],"relics":["Cracked Core","Dream Catcher","Golden Idol","Emotion Chip","Sozu","Centennial Puzzle","Girya","Question Card","Mango","Toxic Egg 2","Pear","Peace Pipe","Nuclear Battery","DollysMirror","Meat on the Bone","Juzu Bracelet","Bronze Scales","Strawberry"],"potions_floor_usage":[4,7,11,16,22,31],"damage_taken":[{"damage":0,"enemies":"Cultist","floor":1,"turns":3},{"damage":2,"enemies":"Jaw Worm","floor":3,"turns":3},{"damage":3,"enemies":"Small Slimes","floor":4,"turns":4},{"damage":2,"enemies":"2 Fungi Beasts","floor":7,"turns":4},{"damage":0,"enemies":"Red Slaver","floor":11,"turns":3},{"damage":1,"enemies":"Blue Slaver","floor":13,"turns":4},{"damage":37,"enemies":"The Guardian","floor":16,"turns":13},{"damage":10,"enemies":"Chosen","floor":18,"turns":5},{"damage":6,"enemies":"Spheric Guardian","floor":20,"turns":4},{"damage":12,"enemies":"Colosseum Slavers","floor":22,"turns":4},{"damage":7,"enemies":"Colosseum Nobs","floor":22,"turns":3},{"damage":25,"enemies":"Book of Stabbing","floor":23,"turns":8},{"damage":36,"enemies":"Gremlin Leader","floor":25,"turns":8},{"damage":10,"enemies":"3 Cultists","floor":29,"turns":3},{"damage":6,"enemies":"Book of Stabbing","floor":30,"turns":6},{"damage":4,"enemies":"Snecko","floor":31,"turns":4},{"damage":12,"enemies":"Champ","floor":33,"turns":21},{"damage":0,"enemies":"3 Shapes","floor":35,"turns":6},{"damage":10,"enemies":"Orb Walker","floor":37,"turns":4},{"damage":0,"enemies":"Maw","floor":39,"turns":9},{"damage":77,"enemies":"Reptomancer","floor":41,"turns":9},{"damage":0,"enemies":"Transient","floor":42,"turns":5},{"damage":3,"enemies":"Giant Head","floor":46,"turns":10},{"damage":31,"enemies":"Reptomancer","floor":48,"turns":8},{"damage":26,"enemies":"Awakened One","floor":50,"turns":14}],"seed_played":"8803477896762729487","potions_obtained":[{"floor":1,"key":"SkillPotion"},{"floor":5,"key":"FocusPotion"},{"floor":5,"key":"GamblersBrew"},{"floor":7,"key":"Block Potion"},{"floor":11,"key":"Regen Potion"},{"floor":16,"key":"Energy Potion"}],"is_trial":false,"path_per_floor":["M","?","M","M","?","R","M","R","T","R","M","R","M","$","R","B",null,"M","T","M","?","?","E","R","E","T","?","R","M","E","M","R","B",null,"M","?","M","$","M","R","E","M","T","R","?","E","R","E","R","B",null],"character_chosen":"DEFECT","items_purchased":["Loop","Fission+1","DollysMirror"],"campfire_rested":1,"item_purchase_floors":[14,38,38],"current_hp_per_floor":[68,68,66,63,63,63,61,61,61,61,69,69,68,68,68,56,66,66,66,69,69,60,59,59,33,43,43,43,43,47,53,53,51,83,93,93,93,93,93,93,26,48,48,48,48,67,67,65,95,79],"gold":368,"neow_bonus":"RANDOM_COMMON_RELIC","is_prod":false,"is_daily":false,"chose_seed":false,"campfire_upgraded":8,"win_rate":0,"timestamp":1552975044,"path_taken":["M","?","M","M","?","R","?","R","T","R","M","R","M","$","R","BOSS","M","?","M","?","?","E","R","E","T","?","R","?","E","M","R","BOSS","M","?","?","$","M","R","E","M","T","R","?","E","R","E","R","BOSS"],"build_version":"2019-01-23","purchased_purges":2,"victory":true,"max_hp_per_floor":[75,69,69,69,69,69,69,69,69,69,69,69,69,69,69,69,69,69,69,69,69,69,83,83,83,93,93,93,93,93,93,93,93,93,93,93,93,93,93,93,93,93,93,93,93,93,93,100,100,100],"card_choices":[{"not_picked":["Reinforced Body","Blizzard","Barrage"],"picked":"SKIP","floor":1},{"not_picked":["Lockon","Hologram"],"picked":"Cold Snap","floor":3},{"not_picked":["Go for the Eyes","Lockon"],"picked":"Coolheaded","floor":4},{"not_picked":["Sweeping Beam","Leap"],"picked":"Self Repair","floor":7},{"not_picked":["Recycle","Cold Snap"],"picked":"Consume","floor":11},{"not_picked":["Chaos","Amplify","Leap"],"picked":"SKIP","floor":13},{"not_picked":["Core Surge","Meteor Strike"],"picked":"Electrodynamics","floor":16},{"not_picked":["Beam Cell","Rebound"],"picked":"Coolheaded","floor":18},{"not_picked":["Conserve Battery","Hologram"],"picked":"Capacitor","floor":20},{"not_picked":["Leap","Stack+1","Tempest","Thunder Strike"],"picked":"SKIP","floor":23},{"not_picked":["Beam Cell","Cold Snap","Rebound"],"picked":"Defragment","floor":25},{"not_picked":["Consume+1","Leap+1","Barrage+1"],"picked":"Coolheaded+1","floor":29},{"not_picked":["Cold Snap","Ball Lightning","Heatsinks"],"picked":"White Noise+1","floor":30},{"not_picked":["Hello World","Beam Cell","Steam+1"],"picked":"Conserve Battery+1","floor":31},{"not_picked":["Rainbow+1","Hyperbeam","Thunder Strike"],"picked":"Buffer","floor":33},{"not_picked":["Darkness+1","Reinforced Body+1","Hologram+1","Stack+1"],"picked":"SKIP","floor":35},{"not_picked":["Leap+1","Rebound+1","Streamline","Ball Lightning"],"picked":"SKIP","floor":37},{"not_picked":["Tempest+1","Static Discharge+1","Conserve Battery+1","Redo+1"],"picked":"SKIP","floor":39},{"not_picked":["Reboot+1","Conserve Battery+1","Static Discharge","Barrage"],"picked":"SKIP","floor":41},{"not_picked":["Turbo+1","Sweeping Beam","Steam Power+1","Genetic Algorithm+1"],"picked":"SKIP","floor":42},{"not_picked":["Coolheaded+1","Redo+1","Seek+1"],"picked":"Glacier+1","floor":46},{"not_picked":["Sunder+1","Steam Power+1","Auto Shields+1","Leap+1"],"picked":"SKIP","floor":48},{"not_picked":["Lockon","Rebound+1","Ball Lightning"],"picked":"Blizzard","floor":49}],"player_experience":825658,"relics_obtained":[{"floor":9,"key":"Emotion Chip"},{"floor":19,"key":"Centennial Puzzle"},{"floor":22,"key":"Girya"},{"floor":22,"key":"Question Card"},{"floor":23,"key":"Mango"},{"floor":25,"key":"Toxic Egg 2"},{"floor":26,"key":"Pear"},{"floor":30,"key":"Peace Pipe"},{"floor":41,"key":"Meat on the Bone"},{"floor":43,"key":"Juzu Bracelet"},{"floor":46,"key":"Bronze Scales"},{"floor":48,"key":"Strawberry"}],"event_choices":[{"damage_healed":0,"gold_gain":0,"player_choice":"Lose Max HP","damage_taken":0,"relics_obtained":["Golden Idol"],"max_hp_gain":0,"max_hp_loss":6,"event_name":"Golden Idol","floor":2,"gold_loss":0},{"damage_healed":0,"gold_gain":0,"player_choice":"Got Potions","damage_taken":0,"max_hp_gain":0,"max_hp_loss":0,"event_name":"Lab","floor":5,"gold_loss":0},{"damage_healed":0,"gold_gain":99,"player_choice":"Stole From Cult","damage_taken":0,"max_hp_gain":0,"max_hp_loss":0,"event_name":"Nest","floor":21,"gold_loss":0},{"damage_healed":0,"gold_gain":0,"player_choice":"Fight","damage_taken":0,"max_hp_gain":0,"max_hp_loss":0,"event_name":"Colosseum","floor":22,"gold_loss":0},{"damage_healed":0,"gold_gain":0,"player_choice":"Fought Nobs","damage_taken":0,"max_hp_gain":0,"max_hp_loss":0,"event_name":"Colosseum","floor":22,"gold_loss":0},{"damage_healed":0,"gold_gain":0,"player_choice":"Bet on Murderer","damage_taken":0,"max_hp_gain":0,"max_hp_loss":0,"event_name":"The Joust","floor":27,"gold_loss":50},{"damage_healed":0,"gold_gain":0,"player_choice":"0 cards matched","damage_taken":0,"max_hp_gain":0,"max_hp_loss":0,"event_name":"Match and Keep!","floor":36,"gold_loss":0,"cards_obtained":[]},{"damage_healed":0,"gold_gain":0,"player_choice":"Ignored","damage_taken":0,"max_hp_gain":0,"max_hp_loss":0,"event_name":"SecretPortal","floor":45,"gold_loss":0}],"is_beta":false,"boss_relics":[{"not_picked":["Velvet Choker","Runic Pyramid"],"picked":"Sozu"},{"not_picked":["Tiny House","Empty Cage"],"picked":"Nuclear Battery"}],"items_purged_floors":[14,38],"is_endless":false,"potions_floor_spawned":[1,7,11,16,22,23,25,30,39,42],"ascension_level":13}