{"gold_per_floor":[117,117,67,81,81,81,1,35,35,47,73,93,108,108,108,237,237,257,257,160,181,24,55,55,70,70,108,108,142,165,165,165,165],"floor_reached":33,"playtime":2381,"items_purged":[],"score":313,"play_id":"9fba88c3-d4d8-42d6-8dd6-05ff1191d66e","local_time":"20190404144202","is_ascension_mode":false,"campfire_choices":[{"data":"Bash","floor":6.0,"key":"SMITH"},{"floor":15,"key":"REST"},{"floor":24,"key":"REST"},{"data":"Enlightenment","floor":28,"key":"SMITH"},{"data":"Double Tap","floor":32,"key":"SMITH"}],"neow_cost":"NONE","seed_source_timestamp":0,"circlet_count":0,"master_deck":["Strike_R","Strike_R","Strike_R","Strike_R","Strike_R","Defend_R","Defend_R","Defend_R","Bash+1","Battle Trance","Perfected Strike","Armaments+1","Metallicize","Rage","Infernal Blade","Heavy Blade","Cleave","Reaper","Sword Boomerang","Enlightenment+1","Uppercut","Double Tap+1","Shrug It Off","Flex+1","Iron Wave+1","Cleave+1"],"special_seed":0,"relics":["Burning Blood","Blood Vial","Self Forming Clay","PreservedInsect","Bottled Flame","Golden Idol","Eternal Feather","Lantern","Omamori","Dodecahedron","Molten Egg 2","Juzu Bracelet"],"potions_floor_usage":[11,11,16,21,21,33,33,33],"damage_taken":[{"damage":1.0,"enemies":"Small Slimes","floor":1.0,"turns":4.0},{"damage":0.0,"enemies":"2 Louse","floor":4.0,"turns":2.0},{"damage":20.0,"enemies":"3 Sentries","floor":8.0,"turns":10.0},{"damage":1.0,"enemies":"Cultist","floor":10.0,"turns":3.0},{"damage":10,"enemies":"Lagavulin","floor":11,"turns":3},{"damage":10,"enemies":"Large Slime","floor":12,"turns":4},{"damage":2,"enemies":"Blue Slaver","floor":13,"turns":4},{"damage":61,"enemies":"The Guardian","floor":16,"turns":11},{"damage":48,"enemies":"3 Byrds","floor":18,"turns":7},{"damage":23,"enemies":"2 Thieves","floor":21,"turns":4},{"damage":50,"enemies":"Gremlin Leader","floor":23,"turns":6},{"damage":1,"enemies":"Chosen and Byrds","floor":25,"turns":5},{"damage":31,"enemies":"Book of Stabbing","floor":27,"turns":7},{"damage":46,"enemies":"Slavers","floor":29,"turns":7},{"damage":26,"enemies":"Cultist and Chosen","floor":30,"turns":7},{"damage":106,"enemies":"Collector","floor":33,"turns":10}],"seed_played":"5191512505800947990","potions_obtained":[{"floor":4.0,"key":"Weak Potion"},{"floor":8.0,"key":"Strength Potion"},{"floor":10.0,"key":"FearPotion"},{"floor":16,"key":"SteroidPotion"},{"floor":18,"key":"LiquidBronze"},{"floor":23,"key":"SpeedPotion"},{"floor":25,"key":"Dexterity Potion"},{"floor":30,"key":"Weak Potion"}],"is_trial":false,"path_per_floor":["M","?","?","M","?","R","$","E","T","M","E","M","M","?","R","B",null,"M","?","$","M","$","E","R","M","T","E","R","E","M","?","R","B"],"character_chosen":"IRONCLAD","items_purchased":["Metallicize","Enlightenment","Lantern"],"campfire_rested":2,"item_purchase_floors":[7,20,22],"current_hp_per_floor":[80,68,68,76,76,76,76,64,64,71,69,67,73,53,77,24,80,43,90,90,83,83,50,89,90,90,71,83,57,49,79,90,0],"gold":165,"neow_bonus":"THREE_CARDS","is_prod":false,"is_daily":false,"chose_seed":false,"campfire_upgraded":3,"win_rate":0,"timestamp":1554403322,"path_taken":["M","?","?","M","?","R","$","E","T","M","E","M","M","?","R","BOSS","M","?","$","?","$","E","R","M","T","E","R","E","M","?","R","BOSS"],"build_version":"2019-01-23","purchased_purges":0,"victory":false,"max_hp_per_floor":[80,80,80,80,80,80,80,80,80,80,80,80,80,80,80,80,80,80,90,90,90,90,90,90,90,90,90,90,90,90,90,90,90],"card_choices":[{"not_picked":["True Grit","Warcry"],"picked":"Battle Trance","floor":0.0},{"not_picked":["Heavy Blade","Reckless Charge"],"picked":"Perfected Strike","floor":1.0},{"not_picked":["Warcry","Heavy Blade"],"picked":"Armaments","floor":4.0},{"not_picked":["Flex","Bloodletting"],"picked":"Rage","floor":8.0},{"not_picked":["Wild Strike","Rupture"],"picked":"Infernal Blade","floor":10.0},{"not_picked":["Body Slam","Evolve"],"picked":"Heavy Blade","floor":11},{"not_picked":["Fire Breathing","Twin Strike"],"picked":"Bludgeon","floor":12},{"not_picked":["Sword Boomerang","Twin Strike"],"picked":"Cleave","floor":13},{"not_picked":["Juggernaut","Exhume"],"picked":"Reaper","floor":16},{"not_picked":["Warcry+1","Clash"],"picked":"Sword Boomerang","floor":18},{"not_picked":["Sword Boomerang","Warcry"],"picked":"Uppercut","floor":21},{"not_picked":["Armaments","Searing Blow+1"],"picked":"Double Tap","floor":23},{"not_picked":["Battle Trance+1","Warcry+1"],"picked":"Shrug It Off","floor":25},{"not_picked":["Seeing Red","Feel No Pain"],"picked":"Flex+1","floor":27},{"not_picked":["Dropkick+1","Thunderclap+1"],"picked":"Iron Wave+1","floor":29},{"not_picked":["Heavy Blade+1","Perfected Strike+1"],"picked":"Cleave+1","floor":30}],"player_experience":45848,"relics_obtained":[{"floor":8.0,"key":"Self Forming Clay"},{"floor":9.0,"key":"PreservedInsect"},{"floor":11,"key":"Bottled Flame"},{"floor":23,"key":"Omamori"},{"floor":26,"key":"Dodecahedron"},{"floor":27,"key":"Molten Egg 2"},{"floor":29,"key":"Juzu Bracelet"}],"event_choices":[{"damage_healed":0.0,"max_hp_gain":0.0,"max_hp_loss":0.0,"gold_gain":0.0,"event_name":"Scrap Ooze","player_choice":"Success","floor":2.0,"gold_loss":0.0,"damage_taken":12.0,"relics_obtained":["Blood Vial"]},{"cards_removed":["Defend_R"],"damage_healed":0.0,"max_hp_gain":0.0,"max_hp_loss":0.0,"gold_gain":0.0,"event_name":"The Cleric","player_choice":"Card Removal","floor":3.0,"gold_loss":50.0,"damage_taken":0.0},{"damage_healed":0.0,"max_hp_gain":0.0,"max_hp_loss":0.0,"gold_gain":0.0,"event_name":"Living Wall","player_choice":"Grow","floor":5.0,"gold_loss":0.0,"damage_taken":0.0,"cards_upgraded":["Armaments"]},{"damage_healed":0,"gold_gain":0,"player_choice":"Take Damage","damage_taken":20,"relics_obtained":["Golden Idol"],"max_hp_gain":0,"max_hp_loss":0,"event_name":"Golden Idol","floor":14,"gold_loss":0},{"cards_removed":["Bludgeon"],"damage_healed":37,"gold_gain":0,"player_choice":"Offered Rare","damage_taken":0,"max_hp_gain":10,"max_hp_loss":0,"event_name":"Bonfire Elementals","floor":19,"gold_loss":0},{"damage_healed":30,"gold_gain":0,"player_choice":"Heal","damage_taken":0,"max_hp_gain":0,"max_hp_loss":0,"event_name":"The Library","floor":31,"gold_loss":0}],"is_beta":false,"boss_relics":[{"not_picked":["Runic Dome","Astrolabe"],"picked":"Eternal Feather"}],"items_purged_floors":[],"is_endless":false,"potions_floor_spawned":[4,8,10,16,18,23,25,30],"killed_by":"Collector","ascension_level":0}