{"gold_per_floor":[11,11,11,86,11,40,40,40,40,40,51,51,51,62,62,160,160,173,272,292,292,292,292,303,303],"floor_reached":25,"playtime":1507,"items_purged":["Strike_B"],"score":315,"play_id":"a58dc757-d751-430b-baba-e1636f30bb1f","local_time":"20190317224345","is_ascension_mode":true,"campfire_choices":[{"data":"Chill","floor":7,"key":"SMITH"},{"floor":10,"key":"REST"},{"data":"Self Repair","floor":12,"key":"SMITH"},{"data":"Consume","floor":15,"key":"SMITH"},{"floor":23,"key":"REST"}],"neow_cost":"NO_GOLD","seed_source_timestamp":1155284434806839,"circlet_count":0,"master_deck":["AscendersBane","Defend_B","Defend_B","Defend_B","Defend_B","Zap","Dualcast","Chill+1","Self Repair+1","Consume+1","Echo Form+1","Reinforced Body"],"relics":["Cracked Core","Letter Opener","Omamori","Thread and Needle","Fusion Hammer","Regal Pillow"],"potions_floor_usage":[6,16,25],"damage_taken":[{"damage":2,"enemies":"2 Louse","floor":1,"turns":4},{"damage":16,"enemies":"3 Sentries","floor":6,"turns":11},{"damage":0,"enemies":"Jaw Worm","floor":11,"turns":6},{"damage":0,"enemies":"Small Slimes","floor":14,"turns":4},{"damage":46,"enemies":"Slime Boss","floor":16,"turns":12},{"damage":7,"enemies":"Spheric Guardian","floor":18,"turns":4},{"damage":17,"enemies":"Chosen","floor":20,"turns":6},{"damage":9,"enemies":"Centurion and Healer","floor":24,"turns":11},{"damage":76,"enemies":"Slavers","floor":25,"turns":9}],"seed_played":"961565261621131192","potions_obtained":[{"floor":1,"key":"Block Potion"},{"floor":11,"key":"PowerPotion"},{"floor":24,"key":"Swift Potion"}],"is_trial":false,"path_per_floor":["M","?","$","?","$","E","R","?","T","R","M","R","?","M","R","B",null,"M","?","M","T","?","R","M","E"],"character_chosen":"DEFECT","items_purchased":[],"campfire_rested":2,"item_purchase_floors":[],"current_hp_per_floor":[66,66,66,55,55,39,39,27,27,49,56,56,56,66,66,30,64,67,67,60,60,60,75,75,0],"gold":303,"neow_bonus":"REMOVE_TWO","is_prod":false,"is_daily":false,"chose_seed":false,"campfire_upgraded":3,"win_rate":0,"timestamp":1552877025,"path_taken":["M","?","$","?","?","E","R","?","T","R","M","R","?","M","R","BOSS","M","?","M","?","?","R","?","E"],"build_version":"2019-01-23","purchased_purges":1,"victory":false,"max_hp_per_floor":[75,75,75,75,75,75,75,75,75,75,75,75,75,75,75,75,75,75,75,75,75,75,75,75,75],"card_choices":[{"not_picked":["Conserve Battery","Cold Snap"],"picked":"Chill","floor":1},{"not_picked":["Compile Driver","Rebound"],"picked":"Self Repair","floor":6},{"not_picked":["Turbo","Leap","Steam Power"],"picked":"SKIP","floor":11},{"not_picked":["Leap","Streamline"],"picked":"Consume","floor":14},{"not_picked":["Fission","Multi-Cast"],"picked":"Echo Form","floor":16},{"not_picked":["Conserve Battery","Coolheaded"],"picked":"Reinforced Body","floor":18},{"not_picked":["Reinforced Body","Force Field+1","Lockon"],"picked":"SKIP","floor":20},{"not_picked":["Sweeping Beam","Turbo","Darkness"],"picked":"SKIP","floor":24}],"player_experience":795281,"relics_obtained":[{"floor":6,"key":"Letter Opener"},{"floor":9,"key":"Thread and Needle"},{"floor":21,"key":"Regal Pillow"}],"event_choices":[{"damage_healed":0,"gold_gain":0,"player_choice":"Ignored","damage_taken":0,"max_hp_gain":0,"max_hp_loss":0,"event_name":"Liars Game","floor":2,"gold_loss":0},{"damage_healed":0,"gold_gain":75,"player_choice":"Gather Gold","damage_taken":11,"max_hp_gain":0,"max_hp_loss":0,"event_name":"World of Goop","floor":4,"gold_loss":0},{"damage_healed":0,"gold_gain":0,"player_choice":"Success","damage_taken":12,"relics_obtained":["Omamori"],"max_hp_gain":0,"max_hp_loss":0,"event_name":"Scrap Ooze","floor":8,"gold_loss":0},{"cards_removed":["Strike_B"],"damage_healed":0,"gold_gain":0,"player_choice":"Forget","damage_taken":0,"max_hp_gain":0,"max_hp_loss":0,"event_name":"Living Wall","floor":13,"gold_loss":0},{"damage_healed":0,"gold_gain":99,"player_choice":"Stole From Cult","damage_taken":0,"max_hp_gain":0,"max_hp_loss":0,"event_name":"Nest","floor":19,"gold_loss":0},{"damage_healed":0,"gold_gain":0,"player_choice":"Upgraded","damage_taken":0,"max_hp_gain":0,"max_hp_loss":0,"event_name":"Upgrade Shrine","floor":22,"gold_loss":0,"cards_upgraded":["Echo Form"]}],"is_beta":false,"boss_relics":[{"not_picked":["Eternal Feather","FrozenCore"],"picked":"Fusion Hammer"}],"items_purged_floors":[5],"is_endless":false,"potions_floor_spawned":[1,11,24],"killed_by":"Slavers","ascension_level":12}