{"gold_per_floor":[117,117,130,150,168,168,197,217,241,251,251,267,267,328,328,432,432,446,89,102,17,36,36,71,71,125,136,166,166,178,205,205,310,310,325,337,348,348,367,367,380,380,452,79,96,0,12,36,36,36],"floor_reached":51,"playtime":2534,"items_purged":[],"score":920,"play_id":"d77b026d-cf7d-4747-94fa-75ec006d7102","local_time":"20190418185546","daily_mods":["Insanity","Chimera","Vintage","Allstar","Diverse"],"is_ascension_mode":false,"campfire_choices":[{"data":"Outmaneuver","floor":6,"key":"SMITH"},{"floor":11,"key":"REST"},{"floor":13,"key":"DIG"},{"floor":15,"key":"DIG"},{"floor":23,"key":"DIG"},{"floor":29,"key":"DIG"},{"floor":32,"key":"DIG"},{"floor":40,"key":"REST"},{"data":"1","floor":49,"key":"LIFT"}],"neow_cost":"","seed_source_timestamp":254756904283000,"circlet_count":0,"master_deck":["Bash+1","Survivor+1","Zap+1","Defend_R+1","Defend_G+1","Defend_B+1","Bane+1","Pommel Strike+1","Cold Snap+1","Heel Hook+1","Terror+1","Conserve Battery+1","Quick Slash+1","Power Through+1","Dodge and Roll+1","Body Slam+1","Acrobatics+1","Beam Cell+1","Blade Dance+1","Sweeping Beam+1","Footwork+1","Armaments+1","Sever Soul+1","Thunderclap+1","Dodge and Roll+1","Prepared+1","Redo+1","Redo+1","Cleave+1","Sweeping Beam+1","Flex+1","Undo+1","Outmaneuver+1","Headbutt+1","Sentinel+1","Bane+1","Acrobatics+1","Backflip+1","Whirlwind+1","Uppercut+1","True Grit+1","Armaments+1","Havoc+1","Wild Strike+1","Stack+1","Consume+1","Streamline+1","Sucker Punch+1","White Noise+1","Tactician+1","Uppercut+1","Reckless Charge+1","Beam Cell+1","Rupture+1","Sweeping Beam+1","Redo+1","Jack Of All Trades+1","Thinking Ahead+1","Magnetism+1","Thinking Ahead+1","Enlightenment+1","Enlightenment+1","Limit Break+1","Barricade+1","Doom and Gloom+1","Static Discharge+1","Bite+1","Bite+1","Bite+1","Bite+1","Bite+1","Quick Slash+1","Malaise+1","Malaise+1","Doom and Gloom"],"relics":["Burning Blood","Bottled Lightning","War Paint","Juzu Bracelet","Bottled Flame","Mummified Hand","Shovel","Vajra","Art of War","Prayer Wheel","Smiling Mask","Pen Nib","Fusion Hammer","Pear","Dead Branch","Regal Pillow","Turnip","Orichalcum","Dodecahedron","WingedGreaves","Bag of Preparation","Gremlin Horn","Meat on the Bone","Oddly Smooth Stone","Paper Frog","Omamori","Bottled Tornado","Mark of Pain","Frozen Egg 2","Anchor","Champion Belt","Question Card","Ice Cream","Mark of the Bloom","Letter Opener","Membership Card","Girya","Potion Belt","Red Mask","Bronze Scales","Lantern"],"potions_floor_usage":[16,16,24,33,35,50],"damage_taken":[{"damage":10,"enemies":"2 Louse","floor":1,"turns":3},{"damage":0,"enemies":"Cultist","floor":3,"turns":3},{"damage":0,"enemies":"Small Slimes","floor":4,"turns":3},{"damage":0,"enemies":"Looter","floor":5,"turns":3},{"damage":35,"enemies":"Lagavulin","floor":7,"turns":6},{"damage":9,"enemies":"2 Fungi Beasts","floor":8,"turns":3},{"damage":13,"enemies":"Lots of Slimes","floor":10,"turns":3},{"damage":8,"enemies":"Large Slime","floor":12,"turns":6},{"damage":0,"enemies":"Slime Boss","floor":16,"turns":6},{"damage":10,"enemies":"Shell Parasite","floor":18,"turns":3},{"damage":6,"enemies":"Chosen","floor":20,"turns":3},{"damage":0,"enemies":"Snecko","floor":22,"turns":3},{"damage":10,"enemies":"Slavers","floor":24,"turns":3},{"damage":4,"enemies":"Chosen and Byrds","floor":27,"turns":4},{"damage":4,"enemies":"Cultist and Chosen","floor":28,"turns":3},{"damage":0,"enemies":"3 Cultists","floor":30,"turns":2},{"damage":10,"enemies":"Book of Stabbing","floor":31,"turns":4},{"damage":12,"enemies":"Champ","floor":33,"turns":10},{"damage":13,"enemies":"3 Shapes","floor":35,"turns":4},{"damage":11,"enemies":"3 Darklings","floor":36,"turns":4},{"damage":23,"enemies":"4 Shapes","floor":37,"turns":2},{"damage":6,"enemies":"Writhing Mass","floor":39,"turns":3},{"damage":16,"enemies":"Jaw Worm Horde","floor":41,"turns":3},{"damage":0,"enemies":"Transient","floor":45,"turns":5},{"damage":0,"enemies":"Spire Growth","floor":47,"turns":3},{"damage":0,"enemies":"Time Eater","floor":50,"turns":9}],"seed_played":"8411106099896355468","potions_obtained":[{"floor":3,"key":"PowerPotion"},{"floor":4,"key":"Fire Potion"},{"floor":7,"key":"SkillPotion"},{"floor":18,"key":"SkillPotion"},{"floor":20,"key":"SneckoOil"},{"floor":24,"key":"Dexterity Potion"},{"floor":35,"key":"Explosive Potion"}],"is_trial":true,"path_per_floor":["M","?","M","M","M","R","E","M","T","M","R","M","R","?","R","B",null,"M","$","M","?","M","R","E","?","T","M","M","R","M","E","R","B",null,"M","M","M","?","M","R","M","?","T","$","M","?","M","T","R","B",null],"character_chosen":"IRONCLAD","items_purchased":["Dead Branch","Doom and Gloom","Membership Card","Girya","Doom and Gloom"],"campfire_rested":2,"item_purchase_floors":[19,19,44,44,44],"current_hp_per_floor":[76,76,80,80,80,80,51,48,48,41,65,63,63,63,63,69,80,86,86,86,86,90,90,86,63,63,63,63,63,63,63,63,63,63,60,57,40,40,40,63,53,53,53,53,53,53,53,53,53,53],"gold":36,"neow_bonus":"","is_prod":false,"is_daily":false,"chose_seed":false,"campfire_upgraded":1,"win_rate":0,"timestamp":1555628146,"path_taken":["M","?","?","M","M","R","E","M","T","M","R","M","R","?","R","BOSS","M","$","M","?","M","R","E","?","T","M","M","R","M","E","R","BOSS","M","M","M","?","M","R","M","?","T","$","M","?","M","?","R","BOSS"],"build_version":"2019-01-23","purchased_purges":0,"victory":true,"max_hp_per_floor":[80,80,80,80,80,80,80,80,80,80,80,80,80,80,80,80,80,90,90,90,90,90,90,90,63,63,63,63,63,63,63,63,63,63,63,63,63,63,63,63,63,63,63,63,63,63,63,63,63,63],"card_choices":[{"not_picked":["Bane","Flying Knee"],"picked":"Limit Break","floor":7},{"not_picked":["Fiend Fire","Fission"],"picked":"Barricade","floor":16},{"not_picked":["Leg Sweep","PiercingWail"],"picked":"Static Discharge+1","floor":24},{"not_picked":["Cloak And Dagger","Accuracy"],"picked":"Quick Slash+1","floor":31},{"not_picked":["Limit Break","Immolate"],"picked":"Malaise","floor":33}],"player_experience":183700,"relics_obtained":[{"floor":1,"key":"Bottled Lightning"},{"floor":3,"key":"War Paint"},{"floor":4,"key":"Juzu Bracelet"},{"floor":5,"key":"Bottled Flame"},{"floor":7,"key":"Mummified Hand"},{"floor":8,"key":"Shovel"},{"floor":9,"key":"Vajra"},{"floor":10,"key":"Art of War"},{"floor":12,"key":"Prayer Wheel"},{"floor":13,"key":"Smiling Mask"},{"floor":15,"key":"Pen Nib"},{"floor":18,"key":"Pear"},{"floor":20,"key":"Regal Pillow"},{"floor":22,"key":"Orichalcum"},{"floor":23,"key":"Dodecahedron"},{"floor":24,"key":"WingedGreaves"},{"floor":26,"key":"Bag of Preparation"},{"floor":27,"key":"Gremlin Horn"},{"floor":28,"key":"Meat on the Bone"},{"floor":29,"key":"Oddly Smooth Stone"},{"floor":30,"key":"Paper Frog"},{"floor":31,"key":"Omamori"},{"floor":32,"key":"Bottled Tornado"},{"floor":35,"key":"Frozen Egg 2"},{"floor":36,"key":"Anchor"},{"floor":37,"key":"Champion Belt"},{"floor":39,"key":"Question Card"},{"floor":41,"key":"Ice Cream"},{"floor":43,"key":"Letter Opener"},{"floor":45,"key":"Potion Belt"},{"floor":47,"key":"Bronze Scales"},{"floor":48,"key":"Lantern"}],"event_choices":[{"damage_healed":0,"gold_gain":0,"player_choice":"1 cards matched","damage_taken":0,"max_hp_gain":0,"max_hp_loss":0,"event_name":"Match and Keep!","floor":2,"gold_loss":0,"cards_obtained":["Enlightenment"]},{"damage_healed":0,"gold_gain":61,"player_choice":"Gained Gold","damage_taken":0,"max_hp_gain":0,"max_hp_loss":0,"event_name":"Golden Wing","floor":14,"gold_loss":0},{"damage_healed":0,"gold_gain":0,"player_choice":"Obtained Relic","damage_taken":0,"relics_obtained":["Turnip"],"max_hp_gain":0,"max_hp_loss":0,"event_name":"Addict","floor":21,"gold_loss":85},{"damage_healed":0,"gold_gain":0,"player_choice":"Became a vampire","damage_taken":0,"max_hp_gain":0,"max_hp_loss":27,"event_name":"Vampires","floor":25,"gold_loss":0,"cards_obtained":["Bite","Bite","Bite","Bite","Bite"]},{"damage_healed":0,"gold_gain":0,"player_choice":"Copied","damage_taken":0,"max_hp_gain":0,"max_hp_loss":0,"event_name":"Duplicator","floor":38,"gold_loss":0,"cards_obtained":["Malaise"]},{"damage_healed":0,"gold_gain":0,"player_choice":"Upgrade","damage_taken":0,"relics_obtained":["Mark of the Bloom"],"max_hp_gain":0,"max_hp_loss":0,"event_name":"MindBloom","floor":42,"gold_loss":0,"cards_upgraded":["Bash","Survivor","Zap","Defend_R","Defend_G","Defend_B","Bane","Pommel Strike","Cold Snap","Heel Hook","Terror","Conserve Battery","Quick Slash","Power Through","Dodge and Roll","Body Slam","Acrobatics","Beam Cell","Blade Dance","Sweeping Beam","Footwork","Sever Soul","Thunderclap","Dodge and Roll","Prepared","Redo","Redo","Cleave","Sweeping Beam","Flex","Undo","Headbutt","Sentinel","Bane","Acrobatics","Backflip","Whirlwind","Uppercut","True Grit","Havoc","Wild Strike","Stack","Consume","Streamline","Sucker Punch","White Noise","Tactician","Uppercut","Reckless Charge","Beam Cell","Rupture","Sweeping Beam","Redo","Jack Of All Trades","Thinking Ahead","Magnetism","Thinking Ahead","Enlightenment","Enlightenment","Limit Break","Barricade","Doom and Gloom","Bite","Bite","Bite","Bite","Bite","Malaise","Malaise"]},{"damage_healed":0,"gold_gain":0,"player_choice":"Paid","damage_taken":0,"relics_obtained":["Red Mask"],"max_hp_gain":0,"max_hp_loss":0,"event_name":"Tomb of Lord Red Mask","floor":46,"gold_loss":96}],"is_beta":false,"boss_relics":[{"not_picked":["Lizard Tail","Astrolabe"],"picked":"Fusion Hammer"},{"not_picked":["Cursed Key","Runic Pyramid"],"picked":"Mark of Pain"}],"items_purged_floors":[],"is_endless":false,"potions_floor_spawned":[3,4,7,18,20,24,27,31,35],"ascension_level":0}