{"gold_per_floor":[117,117,131,144,168,188,212,212,263,263,9,9,29,65,65,65],"floor_reached":16,"playtime":682,"items_purged":[],"score":104,"play_id":"bca6efd1-49a9-49ae-99af-a35e6d77860e","local_time":"20190423114053","is_ascension_mode":false,"campfire_choices":[{"floor":10,"key":"REST"},{"floor":12,"key":"REST"},{"floor":15,"key":"REST"}],"neow_cost":"NONE","seed_source_timestamp":665659363639100,"circlet_count":0,"master_deck":["Defend_G","Defend_G","Defend_G","Defend_G","Defend_G","Strike_G","Strike_G","Strike_G","Strike_G","Strike_G","Survivor","Neutralize","Envenom","Backstab","Outmaneuver","Calculated Gamble","Cloak And Dagger","Pain","Choke","Choke"],"relics":["Ring of the Snake","Golden Idol","WarpedTongs","Art of War","Matryoshka","Juzu Bracelet"],"potions_floor_usage":[7,7],"damage_taken":[{"damage":0,"enemies":"Jaw Worm","floor":1,"turns":4},{"damage":0,"enemies":"Small Slimes","floor":3,"turns":3},{"damage":0,"enemies":"Cultist","floor":4,"turns":4},{"damage":10,"enemies":"2 Fungi Beasts","floor":5,"turns":5},{"damage":5,"enemies":"Looter","floor":6,"turns":3},{"damage":11,"enemies":"Gremlin Gang","floor":7,"turns":7},{"damage":7,"enemies":"Large Slime","floor":13,"turns":7},{"damage":47,"enemies":"Gremlin Nob","floor":14,"turns":5},{"damage":40,"enemies":"Slime Boss","floor":16,"turns":7}],"seed_played":"7393183712369564314","potions_obtained":[{"floor":1,"key":"SneckoOil"},{"floor":4,"key":"Ancient Potion"},{"floor":6,"key":"Block Potion"}],"is_trial":false,"path_per_floor":["M","?","M","M","M","M","M","?","T","R","$","R","M","E","R","B"],"character_chosen":"THE_SILENT","items_purchased":["Matryoshka"],"campfire_rested":3,"item_purchase_floors":[11],"current_hp_per_floor":[70,53,53,53,43,38,27,27,27,48,48,69,62,15,36,0],"gold":65,"neow_bonus":"ONE_RANDOM_RARE_CARD","is_prod":false,"is_daily":false,"chose_seed":false,"campfire_upgraded":0,"win_rate":0,"timestamp":1556034053,"path_taken":["M","?","M","M","M","M","M","?","T","R","$","R","?","E","R","BOSS"],"build_version":"2019-01-23","purchased_purges":0,"victory":false,"max_hp_per_floor":[70,70,70,70,70,70,70,70,70,70,70,70,70,70,70,70],"card_choices":[{"not_picked":["Flying Knee","All Out Attack"],"picked":"Backstab","floor":1},{"not_picked":["Expertise","Predator"],"picked":"Outmaneuver","floor":3},{"not_picked":["Bane","Quick Slash"],"picked":"Calculated Gamble","floor":4},{"not_picked":["Quick Slash","Accuracy","Calculated Gamble"],"picked":"SKIP","floor":5},{"not_picked":["Sucker Punch","Accuracy"],"picked":"Cloak And Dagger","floor":6},{"not_picked":["Bane","Prepared","Dagger Throw"],"picked":"SKIP","floor":7},{"not_picked":["Flying Knee","Dagger Spray"],"picked":"Choke","floor":13},{"not_picked":["Dagger Spray","Dagger Throw"],"picked":"Choke","floor":14}],"player_experience":225267,"relics_obtained":[{"floor":9,"key":"Art of War"},{"floor":14,"key":"Juzu Bracelet"}],"event_choices":[{"damage_healed":0,"gold_gain":0,"player_choice":"Take Damage","damage_taken":17,"relics_obtained":["Golden Idol"],"max_hp_gain":0,"max_hp_loss":0,"event_name":"Golden Idol","floor":2,"gold_loss":0},{"damage_healed":0,"gold_gain":0,"player_choice":"Rummage","damage_taken":0,"relics_obtained":["WarpedTongs"],"max_hp_gain":0,"max_hp_loss":0,"event_name":"Accursed Blacksmith","floor":8,"gold_loss":0,"cards_obtained":["Pain"]}],"is_beta":false,"boss_relics":[],"items_purged_floors":[],"is_endless":false,"potions_floor_spawned":[1,4,6],"killed_by":"Slime Boss","ascension_level":0}