{"gold_per_floor":[110,127,138,153,171,171,181,181,181,131,186,211,227,327,327,431,431,447,65,81,81,98,98,129,129,155,155,170,52,64,75,75,173,173,192,0,12,12,12,12,12,12,85,97,97],"floor_reached":45,"playtime":2741,"items_purged":[],"score":464,"play_id":"ccbf6e0c-e73a-4b2b-8ab4-03aaad83a386","local_time":"20190418151828","is_ascension_mode":false,"campfire_choices":[{"floor":6,"key":"RECALL"},{"data":"Armaments","floor":8,"key":"SMITH"},{"floor":15,"key":"REST"},{"data":"Apotheosis","floor":23,"key":"SMITH"},{"floor":27,"key":"REST"},{"floor":32,"key":"REST"},{"floor":40,"key":"REST"},{"data":"Limit Break","floor":42,"key":"SMITH"}],"neow_cost":"NONE","seed_source_timestamp":244661517371100,"circlet_count":0,"master_deck":["Strike_R","Strike_R","Strike_R","Strike_R","Defend_R","Defend_R","Defend_R","Defend_R","Bash","Armaments","Body Slam","Dropkick","Armaments+1","Power Through","True Grit","Intimidate","Inflame","Barricade+1","Entrench","Apotheosis+1","Metallicize","Metallicize+1","Seeing Red","Limit Break+1","Flex","Whirlwind+1","Ghostly Armor","Body Slam+1","Headbutt+1","Immolate+1","Sword Boomerang+1","Body Slam+1","Madness","Madness","Shrug It Off+1"],"relics":["Burning Blood","NeowsBlessing","Sundial","Centennial Puzzle","Mark of Pain","Bag of Marbles","Molten Egg 2","Ancient Tea Set","Eternal Feather","Red Mask","Pantograph"],"potions_floor_usage":[12,12,16,20,28,33,33,33,35,39],"damage_taken":[{"damage":0,"enemies":"Small Slimes","floor":1,"turns":1},{"damage":0,"enemies":"Jaw Worm","floor":2,"turns":1},{"damage":0,"enemies":"Cultist","floor":3,"turns":1},{"damage":8,"enemies":"Red Slaver","floor":4,"turns":5},{"damage":5,"enemies":"Looter","floor":5,"turns":3},{"damage":2,"enemies":"Blue Slaver","floor":7,"turns":4},{"damage":13,"enemies":"3 Sentries","floor":11,"turns":14},{"damage":28,"enemies":"Lagavulin","floor":12,"turns":8},{"damage":9,"enemies":"Exordium Wildlife","floor":13,"turns":4},{"damage":41,"enemies":"Slime Boss","floor":16,"turns":14},{"damage":0,"enemies":"Chosen","floor":18,"turns":7},{"damage":5,"enemies":"3 Byrds","floor":20,"turns":9},{"damage":7,"enemies":"Centurion and Healer","floor":22,"turns":9},{"damage":33,"enemies":"Slavers","floor":24,"turns":10},{"damage":22,"enemies":"Snake Plant","floor":28,"turns":7},{"damage":7,"enemies":"Sentry and Sphere","floor":30,"turns":10},{"damage":5,"enemies":"Centurion and Healer","floor":31,"turns":6},{"damage":5,"enemies":"Automaton","floor":33,"turns":10},{"damage":20,"enemies":"3 Darklings","floor":35,"turns":4},{"damage":20,"enemies":"Orb Walker","floor":37,"turns":5},{"damage":0,"enemies":"Writhing Mass","floor":39,"turns":1},{"damage":49,"enemies":"Sphere and 2 Shapes","floor":44,"turns":8},{"damage":38,"enemies":"Reptomancer","floor":45,"turns":3}],"seed_played":"-2674382549443417469","potions_obtained":[{"floor":2,"key":"SkillPotion"},{"floor":5,"key":"Weak Potion"},{"floor":7,"key":"AttackPotion"},{"floor":12,"key":"Strength Potion"},{"floor":16,"key":"Dexterity Potion"},{"floor":18,"key":"EssenceOfSteel"},{"floor":24,"key":"Fire Potion"},{"floor":28,"key":"Energy Potion"},{"floor":31,"key":"SpeedPotion"},{"floor":33,"key":"Energy Potion"},{"floor":35,"key":"SmokeBomb"}],"is_trial":false,"path_per_floor":["M","M","M","M","M","R","M","R","T","?","?","E","M","?","R","B",null,"M","$","M","?","M","R","E","$","T","R","M","$","M","M","R","B",null,"M","?","M","?","M","R","$","R","T","M","E"],"character_chosen":"IRONCLAD","items_purchased":["Apotheosis","Metallicize","Bag of Marbles","Whirlwind+1","Ghostly Armor"],"campfire_rested":4,"item_purchase_floors":[19,19,19,29,29],"current_hp_per_floor":[80,80,80,78,79,79,80,80,80,80,73,51,48,48,72,37,80,80,80,80,80,79,79,52,52,52,76,60,60,59,60,80,80,80,66,66,52,42,48,80,80,80,80,37,0],"gold":97,"neow_bonus":"THREE_ENEMY_KILL","is_prod":false,"is_daily":false,"chose_seed":false,"campfire_upgraded":3,"win_rate":0,"timestamp":1555615108,"path_taken":["M","M","M","M","M","R","M","R","T","?","?","E","M","?","R","BOSS","M","?","?","?","M","R","E","$","T","R","?","$","M","M","R","BOSS","M","?","M","?","M","R","?","R","T","M","E"],"build_version":"2019-01-23","purchased_purges":0,"victory":false,"max_hp_per_floor":[80,80,80,80,80,80,80,80,80,80,80,80,80,80,80,80,80,80,80,80,80,80,80,80,80,80,80,80,80,80,80,80,80,80,80,80,80,80,80,80,80,80,80,80,80],"card_choices":[{"not_picked":["Cleave","Anger"],"picked":"Armaments","floor":1},{"not_picked":["Pommel Strike","Second Wind"],"picked":"Body Slam","floor":2},{"not_picked":["Clothesline","Pommel Strike"],"picked":"Dropkick","floor":3},{"not_picked":["Flex","Clothesline"],"picked":"Armaments","floor":4},{"not_picked":["Clothesline","Clash"],"picked":"Power Through","floor":5},{"not_picked":["Burning Pact","Havoc"],"picked":"True Grit","floor":7},{"not_picked":["Twin Strike","Battle Trance"],"picked":"Intimidate","floor":11},{"not_picked":["Rupture","Reckless Charge","Headbutt"],"picked":"SKIP","floor":12},{"not_picked":["Headbutt","Uppercut"],"picked":"Inflame","floor":13},{"not_picked":["Exhume","Immolate"],"picked":"Barricade","floor":16},{"not_picked":["Flex","Clash"],"picked":"Entrench","floor":18},{"not_picked":["Rampage+1","Whirlwind"],"picked":"Metallicize+1","floor":20},{"not_picked":["Body Slam+1","Perfected Strike"],"picked":"Seeing Red","floor":22},{"not_picked":["Fire Breathing","Rupture"],"picked":"Limit Break","floor":24},{"not_picked":["Headbutt+1","Corruption"],"picked":"Flex","floor":28},{"not_picked":["Dual Wield","Bloodletting"],"picked":"Body Slam+1","floor":30},{"not_picked":["Wild Strike+1","Cleave+1"],"picked":"Headbutt+1","floor":31},{"not_picked":["Bludgeon+1","Demon Form"],"picked":"Immolate+1","floor":33},{"not_picked":["Sentinel","Wild Strike+1"],"picked":"Sword Boomerang+1","floor":35},{"not_picked":["Pommel Strike+1","Warcry+1"],"picked":"Body Slam+1","floor":37},{"not_picked":["Armaments+1","Perfected Strike+1"],"picked":"Shrug It Off+1","floor":44}],"player_experience":175341,"relics_obtained":[{"floor":11,"key":"Sundial"},{"floor":12,"key":"Centennial Puzzle"},{"floor":24,"key":"Molten Egg 2"},{"floor":26,"key":"Ancient Tea Set"},{"floor":43,"key":"Pantograph"}],"event_choices":[{"cards_removed":["Strike_R"],"damage_healed":0,"gold_gain":0,"player_choice":"Card Removal","damage_taken":0,"max_hp_gain":0,"max_hp_loss":0,"event_name":"The Cleric","floor":10,"gold_loss":50},{"damage_healed":0,"gold_gain":0,"player_choice":"Searched \u00271\u0027 times","damage_taken":0,"max_hp_gain":0,"max_hp_loss":0,"event_name":"Dead Adventurer","floor":11,"gold_loss":0},{"damage_healed":0,"gold_gain":100,"player_choice":"Gold","damage_taken":0,"max_hp_gain":0,"max_hp_loss":0,"event_name":"Wheel of Change","floor":14,"gold_loss":0},{"damage_healed":0,"gold_gain":0,"player_choice":"Upgraded","damage_taken":0,"max_hp_gain":0,"max_hp_loss":0,"event_name":"Upgrade Shrine","floor":21,"gold_loss":0,"cards_upgraded":["Barricade"]},{"damage_healed":0,"gold_gain":0,"player_choice":"Paid","damage_taken":0,"relics_obtained":["Red Mask"],"max_hp_gain":0,"max_hp_loss":0,"event_name":"Tomb of Lord Red Mask","floor":36,"gold_loss":192},{"damage_healed":0,"gold_gain":0,"player_choice":"Embrace Madness","damage_taken":10,"max_hp_gain":0,"max_hp_loss":0,"event_name":"Winding Halls","floor":38,"gold_loss":0,"cards_obtained":["Madness","Madness"]}],"is_beta":false,"boss_relics":[{"not_picked":["Lizard Tail","Tiny House"],"picked":"Mark of Pain"},{"not_picked":["Philosopher\u0027s Stone","Astrolabe"],"picked":"Eternal Feather"}],"items_purged_floors":[],"is_endless":false,"potions_floor_spawned":[2,5,7,12,16,18,24,28,31,33,35],"killed_by":"Reptomancer","ascension_level":0}