{"gold_per_floor":[116,116,134,61,61,61,73,101,101,163,224,256,62,78,78,78],"floor_reached":16,"playtime":503,"items_purged":[],"score":129,"play_id":"b866a606-ea83-44ab-80e9-7dd9f5faec22","local_time":"20190426184357","is_ascension_mode":true,"campfire_choices":[{"data":"Whirlwind","floor":6,"key":"SMITH"},{"floor":15,"key":"REST"}],"neow_cost":"NONE","seed_source_timestamp":950420811168000,"circlet_count":0,"master_deck":["Strike_R","Strike_R","Strike_R","Strike_R","Strike_R","Defend_R","Defend_R","Defend_R","Defend_R","Bash","Finesse","Headbutt","Whirlwind+1","Ghostly Armor","Hemokinesis","Rage+1","Secret Weapon+1","Immolate"],"relics":["Burning Blood","SsserpentHead","Paper Frog","Anchor","Toxic Egg 2"],"potions_floor_usage":[8],"damage_taken":[{"damage":11,"enemies":"Jaw Worm","floor":1,"turns":4},{"damage":1,"enemies":"2 Louse","floor":3,"turns":3},{"damage":4,"enemies":"Cultist","floor":7,"turns":3},{"damage":18,"enemies":"3 Sentries","floor":8,"turns":4},{"damage":0,"enemies":"Gremlin Gang","floor":10,"turns":1},{"damage":8,"enemies":"2 Fungi Beasts","floor":11,"turns":3},{"damage":35,"enemies":"Gremlin Nob","floor":12,"turns":4},{"damage":0,"enemies":"Blue Slaver","floor":14,"turns":2},{"damage":80,"enemies":"Hexaghost","floor":16,"turns":9}],"seed_played":"6538508272647270490","potions_obtained":[{"floor":7,"key":"Fire Potion"},{"floor":10,"key":"SpeedPotion"}],"is_trial":false,"path_per_floor":["M","?","M","$","?","R","M","E","T","M","M","E","$","M","R","B"],"character_chosen":"IRONCLAD","items_purchased":["Whirlwind","Secret Weapon+1"],"campfire_rested":1,"item_purchase_floors":[4,13],"current_hp_per_floor":[75,80,85,85,85,85,85,73,73,79,77,48,48,54,79,0],"gold":78,"neow_bonus":"RANDOM_COLORLESS","is_prod":false,"is_daily":false,"chose_seed":false,"campfire_upgraded":1,"win_rate":0,"timestamp":1556318637,"path_taken":["M","?","M","$","?","R","M","E","T","?","?","E","$","M","R","BOSS"],"build_version":"2019-01-23","purchased_purges":0,"victory":false,"max_hp_per_floor":[80,85,85,85,85,85,85,85,85,85,85,85,85,85,85,85],"card_choices":[{"not_picked":["Havoc","Clothesline"],"picked":"Headbutt","floor":1},{"not_picked":["Body Slam","Heavy Blade","Sentinel"],"picked":"SKIP","floor":3},{"not_picked":["Armaments","Rupture","Fire Breathing"],"picked":"SKIP","floor":7},{"not_picked":["Flex","Searing Blow"],"picked":"Ghostly Armor","floor":8},{"not_picked":["Clothesline","Fire Breathing","Warcry"],"picked":"SKIP","floor":10},{"not_picked":["Iron Wave","Uppercut"],"picked":"Hemokinesis","floor":11},{"not_picked":["Dropkick","Havoc"],"picked":"Rage","floor":12},{"not_picked":["Rupture","Headbutt"],"picked":"Immolate","floor":14}],"player_experience":257470,"relics_obtained":[{"floor":8,"key":"Paper Frog"},{"floor":9,"key":"Anchor"},{"floor":12,"key":"Toxic Egg 2"}],"event_choices":[{"damage_healed":0,"gold_gain":0,"player_choice":"Donut","damage_taken":0,"max_hp_gain":5,"max_hp_loss":0,"event_name":"Big Fish","floor":2,"gold_loss":0},{"damage_healed":0,"gold_gain":0,"player_choice":"Trade","damage_taken":0,"relics_obtained":["SsserpentHead"],"max_hp_gain":0,"max_hp_loss":0,"event_name":"FaceTrader","floor":5,"gold_loss":0}],"is_beta":false,"boss_relics":[],"items_purged_floors":[],"is_endless":false,"potions_floor_spawned":[7,10],"killed_by":"Hexaghost","ascension_level":3}