{"gold_per_floor":[11,11,11,11,11,11,39,51,51,83,83,116,201,201,201,201],"floor_reached":16,"playtime":1799,"items_purged":[],"score":287,"play_id":"3231e0ee-45d8-4f0b-9135-cfbb814c7cb5","local_time":"20190423123555","is_ascension_mode":true,"campfire_choices":[{"data":"Buffer","floor":6,"key":"SMITH"},{"data":"Conserve Battery","floor":11,"key":"SMITH"},{"floor":15,"key":"REST"}],"neow_cost":"NO_GOLD","seed_source_timestamp":678010153943202,"circlet_count":0,"master_deck":["AscendersBane","Strike_B","Strike_B","Strike_B","Defend_B","Defend_B","Defend_B","Defend_B","Zap","Dualcast","Buffer+1","Ball Lightning","Conserve Battery+1","Glacier","Electrodynamics","Loop"],"relics":["Cracked Core","Happy Flower","Singing Bowl","Bottled Lightning","Sundial","Ancient Tea Set","Tiny Chest","Dodecahedron"],"potions_floor_usage":[7,10],"damage_taken":[{"damage":2,"enemies":"Jaw Worm","floor":1,"turns":4},{"damage":0,"enemies":"Lagavulin","floor":7,"turns":5},{"damage":0,"enemies":"Small Slimes","floor":8,"turns":3},{"damage":13,"enemies":"3 Sentries","floor":10,"turns":5},{"damage":0,"enemies":"Lagavulin","floor":12,"turns":8},{"damage":10,"enemies":"Gremlin Nob","floor":13,"turns":4},{"damage":59,"enemies":"Hexaghost","floor":16,"turns":16}],"seed_played":"5073711453420586678","potions_obtained":[{"floor":1,"key":"AttackPotion"},{"floor":8,"key":"FocusPotion"}],"is_trial":false,"path_per_floor":["M","?","?","$","?","R","E","M","T","E","R","E","?","T","R","B"],"character_chosen":"DEFECT","items_purchased":[],"campfire_rested":1,"item_purchase_floors":[],"current_hp_per_floor":[62,67,60,60,55,55,57,57,57,44,44,44,34,34,57,0],"gold":201,"neow_bonus":"THREE_RARE_CARDS","is_prod":false,"is_daily":false,"chose_seed":false,"campfire_upgraded":2,"win_rate":0,"timestamp":1556037355,"path_taken":["M","?","?","$","?","R","E","M","T","E","R","E","?","?","R","BOSS"],"build_version":"2019-01-23","purchased_purges":0,"victory":false,"max_hp_per_floor":[71,76,76,76,76,76,78,78,78,78,78,78,78,78,78,78],"card_choices":[{"not_picked":["Seek","All For One"],"picked":"Buffer","floor":0},{"not_picked":["Reprogram","Gash"],"picked":"Ball Lightning","floor":1},{"not_picked":["Meteor Strike","Double Energy","Barrage"],"picked":"Singing Bowl","floor":7},{"not_picked":["Scrape","Stack"],"picked":"Conserve Battery","floor":8},{"not_picked":["Leap","Storm"],"picked":"Glacier","floor":10},{"not_picked":["Stack","Hologram"],"picked":"Electrodynamics","floor":12},{"not_picked":["Gash","Go for the Eyes"],"picked":"Loop","floor":13}],"player_experience":873837,"relics_obtained":[{"floor":7,"key":"Singing Bowl"},{"floor":9,"key":"Bottled Lightning"},{"floor":10,"key":"Sundial"},{"floor":12,"key":"Ancient Tea Set"},{"floor":13,"key":"Tiny Chest"},{"floor":14,"key":"Dodecahedron"}],"event_choices":[{"damage_healed":0,"gold_gain":0,"player_choice":"Donut","damage_taken":0,"max_hp_gain":5,"max_hp_loss":0,"event_name":"Big Fish","floor":2,"gold_loss":0},{"cards_removed":["Strike_B"],"damage_healed":0,"gold_gain":0,"player_choice":"Card Removal","damage_taken":7,"max_hp_gain":0,"max_hp_loss":0,"event_name":"Golden Wing","floor":3,"gold_loss":0},{"damage_healed":0,"gold_gain":0,"player_choice":"Success","damage_taken":5,"relics_obtained":["Happy Flower"],"max_hp_gain":0,"max_hp_loss":0,"event_name":"Scrap Ooze","floor":5,"gold_loss":0},{"damage_healed":0,"gold_gain":0,"player_choice":"Searched \u00271\u0027 times","damage_taken":0,"max_hp_gain":0,"max_hp_loss":0,"event_name":"Dead Adventurer","floor":13,"gold_loss":0}],"is_beta":false,"boss_relics":[],"items_purged_floors":[],"is_endless":false,"potions_floor_spawned":[1,8],"killed_by":"Hexaghost","ascension_level":15}