{"gold_per_floor":[116,129,152,164,164,164,89,89,112,112,112,36,36,54,54,155,155,155,155,4,4,4,4,4,4,4,4,4,4,4,4,4,4],"floor_reached":33,"playtime":2195,"items_purged":["Strike_B","Strike_B"],"score":367,"play_id":"a1295e59-5c7c-43c5-bf24-8f27e3139ec9","local_time":"20190225231620","is_ascension_mode":true,"campfire_choices":[{"data":"Conserve Battery","floor":6,"key":"SMITH"},{"data":"Zap","floor":8,"key":"SMITH"},{"data":"Chill","floor":11,"key":"SMITH"},{"data":"Defragment","floor":15,"key":"SMITH"},{"data":"Electrodynamics","floor":23,"key":"SMITH"},{"floor":32,"key":"REST"}],"neow_cost":"NONE","seed_source_timestamp":753289696325596,"circlet_count":0,"master_deck":["AscendersBane","Strike_B","Defend_B+1","Defend_B","Defend_B","Defend_B","Zap+1","Dualcast+1","Chill+1","Conserve Battery+1","Defragment+1","Rip and Tear","Electrodynamics+1","Capacitor+1","FTL","White Noise"],"relics":["Cracked Core","Juzu Bracelet","Happy Flower","Ectoplasm","Lantern","Nloth\u0027s Gift"],"potions_floor_usage":[2,16,16,22,22,30,30,33,33],"damage_taken":[{"damage":1,"enemies":"Cultist","floor":1,"turns":3},{"damage":3,"enemies":"Small Slimes","floor":2,"turns":4},{"damage":1,"enemies":"2 Louse","floor":4,"turns":2},{"damage":0,"enemies":"Blue Slaver","floor":14,"turns":3},{"damage":25,"enemies":"Hexaghost","floor":16,"turns":11},{"damage":18,"enemies":"3 Byrds","floor":18,"turns":3},{"damage":3,"enemies":"Shell Parasite","floor":19,"turns":4},{"damage":5,"enemies":"Shelled Parasite and Fungi","floor":22,"turns":4},{"damage":5,"enemies":"Centurion and Healer","floor":24,"turns":5},{"damage":4,"enemies":"3 Cultists","floor":28,"turns":5},{"damage":5,"enemies":"Shelled Parasite and Fungi","floor":30,"turns":5},{"damage":24,"enemies":"Snake Plant","floor":31,"turns":4},{"damage":40,"enemies":"Automaton","floor":33,"turns":6}],"seed_played":"-4885413580212550667","potions_obtained":[{"floor":1,"key":"Regen Potion"},{"floor":2,"key":"SpeedPotion"},{"floor":4,"key":"Dexterity Potion"},{"floor":19,"key":"FocusPotion"},{"floor":22,"key":"FocusPotion"},{"floor":25,"key":"PowerPotion"},{"floor":25,"key":"Fire Potion"},{"floor":30,"key":"Fire Potion"},{"floor":31,"key":"Dexterity Potion"}],"is_trial":false,"path_per_floor":["M","M","T","M","?","R","$","R","T","?","R","$","?","M","R","B",null,"M","M","$","$","M","R","M","?","T","?","M","?","M","M","R","B"],"character_chosen":"DEFECT","items_purchased":["Defragment","Explosive Potion"],"campfire_rested":1,"item_purchase_floors":[12,20],"current_hp_per_floor":[74,82,82,81,65,65,65,65,65,53,53,53,53,53,53,28,69,51,48,48,48,43,43,38,38,38,38,34,34,29,5,29,0],"gold":4,"neow_bonus":"TEN_PERCENT_HP_BONUS","is_prod":false,"is_daily":false,"chose_seed":false,"campfire_upgraded":5,"win_rate":0,"timestamp":1551132980,"path_taken":["M","M","?","M","?","R","$","R","T","?","R","$","?","M","R","BOSS","M","M","?","$","M","R","M","?","T","?","M","?","M","M","R","BOSS"],"build_version":"2019-01-23","purchased_purges":2,"victory":false,"max_hp_per_floor":[82,82,82,82,82,82,82,82,82,82,82,82,82,82,82,82,82,82,82,82,82,82,82,82,82,82,82,82,82,82,82,82,82],"card_choices":[{"not_picked":["Aggregate","Coolheaded"],"picked":"Chill","floor":1},{"not_picked":["Force Field","Gash","Steam"],"picked":"SKIP","floor":2},{"not_picked":["Gash","Rebound"],"picked":"Conserve Battery","floor":4},{"not_picked":["Melter","Streamline","Leap"],"picked":"SKIP","floor":14},{"not_picked":["Buffer","Hyperbeam"],"picked":"Electrodynamics","floor":16},{"not_picked":["Steam","Stack","Heatsinks"],"picked":"SKIP","floor":18},{"not_picked":["Streamline","Go for the Eyes+1"],"picked":"Capacitor+1","floor":19},{"not_picked":["Barrage","Leap","Hologram"],"picked":"SKIP","floor":22},{"not_picked":["Steam","Auto Shields"],"picked":"FTL","floor":24},{"not_picked":["Steam Power","FTL"],"picked":"White Noise","floor":28},{"not_picked":["Leap+1","Gash+1","Coolheaded"],"picked":"SKIP","floor":30},{"not_picked":["Rebound","Undo","Beam Cell+1"],"picked":"SKIP","floor":31}],"player_experience":710428,"relics_obtained":[{"floor":3,"key":"Centennial Puzzle"},{"floor":9,"key":"Juzu Bracelet"},{"floor":26,"key":"Lantern"}],"event_choices":[{"damage_healed":0,"gold_gain":0,"player_choice":"Entered Light","damage_taken":16,"max_hp_gain":0,"max_hp_loss":0,"event_name":"Shining Light","floor":5,"gold_loss":0,"cards_upgraded":["Dualcast","Defend_B"]},{"damage_healed":0,"gold_gain":0,"player_choice":"Success","damage_taken":12,"relics_obtained":["Happy Flower"],"max_hp_gain":0,"max_hp_loss":0,"event_name":"Scrap Ooze","floor":10,"gold_loss":0},{"damage_healed":0,"gold_gain":0,"cards_transformed":["Strike_B"],"player_choice":"Transformed","damage_taken":0,"max_hp_gain":0,"max_hp_loss":0,"event_name":"Transmorgrifier","floor":13,"gold_loss":0,"cards_obtained":["Rip and Tear"]},{"damage_healed":0,"gold_gain":0,"player_choice":"Got Potions","damage_taken":0,"max_hp_gain":0,"max_hp_loss":0,"event_name":"Lab","floor":25,"gold_loss":0},{"damage_healed":0,"gold_gain":0,"player_choice":"Ignored","damage_taken":0,"max_hp_gain":0,"max_hp_loss":0,"event_name":"Beggar","floor":27,"gold_loss":0},{"damage_healed":0,"gold_gain":0,"player_choice":"Traded Relic","damage_taken":0,"relics_obtained":["Nloth\u0027s Gift"],"max_hp_gain":0,"max_hp_loss":0,"event_name":"N\u0027loth","floor":29,"relics_lost":["Centennial Puzzle"],"gold_loss":0}],"is_beta":false,"boss_relics":[{"not_picked":["Orrery","Philosopher\u0027s Stone"],"picked":"Ectoplasm"}],"items_purged_floors":[7,20],"is_endless":false,"potions_floor_spawned":[1,2,4,19,22,30,31],"killed_by":"Automaton","ascension_level":11}