{"gold_per_floor":[119,119,135,146,161,161,193,193,193,193,193,163,173,199,199,199],"floor_reached":16,"playtime":2125,"items_purged":[],"score":110,"play_id":"24c1a175-639f-4ab1-99b7-c3f500dedffd","local_time":"20181226124502","is_ascension_mode":false,"campfire_choices":[{"data":"Demon Form","floor":6,"key":"SMITH"},{"data":"Seeing Red","floor":8,"key":"SMITH"},{"data":"Carnage","floor":11,"key":"SMITH"},{"data":"Pummel","floor":15,"key":"SMITH"}],"neow_cost":"TEN_PERCENT_HP_LOSS","seed_source_timestamp":683072775124322,"circlet_count":0,"master_deck":["Strike_R","Strike_R","Strike_R","Strike_R","Defend_R","Defend_R","Defend_R","Defend_R","Bash","Demon Form+1","Carnage+1","Seeing Red+1","Demon Form","Pummel+1"],"relics":["Burning Blood","Orichalcum","Kunai"],"potions_floor_usage":[5,7,7,16],"damage_taken":[{"damage":0,"enemies":"Small Slimes","floor":1,"turns":5},{"damage":0,"enemies":"Jaw Worm","floor":3,"turns":5},{"damage":7,"enemies":"Cultist","floor":4,"turns":5},{"damage":11,"enemies":"Exordium Wildlife","floor":5,"turns":8},{"damage":19,"enemies":"3 Sentries","floor":7,"turns":9},{"damage":5,"enemies":"Looter","floor":12,"turns":4},{"damage":7,"enemies":"Red Slaver","floor":13,"turns":2},{"damage":8,"enemies":"Lagavulin","floor":14,"turns":5},{"damage":51,"enemies":"The Guardian","floor":16,"turns":7}],"seed_played":"401689759814811456","potions_obtained":[{"floor":1,"key":"Poison Potion"},{"floor":3,"key":"Block Potion"},{"floor":4,"key":"EssenceOfSteel"},{"floor":7,"key":"FearPotion"}],"is_trial":false,"path_per_floor":["M","?","M","M","M","R","E","R","T","?","R","M","M","E","R","B"],"character_chosen":"IRONCLAD","items_purchased":[],"campfire_rested":0,"item_purchase_floors":[],"current_hp_per_floor":[72,72,72,71,66,66,53,53,53,53,53,54,53,51,51,0],"gold":199,"neow_bonus":"THREE_RARE_CARDS","is_prod":false,"is_daily":false,"chose_seed":false,"campfire_upgraded":4,"win_rate":0,"timestamp":1545846302,"path_taken":["M","?","M","M","M","R","E","R","T","?","R","M","M","E","R","BOSS"],"build_version":"2018-12-20","purchased_purges":0,"victory":false,"max_hp_per_floor":[72,72,72,72,72,72,72,72,72,72,72,72,72,72,72,72],"card_choices":[{"not_picked":["Immolate","Barricade"],"picked":"Demon Form","floor":0},{"not_picked":["True Grit","Seeing Red"],"picked":"Carnage","floor":1},{"not_picked":["Anger","Rage"],"picked":"Seeing Red","floor":3},{"not_picked":["Clothesline","Wild Strike","Pommel Strike"],"picked":"SKIP","floor":4},{"not_picked":["Anger","True Grit","Armaments"],"picked":"SKIP","floor":5},{"not_picked":["Twin Strike","Seeing Red"],"picked":"Demon Form","floor":7},{"not_picked":["Iron Wave","Dropkick","Clothesline"],"picked":"SKIP","floor":12},{"not_picked":["Seeing Red","Heavy Blade"],"picked":"Pummel","floor":13},{"not_picked":["Twin Strike","Perfected Strike","Power Through"],"picked":"SKIP","floor":14}],"player_experience":553402,"relics_obtained":[{"floor":7,"key":"Orichalcum"},{"floor":14,"key":"Kunai"}],"event_choices":[{"cards_removed":["Strike_R"],"damage_healed":0,"gold_gain":0,"player_choice":"Forget","damage_taken":0,"max_hp_gain":0,"max_hp_loss":0,"event_name":"Living Wall","floor":2,"gold_loss":0},{"damage_healed":0,"gold_gain":0,"player_choice":"Ignored","damage_taken":0,"max_hp_gain":0,"max_hp_loss":0,"event_name":"Liars Game","floor":10,"gold_loss":0}],"is_beta":false,"boss_relics":[],"items_purged_floors":[],"is_endless":false,"potions_floor_spawned":[1,3,4,7],"killed_by":"The Guardian","ascension_level":0}