{"gold_per_floor":[114,37,37,112,112,138,138,168,168,168,15,15,15,41,41,140,140,155,166,166,176,176],"floor_reached":22,"playtime":954,"items_purged":["Strike_B"],"score":238,"play_id":"4d9ab7f9-f6fc-4e8e-8f8c-06b276ba6bc8","local_time":"20190411231137","is_ascension_mode":false,"campfire_choices":[{"data":"Zap","floor":7,"key":"SMITH"},{"data":"Dualcast","floor":10,"key":"SMITH"},{"data":"White Noise","floor":13,"key":"SMITH"},{"data":"Redo","floor":15,"key":"SMITH"}],"neow_cost":"NONE","seed_source_timestamp":44287714511445,"circlet_count":0,"master_deck":["Strike_B","Strike_B","Defend_B","Defend_B","Defend_B","Defend_B","Zap+1","Dualcast+1","Genetic Algorithm+1","Self Repair","FTL","Redo+1","White Noise+1","Amplify","Cold Snap","Gash+1","Fusion","Sweeping Beam"],"relics":["Cracked Core","NeowsBlessing","Dream Catcher","Happy Flower","Orichalcum","Strawberry","Potion Belt","Black Star"],"potions_floor_usage":[16],"damage_taken":[{"damage":0,"enemies":"Jaw Worm","floor":1,"turns":1},{"damage":0,"enemies":"Lagavulin","floor":6,"turns":1},{"damage":0,"enemies":"3 Sentries","floor":8,"turns":1},{"damage":33,"enemies":"Slime Boss","floor":16,"turns":14},{"damage":13,"enemies":"Shell Parasite","floor":18,"turns":8},{"damage":25,"enemies":"Spheric Guardian","floor":19,"turns":6},{"damage":22,"enemies":"Centurion and Healer","floor":21,"turns":17},{"damage":50,"enemies":"Shelled Parasite and Fungi","floor":22,"turns":9}],"seed_played":"945507689963707717","potions_obtained":[{"floor":1,"key":"PowerPotion"},{"floor":8,"key":"Regen Potion"},{"floor":16,"key":"Weak Potion"},{"floor":19,"key":"SteroidPotion"}],"is_trial":false,"path_per_floor":["?","?","?","?","T","?","M"],"character_chosen":"DEFECT","items_purchased":["Self Repair","White Noise"],"campfire_rested":0,"item_purchase_floors":[2,11],"current_hp_per_floor":[75,75,75,64,57,57,57,57,57,57,57,57,57,57,57,31,82,76,58,58,50,0],"gold":176,"neow_bonus":"THREE_ENEMY_KILL","is_prod":false,"is_daily":false,"chose_seed":false,"campfire_upgraded":4,"win_rate":0.0,"timestamp":1554999097,"path_taken":["M","$","?","?","?","E","R","E","T","R","$","?","R","?","R","BOSS","M","M","?","?","M"],"build_version":"2019-01-23","purchased_purges":1,"victory":false,"max_hp_per_floor":[75,75,75,75,75,75,75,75,75,75,75,82,82,82,82,82,82,82,82,82,82,82],"card_choices":[{"not_picked":["Compile Driver","Stack"],"picked":"Genetic Algorithm","floor":1},{"not_picked":["Reboot","Hologram"],"picked":"FTL","floor":6},{"not_picked":["Heatsinks","Rip and Tear"],"picked":"Redo","floor":8},{"not_picked":["Multi-Cast","Fission"],"picked":"Amplify","floor":16},{"not_picked":["Steam","Barrage"],"picked":"Cold Snap","floor":18},{"not_picked":["FTL+1","Thunder Strike"],"picked":"Gash+1","floor":19},{"not_picked":["BootSequence","Conserve Battery+1"],"picked":"Sweeping Beam","floor":21}],"player_experience":6586,"relics_obtained":[{"floor":6,"key":"Dream Catcher"},{"floor":8,"key":"Happy Flower"},{"floor":9,"key":"Orichalcum"},{"floor":14,"key":"Potion Belt"}],"event_choices":[{"damage_healed":0,"gold_gain":0,"player_choice":"Grow","damage_taken":0,"max_hp_gain":0,"max_hp_loss":0,"event_name":"Living Wall","floor":3,"gold_loss":0,"cards_upgraded":["Genetic Algorithm"]},{"damage_healed":0,"gold_gain":75,"player_choice":"Gather Gold","damage_taken":11,"max_hp_gain":0,"max_hp_loss":0,"event_name":"World of Goop","floor":4,"gold_loss":0},{"cards_removed":["Strike_B"],"damage_healed":0,"gold_gain":0,"player_choice":"Card Removal","damage_taken":7,"max_hp_gain":0,"max_hp_loss":0,"event_name":"Golden Wing","floor":5,"gold_loss":0},{"damage_healed":0,"gold_gain":0,"player_choice":"Success","damage_taken":7,"relics_obtained":["Strawberry"],"max_hp_gain":0,"max_hp_loss":0,"event_name":"Scrap Ooze","floor":12,"gold_loss":0},{"damage_healed":0,"gold_gain":0,"player_choice":"1 cards matched","damage_taken":0,"max_hp_gain":0,"max_hp_loss":0,"event_name":"Match and Keep!","floor":20,"gold_loss":0,"cards_obtained":["Fusion"]}],"is_beta":false,"boss_relics":[{"not_picked":["Snecko Eye","Lizard Tail"],"picked":"Black Star"}],"items_purged_floors":[11],"is_endless":false,"potions_floor_spawned":[1,8,16,19],"killed_by":"Shelled Parasite and Fungi","ascension_level":0}