{"gold_per_floor":[114,114,114,60,60,100,100,124,148,167,187,262,302,86,86,207,207,232,157,157,157,172,208,208,18,69,113,132,132,151,189,189,308,308,331,105,105,105],"floor_reached":38,"playtime":2472,"items_purged":["Strike_G"],"score":463,"play_id":"bfcf8375-55f9-42be-9db5-6ad383138a3c","local_time":"20190411083648","is_ascension_mode":false,"campfire_choices":[{"data":"Accuracy","floor":7,"key":"SMITH"},{"floor":15,"key":"REST"},{"data":"Apotheosis","floor":24,"key":"SMITH"},{"floor":32,"key":"REST"}],"neow_cost":"NONE","seed_source_timestamp":1214231646316,"circlet_count":0,"master_deck":["Defend_G","Defend_G","Defend_G","Defend_G","Survivor","Neutralize","Accuracy+1","Blade Dance","Flechettes","PiercingWail","Skewer","A Thousand Cuts","Terror","Bouncing Flask","Deflect","Apotheosis+1","Dagger Spray","Bouncing Flask","Die Die Die","Backflip+1","Writhe","Quick Slash","Noxious Fumes","Finisher","Injury","Well Laid Plans","Cloak And Dagger+1","Backstab+1","Backflip+1","Cloak And Dagger+1","Bullet Time+1","Accuracy"],"relics":["Ring of the Snake","NeowsBlessing","Golden Idol","Dream Catcher","Pocketwatch","Bag of Preparation","Mercury Hourglass","Dodecahedron","Cursed Key","Boot","Toxic Egg 2","Juzu Bracelet","Regal Pillow","Question Card","Bottled Tornado","Empty Cage","Omamori"],"potions_floor_usage":[12,16,23,30,33,33,38,38,38],"damage_taken":[{"damage":0,"enemies":"2 Louse","floor":1,"turns":1},{"damage":0,"enemies":"Gremlin Nob","floor":6,"turns":1},{"damage":0,"enemies":"Small Slimes","floor":8,"turns":1},{"damage":0,"enemies":"Jaw Worm","floor":10,"turns":2},{"damage":0,"enemies":"2 Fungi Beasts","floor":11,"turns":4},{"damage":8,"enemies":"3 Sentries","floor":12,"turns":7},{"damage":16,"enemies":"Lagavulin","floor":13,"turns":4},{"damage":28,"enemies":"Hexaghost","floor":16,"turns":7},{"damage":0,"enemies":"Chosen","floor":18,"turns":3},{"damage":0,"enemies":"3 Byrds","floor":22,"turns":2},{"damage":3,"enemies":"Slavers","floor":23,"turns":3},{"damage":15,"enemies":"Book of Stabbing","floor":27,"turns":4},{"damage":0,"enemies":"Cultist and Chosen","floor":28,"turns":4},{"damage":16,"enemies":"Snecko","floor":30,"turns":4},{"damage":19,"enemies":"Gremlin Leader","floor":31,"turns":6},{"damage":17,"enemies":"Champ","floor":33,"turns":7},{"damage":0,"enemies":"3 Shapes","floor":35,"turns":2},{"damage":73,"enemies":"Awakened One","floor":38,"turns":9}],"seed_played":"-2102399955352846223","potions_obtained":[{"floor":1,"key":"Regen Potion"},{"floor":8,"key":"Explosive Potion"},{"floor":11,"key":"Explosive Potion"},{"floor":13,"key":"SteroidPotion"},{"floor":22,"key":"Poison Potion"},{"floor":28,"key":"FearPotion"},{"floor":31,"key":"FearPotion"},{"floor":33,"key":"GhostInAJar"},{"floor":35,"key":"Fruit Juice"}],"is_trial":false,"path_per_floor":["M","?","?","$","?","E","R","M","T","M","M","?","E","$","R","B",null,"M","?","?","?","M","E","R","$","T","E","M","?","M","E","R","B",null,"M","$","?","B"],"character_chosen":"THE_SILENT","items_purchased":["Blade Dance","Apotheosis","Dagger Spray","Finisher","Juzu Bracelet","Omamori"],"campfire_rested":2,"item_purchase_floors":[4,14,14,25,25,36],"current_hp_per_floor":[70,65,53,53,53,53,53,53,53,53,53,45,29,29,48,34,65,65,65,65,65,65,62,62,62,62,47,47,47,31,12,46,29,65,65,65,65,0],"gold":105,"neow_bonus":"THREE_ENEMY_KILL","is_prod":false,"is_daily":false,"chose_seed":false,"campfire_upgraded":2,"win_rate":0,"timestamp":1554986208,"path_taken":["M","?","?","$","?","E","R","M","T","M","M","?","E","?","R","BOSS","M","?","?","?","?","E","R","$","T","E","M","?","M","E","R","BOSS","M","$","?","BOSS"],"build_version":"2019-01-23","purchased_purges":1,"victory":false,"max_hp_per_floor":[70,65,65,65,65,65,65,65,65,65,65,65,65,65,65,65,65,65,65,65,65,65,65,65,65,65,65,65,65,65,65,65,65,65,65,65,65,70],"card_choices":[{"not_picked":["Flying Knee","Leg Sweep"],"picked":"Accuracy","floor":1},{"not_picked":["Quick Slash","Cloak And Dagger"],"picked":"PiercingWail","floor":6},{"not_picked":["Sucker Punch","Backflip"],"picked":"Skewer","floor":8},{"not_picked":["Deadly Poison","Flying Knee"],"picked":"A Thousand Cuts","floor":10},{"not_picked":["Poisoned Stab","Quick Slash"],"picked":"Terror","floor":11},{"not_picked":["Prepared","Skewer"],"picked":"Bouncing Flask","floor":12},{"not_picked":["Poisoned Stab","Outmaneuver"],"picked":"Deflect","floor":13},{"not_picked":["Outmaneuver","Bane"],"picked":"Bouncing Flask","floor":15},{"not_picked":["Unload","Wraith Form v2"],"picked":"Die Die Die","floor":16},{"not_picked":["Outmaneuver+1","Riddle With Holes"],"picked":"Backflip+1","floor":18},{"not_picked":["Quick Slash","Slice","Prepared+1"],"picked":"SKIP","floor":22},{"not_picked":["Prepared","Tactician"],"picked":"Noxious Fumes","floor":23},{"not_picked":["Prepared+1","Skewer"],"picked":"Well Laid Plans","floor":27},{"not_picked":["Flechettes","Dodge and Roll+1","Well Laid Plans"],"picked":"Cloak And Dagger+1","floor":28},{"not_picked":["Wraith Form v2","Prepared+1","Well Laid Plans"],"picked":"Backstab+1","floor":30},{"not_picked":["Well Laid Plans+1","Sucker Punch","Deflect+1"],"picked":"Backflip+1","floor":31},{"not_picked":["Footwork","Dagger Spray","Unload"],"picked":"Cloak And Dagger+1","floor":32},{"not_picked":["A Thousand Cuts","Venomology+1","Doppelganger+1"],"picked":"Bullet Time+1","floor":33},{"not_picked":["Choke+1","Eviscerate+1","Heel Hook"],"picked":"Accuracy","floor":35}],"player_experience":105330,"relics_obtained":[{"floor":6,"key":"Pocketwatch"},{"floor":9,"key":"Bag of Preparation"},{"floor":12,"key":"Mercury Hourglass"},{"floor":13,"key":"Dodecahedron"},{"floor":23,"key":"Toxic Egg 2"},{"floor":26,"key":"Regal Pillow"},{"floor":27,"key":"Question Card"},{"floor":31,"key":"Bottled Tornado"}],"event_choices":[{"damage_healed":0,"gold_gain":0,"player_choice":"Lose Max HP","damage_taken":0,"relics_obtained":["Golden Idol"],"max_hp_gain":0,"max_hp_loss":5,"event_name":"Golden Idol","floor":2,"gold_loss":0},{"damage_healed":0,"gold_gain":0,"player_choice":"Success","damage_taken":12,"relics_obtained":["Dream Catcher"],"max_hp_gain":0,"max_hp_loss":0,"event_name":"Scrap Ooze","floor":3,"gold_loss":0},{"damage_healed":0,"gold_gain":0,"cards_transformed":["Strike_G"],"player_choice":"Change","damage_taken":0,"max_hp_gain":0,"max_hp_loss":0,"event_name":"Living Wall","floor":5,"gold_loss":0,"cards_obtained":["Flechettes"]},{"damage_healed":0,"gold_gain":0,"player_choice":"Searched \u00271\u0027 times","damage_taken":0,"max_hp_gain":0,"max_hp_loss":0,"event_name":"Dead Adventurer","floor":12,"gold_loss":0},{"cards_removed":["Strike_G"],"damage_healed":0,"gold_gain":0,"player_choice":"Gave Gold","damage_taken":0,"max_hp_gain":0,"max_hp_loss":0,"event_name":"Beggar","floor":19,"gold_loss":75},{"damage_healed":0,"gold_gain":0,"player_choice":"Opened","damage_taken":0,"relics_obtained":["Boot"],"max_hp_gain":0,"max_hp_loss":0,"event_name":"The Mausoleum","floor":20,"gold_loss":0,"cards_obtained":["Writhe"]},{"damage_healed":0,"gold_gain":0,"cards_transformed":["Defend_G"],"player_choice":"Transformed","damage_taken":0,"max_hp_gain":0,"max_hp_loss":0,"event_name":"Transmorgrifier","floor":21,"gold_loss":0,"cards_obtained":["Quick Slash"]},{"damage_healed":0,"gold_gain":0,"player_choice":"Bought 0 Potions","damage_taken":0,"max_hp_gain":0,"max_hp_loss":0,"event_name":"The Woman in Blue","floor":29,"gold_loss":0},{"damage_healed":0,"gold_gain":0,"player_choice":"Took Portal","damage_taken":0,"max_hp_gain":0,"max_hp_loss":0,"event_name":"SecretPortal","floor":37,"gold_loss":0}],"is_beta":false,"boss_relics":[{"not_picked":["Lizard Tail","Tiny House"],"picked":"Cursed Key"},{"not_picked":["Velvet Choker","Orrery"],"picked":"Empty Cage"}],"items_purged_floors":[36],"is_endless":false,"potions_floor_spawned":[1,8,11,13,22,28,31,33,35],"killed_by":"Awakened One","ascension_level":0}