{"gold_per_floor":[10,10,10,30,49,49,34,62,86,105,30,30,44,63,63,168,168,187,187,207,218,25,25,25],"floor_reached":24,"playtime":1262,"items_purged":["Defend_R"],"score":240,"play_id":"6c2ff2de-efad-469f-8e04-96f8abe1ff10","local_time":"20180911212224","is_ascension_mode":true,"campfire_choices":[{"data":"Flame Barrier","floor":6.0,"key":"SMITH"},{"data":"Anger","floor":12.0,"key":"SMITH"},{"data":"Double Tap","floor":15.0,"key":"SMITH"},{"floor":23,"key":"REST"}],"neow_cost":"NO_GOLD","seed_source_timestamp":0,"circlet_count":0,"master_deck":["Strike_R","Strike_R+1","Strike_R+1","Strike_R","Defend_R","Defend_R","Shrug It Off","Flame Barrier+1","Shrug It Off","Anger+1","Double Tap+1","Shrug It Off","Heavy Blade","True Grit","True Grit"],"special_seed":0,"relics":["Burning Blood","Whetstone","Bag of Marbles","Black Star","PrismaticShard"],"potions_floor_usage":[],"damage_taken":[{"damage":5.0,"enemies":"Small Slimes","floor":1.0,"turns":4.0},{"damage":4.0,"enemies":"Cultist","floor":4.0,"turns":5.0},{"damage":1.0,"enemies":"Jaw Worm","floor":5.0,"turns":7.0},{"damage":5.0,"enemies":"Exordium Thugs","floor":7.0,"turns":4.0},{"damage":17.0,"enemies":"Lagavulin","floor":8.0,"turns":8.0},{"damage":1.0,"enemies":"Red Slaver","floor":10.0,"turns":3.0},{"damage":8.0,"enemies":"Lots of Slimes","floor":13.0,"turns":4.0},{"damage":0.0,"enemies":"3 Louse","floor":14.0,"turns":3.0},{"damage":75.0,"enemies":"Hexaghost","floor":16.0,"turns":11.0},{"damage":14.0,"enemies":"Chosen","floor":18.0,"turns":6.0},{"damage":37.0,"enemies":"Colosseum Slavers","floor":19.0,"turns":6.0},{"damage":0.0,"enemies":"3 Byrds","floor":20.0,"turns":1.0},{"damage":16,"enemies":"Snake Plant","floor":21,"turns":6},{"damage":63,"enemies":"Slavers","floor":24,"turns":4}],"seed_played":"-3304863725013523313","potions_obtained":[{"floor":2.0,"key":"Regen Potion"},{"floor":2.0,"key":"PowerPotion"},{"floor":2.0,"key":"Strength Potion"},{"floor":7.0,"key":"BloodPotion"},{"floor":8.0,"key":"BloodPotion"}],"is_trial":false,"path_per_floor":["M","?","?","M","M","R","M","E","T","M","$","R","M","M","R","B",null,"M","?","M","M","$","R"],"character_chosen":"IRONCLAD","items_purchased":["PrismaticShard"],"campfire_rested":1,"item_purchase_floors":[22],"current_hp_per_floor":[80,80,80,80,80,80,80,69,69,74,74,74,72,78,78,34,80,72,41,47,37,37,61,0],"gold":25,"neow_bonus":"REMOVE_TWO","is_prod":false,"is_daily":false,"chose_seed":false,"campfire_upgraded":3,"win_rate":0,"timestamp":1536715344,"path_taken":["M","?","?","?","M","R","M","E","T","M","?","R","?","?","R","BOSS","M","?","?","M","$","R","E"],"build_version":"2018-09-06","purchased_purges":1,"victory":false,"max_hp_per_floor":[80,80,80,80,80,80,80,80,80,80,80,80,80,80,80,80,80,80,80,80,80,80,80,80],"card_choices":[{"not_picked":["Perfected Strike","Pommel Strike"],"picked":"Shrug It Off","floor":1.0},{"not_picked":["Combust","Searing Blow"],"picked":"Flame Barrier","floor":4.0},{"not_picked":["Iron Wave","Warcry"],"picked":"Shrug It Off","floor":5.0},{"not_picked":["Clash","Evolve"],"picked":"Anger","floor":7.0},{"not_picked":["Entrench","Havoc"],"picked":"Double Tap","floor":8.0},{"not_picked":["Entrench","Clothesline"],"picked":"Shrug It Off","floor":10.0},{"not_picked":["Perfected Strike","Clash","Wild Strike"],"picked":"SKIP","floor":13.0},{"not_picked":["Body Slam","Cleave","Flex"],"picked":"SKIP","floor":14.0},{"not_picked":["Anger","Whirlwind"],"picked":"Heavy Blade","floor":18.0},{"not_picked":["Combust","Flex"],"picked":"True Grit","floor":20.0},{"not_picked":["Clothesline+1","Body Slam"],"picked":"True Grit","floor":21}],"player_experience":105018,"relics_obtained":[{"floor":8.0,"key":"Whetstone"},{"floor":9.0,"key":"Bag of Marbles"}],"event_choices":[{"event_name":"The Lab","player_choice":"Got Potions","floor":2.0,"damage_taken":0.0},{"event_name":"Bonfire Elementals","player_choice":"BASIC","floor":3.0,"damage_taken":0.0},{"event_name":"Colosseum","player_choice":"Fight","floor":19.0,"damage_taken":0.0},{"event_name":"Colosseum","player_choice":"Fled From Nobs","floor":19.0,"damage_taken":0.0}],"is_beta":false,"boss_relics":[{"not_picked":["Calling Bell","Tiny House"],"picked":"Black Star"}],"items_purged_floors":[11],"is_endless":false,"potions_floor_spawned":[5,7,8,13,19],"killed_by":"Slavers","ascension_level":4}