{"gold_per_floor":[119,130,148,148,167,202,202,202,229,229,229,265,265,322,322,447,447,460,130,130,150,5,5,45,45,68,68,86,86,86,106,106,226,226,241,32,32,32,52,52,66,399,399,422,442,9,9,43,43,43,43,43,43,43],"floor_reached":54,"playtime":2216,"items_purged":[],"score":679,"play_id":"fcfa489f-269f-4319-a3ce-b18a7c3c95f2","local_time":"20190418171429","is_ascension_mode":false,"campfire_choices":[{"floor":7,"key":"RECALL"},{"floor":10,"key":"REST"},{"floor":15,"key":"REST"},{"data":"True Grit","floor":23,"key":"SMITH"},{"floor":25,"key":"REST"},{"data":"Body Slam","floor":27,"key":"SMITH"},{"data":"Combust","floor":30,"key":"SMITH"},{"data":"Blood for Blood","floor":32,"key":"SMITH"},{"data":"Double Tap","floor":40,"key":"SMITH"},{"floor":47,"key":"REST"},{"floor":49,"key":"REST"},{"data":"Impervious","floor":52,"key":"SMITH"}],"neow_cost":"CURSE","seed_source_timestamp":252145497629500,"circlet_count":0,"master_deck":["Strike_R","Strike_R","Strike_R+1","Strike_R","Defend_R","Defend_R","Defend_R","Bash+1","True Grit+1","Iron Wave","Combust+1","Cleave","Blood for Blood","Reaper","Sever Soul","Impervious+1","Infernal Blade","Blood for Blood+1","RitualDagger","Shockwave","Body Slam+1","Flex","Double Tap+1","Shockwave+1","Cleave+1","Shrug It Off+1","Shrug It Off+1","Rupture"],"relics":["Burning Blood","Bag of Marbles","Odd Mushroom","Letter Opener","Busted Crown","Question Card","Regal Pillow","Bag of Preparation","Lantern","Sozu","Strange Spoon","Charon\u0027s Ashes","Blood Vial","Ornamental Fan","Dream Catcher","Potion Belt"],"potions_floor_usage":[6,12,18,24,33],"damage_taken":[{"damage":3,"enemies":"Jaw Worm","floor":1,"turns":4},{"damage":2,"enemies":"2 Louse","floor":2,"turns":3},{"damage":6,"enemies":"Small Slimes","floor":3,"turns":3},{"damage":6,"enemies":"2 Fungi Beasts","floor":5,"turns":4},{"damage":31,"enemies":"Lagavulin","floor":6,"turns":7},{"damage":13,"enemies":"The Mushroom Lair","floor":12,"turns":2},{"damage":62,"enemies":"Hexaghost","floor":16,"turns":9},{"damage":20,"enemies":"Shell Parasite","floor":18,"turns":6},{"damage":5,"enemies":"Chosen","floor":21,"turns":4},{"damage":43,"enemies":"Slavers","floor":24,"turns":5},{"damage":5,"enemies":"Snake Plant","floor":28,"turns":3},{"damage":5,"enemies":"Chosen and Byrds","floor":31,"turns":5},{"damage":72,"enemies":"Automaton","floor":33,"turns":9},{"damage":6,"enemies":"Orb Walker","floor":35,"turns":2},{"damage":4,"enemies":"3 Darklings","floor":39,"turns":3},{"damage":39,"enemies":"Transient","floor":41,"turns":5},{"damage":10,"enemies":"Jaw Worm Horde","floor":45,"turns":4},{"damage":41,"enemies":"Nemesis","floor":48,"turns":5},{"damage":73,"enemies":"Donu and Deca","floor":50,"turns":8},{"damage":102,"enemies":"Shield and Spear","floor":54,"turns":6}],"seed_played":"-557958410115456845","potions_obtained":[{"floor":2,"key":"Explosive Potion"},{"floor":5,"key":"Strength Potion"},{"floor":16,"key":"SkillPotion"},{"floor":18,"key":"Weak Potion"},{"floor":28,"key":"EssenceOfSteel"}],"is_trial":false,"path_per_floor":["M","M","M","?","M","E","R","?","T","R","?","?","T","?","R","B",null,"M","$","?","M","$","R","E","R","T","R","M","?","R","M","R","B",null,"M","$","?","$","M","R","M","?","T","T","M","$","R","E","R","B",null,"R","$","E"],"character_chosen":"IRONCLAD","items_purchased":["Question Card","Blood for Blood","Regal Pillow","Strange Spoon","Rupture","Ornamental Fan","Dream Catcher"],"campfire_rested":5,"item_purchase_floors":[19,19,22,36,46,46,46],"current_hp_per_floor":[80,80,80,85,85,69,69,48,48,73,56,49,49,49,74,24,85,71,71,65,72,72,72,48,85,85,85,85,85,85,85,85,19,85,85,85,85,85,85,85,58,58,58,58,56,56,85,50,85,32,85,85,85,0],"gold":43,"neow_bonus":"TRANSFORM_TWO_CARDS","is_prod":false,"is_daily":false,"chose_seed":false,"campfire_upgraded":6,"win_rate":0,"timestamp":1555622069,"path_taken":["M","M","M","?","M","E","R","?","T","R","?","?","?","?","R","BOSS","M","$","?","M","$","R","E","R","T","R","M","?","R","M","R","BOSS","M","?","?","$","M","R","M","?","T","?","M","$","R","E","R","BOSS","R","$","E"],"build_version":"2019-01-23","purchased_purges":0,"victory":false,"max_hp_per_floor":[80,80,80,85,85,85,85,85,85,85,85,85,85,85,85,85,85,85,85,85,85,85,85,85,85,85,85,85,85,85,85,85,85,85,85,85,85,85,85,85,85,85,85,85,85,85,85,85,85,85,85,85,85,85],"card_choices":[{"not_picked":["Havoc","Infernal Blade"],"picked":"Combust","floor":1},{"not_picked":["Sword Boomerang","Twin Strike"],"picked":"Cleave","floor":2},{"not_picked":["Thunderclap","Sword Boomerang"],"picked":"Blood for Blood","floor":3},{"not_picked":["Havoc","Body Slam"],"picked":"Reaper","floor":5},{"not_picked":["Burning Pact","Havoc"],"picked":"Sever Soul","floor":6},{"not_picked":["True Grit","Wild Strike"],"picked":"Combust","floor":12},{"not_picked":["Feed","Exhume"],"picked":"Impervious","floor":16},{"not_picked":[],"picked":"Infernal Blade","floor":18},{"not_picked":["Cleave"],"picked":"Shockwave","floor":21},{"not_picked":["Metallicize"],"picked":"Body Slam","floor":24},{"not_picked":["Warcry"],"picked":"Flex","floor":28},{"not_picked":["Battle Trance","Sentinel"],"picked":"SKIP","floor":31},{"not_picked":["Berserk"],"picked":"Double Tap","floor":33},{"not_picked":["Battle Trance"],"picked":"Shockwave+1","floor":35},{"not_picked":["Flex+1"],"picked":"Cleave+1","floor":39},{"not_picked":["Wild Strike+1"],"picked":"Shrug It Off+1","floor":41},{"not_picked":["Iron Wave"],"picked":"Shrug It Off+1","floor":45},{"not_picked":["Cleave","Clash"],"picked":"SKIP","floor":48}],"player_experience":179203,"relics_obtained":[{"floor":6,"key":"Bag of Marbles"},{"floor":12,"key":"Odd Mushroom"},{"floor":13,"key":"Letter Opener"},{"floor":24,"key":"Bag of Preparation"},{"floor":26,"key":"Lantern"},{"floor":43,"key":"Charon\u0027s Ashes"},{"floor":44,"key":"Blood Vial"},{"floor":48,"key":"Potion Belt"}],"event_choices":[{"damage_healed":0,"gold_gain":0,"player_choice":"Donut","damage_taken":0,"max_hp_gain":5,"max_hp_loss":0,"event_name":"Big Fish","floor":4,"gold_loss":0},{"damage_healed":0,"gold_gain":0,"player_choice":"Take Damage","damage_taken":21,"relics_obtained":["Golden Idol"],"max_hp_gain":0,"max_hp_loss":0,"event_name":"Golden Idol","floor":8,"gold_loss":0},{"damage_healed":0,"gold_gain":0,"player_choice":"Entered Light","damage_taken":17,"max_hp_gain":0,"max_hp_loss":0,"event_name":"Shining Light","floor":11,"gold_loss":0,"cards_upgraded":["Strike_R","Bash"]},{"damage_healed":0,"gold_gain":0,"player_choice":"Fought Mushrooms","damage_taken":0,"max_hp_gain":0,"max_hp_loss":0,"event_name":"Mushrooms","floor":12,"gold_loss":0},{"damage_healed":0,"gold_gain":57,"player_choice":"Gained Gold","damage_taken":0,"max_hp_gain":0,"max_hp_loss":0,"event_name":"Golden Wing","floor":14,"gold_loss":0},{"damage_healed":0,"gold_gain":0,"player_choice":"Joined the Cult","damage_taken":6,"max_hp_gain":0,"max_hp_loss":0,"event_name":"Nest","floor":20,"gold_loss":0,"cards_obtained":["RitualDagger"]},{"cards_removed":["Injury"],"damage_healed":0,"gold_gain":0,"player_choice":"Removed Curses","damage_taken":0,"max_hp_gain":0,"max_hp_loss":0,"event_name":"Fountain of Cleansing","floor":29,"gold_loss":0},{"cards_removed":["Combust"],"damage_healed":0,"gold_gain":0,"player_choice":"Removed Power","damage_taken":0,"max_hp_gain":0,"max_hp_loss":0,"event_name":"Falling","floor":37,"gold_loss":0},{"damage_healed":0,"gold_gain":333,"player_choice":"Gave Idol","damage_taken":0,"max_hp_gain":0,"max_hp_loss":0,"event_name":"The Moai Head","floor":42,"relics_lost":["Golden Idol"],"gold_loss":0}],"is_beta":false,"boss_relics":[{"not_picked":["Black Blood","Empty Cage"],"picked":"Busted Crown"},{"not_picked":["Velvet Choker","Cursed Key"],"picked":"Sozu"}],"items_purged_floors":[],"is_endless":false,"potions_floor_spawned":[2,5,16,18,28,41,48],"killed_by":"Shield and Spear","ascension_level":0}