{"gold_per_floor":[116,116,116,76,86,117,117,45,93,117,149,161,188,220,232,349,361,388,400,412,424,436],"floor_reached":22,"playtime":2375,"items_purged":[],"score":184,"play_id":"16dc75c7-7aaa-4f5e-983a-cbd8db4ff87f","local_time":"20190401212823","is_ascension_mode":false,"campfire_choices":[{"floor":7,"key":"REST"},{"floor":12,"key":"REST"},{"floor":15,"key":"REST"}],"neow_cost":"","seed_source_timestamp":347926300199059,"circlet_count":0,"master_deck":["Strike_R","Strike_R","Strike_R","Strike_R","Strike_R","Defend_R","Defend_R","Defend_R","Defend_R","Bash","Whirlwind","Iron Wave","Disarm","Uppercut","Uppercut","Perfected Strike","Bloodletting","Sword Boomerang","Demon Form","Shame","Parasite","Doubt","Anger"],"relics":["Burning Blood","Potion Belt","Centennial Puzzle","MawBank","Calling Bell","Bag of Marbles","Gremlin Horn","Ginger","Nilry\u0027s Codex","Nloth\u0027s Gift"],"potions_floor_usage":[16,16,16,16,19],"damage_taken":[{"damage":5,"enemies":"Jaw Worm","floor":1,"turns":4},{"damage":0,"enemies":"Small Slimes","floor":5,"turns":3},{"damage":51,"enemies":"Gremlin Nob","floor":6,"turns":6},{"damage":0,"enemies":"2 Louse","floor":10,"turns":1},{"damage":34,"enemies":"Exordium Thugs","floor":11,"turns":7},{"damage":10,"enemies":"2 Fungi Beasts","floor":13,"turns":3},{"damage":21,"enemies":"Exordium Wildlife","floor":14,"turns":6},{"damage":40,"enemies":"The Guardian","floor":16,"turns":13},{"damage":59,"enemies":"Shell Parasite","floor":18,"turns":9},{"damage":19,"enemies":"Colosseum Slavers","floor":19,"turns":5},{"damage":4,"enemies":"3 Byrds","floor":22,"turns":2}],"seed_played":"-285316595251296693","potions_obtained":[{"floor":4,"key":"BloodPotion"},{"floor":4,"key":"Fire Potion"},{"floor":4,"key":"EssenceOfSteel"},{"floor":5,"key":"Fire Potion"},{"floor":6,"key":"Explosive Potion"},{"floor":14,"key":"Energy Potion"},{"floor":16,"key":"Energy Potion"},{"floor":18,"key":"Weak Potion"}],"is_trial":false,"path_per_floor":["M","?","?","?","M","E","R","$","T","M","M","R","M","M","R","B",null,"M","?","?","?","M"],"character_chosen":"IRONCLAD","items_purchased":["Uppercut"],"campfire_rested":3,"item_purchase_floors":[8],"current_hp_per_floor":[80,77,82,82,85,40,65,65,65,71,43,68,64,49,74,48,85,32,19,3,3,0],"gold":436,"neow_bonus":"","is_prod":false,"is_daily":false,"chose_seed":false,"campfire_upgraded":0,"win_rate":0.0,"timestamp":1554168503,"path_taken":["M","?","?","?","M","E","R","$","T","?","M","R","M","M","R","BOSS","M","?","?","?","M"],"build_version":"2019-01-23","purchased_purges":0,"victory":false,"max_hp_per_floor":[80,80,85,85,85,85,85,85,85,85,85,85,85,85,85,85,85,85,85,85,85,85],"card_choices":[{"not_picked":["Shrug It Off","Disarm"],"picked":"Whirlwind","floor":1},{"not_picked":["Hemokinesis","Body Slam"],"picked":"Iron Wave","floor":5},{"not_picked":["Berserk","Twin Strike"],"picked":"Disarm","floor":6},{"not_picked":["Corruption","Perfected Strike"],"picked":"Uppercut","floor":10},{"not_picked":["Fire Breathing","Uppercut"],"picked":"Perfected Strike","floor":11},{"not_picked":["Corruption","Sever Soul"],"picked":"Bloodletting","floor":13},{"not_picked":["Reaper","Intimidate"],"picked":"Sword Boomerang","floor":14},{"not_picked":["Juggernaut","Brutality"],"picked":"Demon Form","floor":16},{"not_picked":["Perfected Strike","Intimidate+1"],"picked":"Anger","floor":18}],"player_experience":0,"relics_obtained":[{"floor":6,"key":"Matryoshka"},{"floor":9,"key":"Centennial Puzzle"},{"floor":9,"key":"MawBank"},{"floor":17,"key":"Bag of Marbles"},{"floor":17,"key":"Gremlin Horn"},{"floor":17,"key":"Ginger"},{"floor":20,"key":"Nilry\u0027s Codex"}],"event_choices":[{"damage_healed":0,"gold_gain":0,"player_choice":"Success","damage_taken":3,"relics_obtained":["Potion Belt"],"max_hp_gain":0,"max_hp_loss":0,"event_name":"Scrap Ooze","floor":2,"gold_loss":0},{"damage_healed":0,"gold_gain":0,"player_choice":"Donut","damage_taken":0,"max_hp_gain":5,"max_hp_loss":0,"event_name":"Big Fish","floor":3,"gold_loss":0},{"damage_healed":0,"gold_gain":0,"player_choice":"Bought 3 Potions","damage_taken":0,"max_hp_gain":0,"max_hp_loss":0,"event_name":"The Woman in Blue","floor":4,"gold_loss":0},{"damage_healed":0,"gold_gain":0,"player_choice":"Fight","damage_taken":0,"max_hp_gain":0,"max_hp_loss":0,"event_name":"Colosseum","floor":19,"gold_loss":0},{"damage_healed":0,"gold_gain":0,"player_choice":"Fled From Nobs","damage_taken":0,"max_hp_gain":0,"max_hp_loss":0,"event_name":"Colosseum","floor":19,"gold_loss":0},{"damage_healed":0,"gold_gain":0,"player_choice":"Obtained Book","damage_taken":16,"max_hp_gain":0,"max_hp_loss":0,"event_name":"Cursed Tome","floor":20,"gold_loss":0},{"damage_healed":0,"gold_gain":0,"player_choice":"Traded Relic","damage_taken":0,"relics_obtained":["Nloth\u0027s Gift"],"max_hp_gain":0,"max_hp_loss":0,"event_name":"N\u0027loth","floor":21,"relics_lost":["Matryoshka"],"gold_loss":0}],"is_beta":false,"boss_relics":[{"not_picked":["Orrery","White Beast Statue"],"picked":"Calling Bell"}],"items_purged_floors":[],"is_endless":false,"potions_floor_spawned":[5,6,10,14,16,18],"killed_by":"3 Byrds","ascension_level":0}