{"gold_per_floor":[215,227,42,60,79,79,99,99,178,207,207,15,30,41,41,142,142,142,142,142,142,142,142,82,82,82,82,82,82,82,82,82,82,82,82,82,82,82,82,82,82,82,82,82,82,82,82,7,7,7],"floor_reached":50,"playtime":3164,"items_purged":["Writhe"],"score":509,"play_id":"d058d13a-04ed-4bc1-a88f-00d3ce150da6","local_time":"20190403181945","is_ascension_mode":false,"campfire_choices":[{"data":"Double Tap","floor":6,"key":"SMITH"},{"data":"Combust","floor":8,"key":"SMITH"},{"data":"Perfected Strike","floor":15,"key":"SMITH"},{"floor":25,"key":"REST"},{"floor":30,"key":"REST"},{"floor":32,"key":"REST"},{"floor":40,"key":"REST"},{"floor":45,"key":"REST"},{"floor":49,"key":"REST"}],"neow_cost":"NONE","seed_source_timestamp":508662000749543,"circlet_count":0,"master_deck":["Strike_R","Strike_R","Strike_R","Strike_R","Strike_R","Defend_R","Defend_R","Defend_R+1","Bash","Shrug It Off","Perfected Strike+1","Double Tap+1","Combust","Double Tap+1","Combust+1","Iron Wave","Pommel Strike","Anger","Shrug It Off","Barricade","Rage","Reaper","Shrug It Off+1","Perfected Strike+1","Feel No Pain","Shockwave","Twin Strike","Demon Form","Rage","Perfected Strike","Headbutt","Body Slam+1","Berserk","Spot Weakness+1","Power Through+1"],"relics":["Burning Blood","Question Card","Calipers","War Paint","Lee\u0027s Waffle","Ectoplasm","Enchiridion","Darkstone Periapt","Girya","Boot","Lizard Tail","Nunchaku","Anchor"],"potions_floor_usage":[10,16,16,28,28,33,50,50,50],"damage_taken":[{"damage":1,"enemies":"Cultist","floor":1,"turns":3},{"damage":5,"enemies":"Small Slimes","floor":2,"turns":4},{"damage":14,"enemies":"Jaw Worm","floor":4,"turns":3},{"damage":2,"enemies":"2 Fungi Beasts","floor":5,"turns":3},{"damage":17,"enemies":"Exordium Thugs","floor":7,"turns":4},{"damage":10,"enemies":"3 Sentries","floor":10,"turns":4},{"damage":5,"enemies":"Large Slime","floor":13,"turns":5},{"damage":0,"enemies":"3 Louse","floor":14,"turns":3},{"damage":35,"enemies":"The Guardian","floor":16,"turns":8},{"damage":7,"enemies":"Spheric Guardian","floor":18,"turns":3},{"damage":45,"enemies":"Gremlin Leader","floor":23,"turns":5},{"damage":12,"enemies":"2 Thieves","floor":24,"turns":3},{"damage":27,"enemies":"Chosen and Byrds","floor":27,"turns":5},{"damage":28,"enemies":"Slavers","floor":28,"turns":7},{"damage":10,"enemies":"3 Cultists","floor":29,"turns":5},{"damage":82,"enemies":"Collector","floor":33,"turns":9},{"damage":27,"enemies":"Orb Walker","floor":35,"turns":3},{"damage":13,"enemies":"3 Shapes","floor":36,"turns":4},{"damage":59,"enemies":"Spire Growth","floor":38,"turns":5},{"damage":32,"enemies":"Mind Bloom Boss Battle","floor":42,"turns":5},{"damage":21,"enemies":"Maw","floor":44,"turns":7},{"damage":31,"enemies":"4 Shapes","floor":46,"turns":7},{"damage":27,"enemies":"Sphere and 2 Shapes","floor":47,"turns":5},{"damage":133,"enemies":"Donu and Deca","floor":50,"turns":10}],"seed_played":"5948943399807639114","potions_obtained":[{"floor":1,"key":"Block Potion"},{"floor":4,"key":"SteroidPotion"},{"floor":5,"key":"SpeedPotion"},{"floor":10,"key":"SkillPotion"},{"floor":14,"key":"SteroidPotion"},{"floor":23,"key":"EssenceOfSteel"},{"floor":24,"key":"Dexterity Potion"},{"floor":27,"key":"SteroidPotion"},{"floor":44,"key":"SpeedPotion"},{"floor":46,"key":"Poison Potion"},{"floor":47,"key":"SkillPotion"}],"is_trial":false,"path_per_floor":["M","M","$","M","M","R","M","R","T","E","?","$","M","M","R","B",null,"M","?","$","?","?","E","M","R","T","M","E","M","R","$","R","B",null,"M","M","$","M","?","R","?","?","T","M","R","M","M","$","R","B"],"character_chosen":"IRONCLAD","items_purchased":["Double Tap","Combust","Lee\u0027s Waffle"],"campfire_rested":6,"item_purchase_floors":[3,3,12],"current_hp_per_floor":[80,80,80,72,76,76,65,65,65,61,43,87,87,87,87,58,87,86,86,86,70,70,31,25,51,51,36,26,32,58,58,84,20,87,66,59,59,12,40,67,67,41,41,35,62,47,36,36,63,0],"gold":7,"neow_bonus":"HUNDRED_GOLD","is_prod":false,"is_daily":false,"chose_seed":false,"campfire_upgraded":3,"win_rate":0,"timestamp":1554329985,"path_taken":["M","M","$","M","?","R","M","R","T","E","?","$","M","M","R","BOSS","M","?","$","?","?","E","M","R","T","M","E","M","R","$","R","BOSS","M","M","$","M","?","R","?","?","T","M","R","?","M","$","R","BOSS"],"build_version":"2019-01-23","purchased_purges":1,"victory":false,"max_hp_per_floor":[80,80,80,80,80,80,80,80,80,80,80,87,87,87,87,87,87,87,87,87,87,87,87,87,87,87,87,87,87,87,87,87,87,87,87,87,87,87,93,93,93,93,93,93,93,93,93,93,93,93],"card_choices":[{"not_picked":["Disarm","Headbutt"],"picked":"Shrug It Off","floor":1},{"not_picked":["Cleave","Anger"],"picked":"Perfected Strike","floor":2},{"not_picked":["Shockwave","Ghostly Armor"],"picked":"Double Tap","floor":4},{"not_picked":["Warcry","Thunderclap"],"picked":"Combust","floor":5},{"not_picked":["Metallicize","Ghostly Armor"],"picked":"Iron Wave","floor":7},{"not_picked":["Havoc","Uppercut","Brutality"],"picked":"Pommel Strike","floor":10},{"not_picked":["Feel No Pain","Flex","Cleave"],"picked":"Anger","floor":13},{"not_picked":["Body Slam","Disarm","Wild Strike"],"picked":"Shrug It Off","floor":14},{"not_picked":["Berserk","Dark Embrace","Fiend Fire"],"picked":"Barricade","floor":16},{"not_picked":["True Grit","Warcry","Wild Strike"],"picked":"Rage","floor":18},{"not_picked":["Rampage+1","Reaper","Dual Wield"],"picked":"Shrug It Off+1","floor":23},{"not_picked":["True Grit","Iron Wave","Sever Soul"],"picked":"Perfected Strike+1","floor":24},{"not_picked":["Anger","Dropkick","Twin Strike"],"picked":"Feel No Pain","floor":27},{"not_picked":["Blood for Blood","Uppercut","Feel No Pain"],"picked":"Shockwave","floor":28},{"not_picked":["Body Slam","Whirlwind","Hemokinesis+1"],"picked":"Twin Strike","floor":29},{"not_picked":["Offering","Impervious","Juggernaut"],"picked":"Demon Form","floor":33},{"not_picked":["Thunderclap","Clothesline","Warcry"],"picked":"Rage","floor":35},{"not_picked":["Dropkick+1","Battle Trance","Wild Strike"],"picked":"Perfected Strike","floor":36},{"not_picked":["Whirlwind+1","Twin Strike","Carnage+1"],"picked":"Headbutt","floor":38},{"not_picked":["Hemokinesis","Warcry+1","Heavy Blade"],"picked":"Body Slam+1","floor":42},{"not_picked":["Pummel","Twin Strike+1","Cleave+1"],"picked":"Berserk","floor":44},{"not_picked":["Cleave","Hemokinesis+1","Havoc"],"picked":"Spot Weakness+1","floor":46},{"not_picked":["Rage+1","Thunderclap","Searing Blow"],"picked":"Power Through+1","floor":47}],"player_experience":32841,"relics_obtained":[{"floor":9,"key":"Question Card"},{"floor":10,"key":"Calipers"},{"floor":21,"key":"Enchiridion"},{"floor":23,"key":"Darkstone Periapt"},{"floor":26,"key":"Girya"},{"floor":28,"key":"Boot"},{"floor":42,"key":"Nunchaku"},{"floor":43,"key":"Anchor"}],"event_choices":[{"damage_healed":0,"gold_gain":0,"player_choice":"Success","damage_taken":18,"relics_obtained":["War Paint"],"max_hp_gain":0,"max_hp_loss":0,"event_name":"Scrap Ooze","floor":11,"gold_loss":0},{"damage_healed":0,"gold_gain":0,"player_choice":"Obtained Book","damage_taken":16,"max_hp_gain":0,"max_hp_loss":0,"event_name":"Cursed Tome","floor":21,"gold_loss":0},{"damage_healed":0,"gold_gain":0,"player_choice":"1 cards matched","damage_taken":0,"max_hp_gain":0,"max_hp_loss":0,"event_name":"Match and Keep!","floor":22,"gold_loss":0,"cards_obtained":["Reaper"]},{"damage_healed":0,"gold_gain":0,"player_choice":"1 cards matched","damage_taken":0,"max_hp_gain":0,"max_hp_loss":0,"event_name":"Match and Keep!","floor":22,"gold_loss":0,"cards_obtained":["Reaper"]},{"damage_healed":22,"gold_gain":0,"player_choice":"Writhe","damage_taken":0,"max_hp_gain":0,"max_hp_loss":0,"event_name":"Winding Halls","floor":39,"gold_loss":0,"cards_obtained":["Writhe"]},{"cards_removed":["Defend_R"],"damage_healed":0,"gold_gain":0,"player_choice":"Removed Skill","damage_taken":0,"max_hp_gain":0,"max_hp_loss":0,"event_name":"Falling","floor":41,"gold_loss":0},{"damage_healed":0,"gold_gain":0,"player_choice":"Fight","damage_taken":0,"max_hp_gain":0,"max_hp_loss":0,"event_name":"MindBloom","floor":42,"gold_loss":0}],"is_beta":false,"boss_relics":[{"not_picked":["Runic Cube","Black Blood"],"picked":"Ectoplasm"},{"not_picked":["Tiny House","Coffee Dripper"],"picked":"Lizard Tail"}],"items_purged_floors":[48],"is_endless":false,"potions_floor_spawned":[1,4,5,10,14,23,24,27,44,46,47],"killed_by":"Donu and Deca","ascension_level":0}