{"gold_per_floor":[115,190,265,278,288,288,301,314,394,394,394,412,412,422,422,522,522,533,462,462,475,485,485,485],"floor_reached":24,"playtime":1093,"items_purged":[],"score":238,"play_id":"30a88718-b6c7-41b8-836b-d49c1f62de9e","local_time":"20180921181228","is_ascension_mode":true,"campfire_choices":[{"data":"Pommel Strike","floor":6.0,"key":"SMITH"},{"data":"Disarm","floor":11.0,"key":"SMITH"},{"data":"Shrug It Off","floor":13.0,"key":"SMITH"},{"data":"Armaments","floor":15.0,"key":"SMITH"},{"data":"Inflame","floor":23,"key":"SMITH"}],"neow_cost":"NONE","seed_source_timestamp":0,"circlet_count":0,"master_deck":["Strike_R","Strike_R","Strike_R","Strike_R","Strike_R","Defend_R","Defend_R","Defend_R","Defend_R","Bash+1","Headbutt","Pommel Strike+1","Disarm+1","Shrug It Off+1","Pummel","Armaments+1","Reaper","Uppercut","Inflame+1","J.A.X.","Pommel Strike","True Grit"],"special_seed":0,"relics":["Burning Blood","Kunai","Magic Flower","Eternal Feather"],"potions_floor_usage":[],"damage_taken":[{"damage":2.0,"enemies":"Jaw Worm","floor":1.0,"turns":3.0},{"damage":0.0,"enemies":"Cultist","floor":4.0,"turns":2.0},{"damage":9.0,"enemies":"Small Slimes","floor":5.0,"turns":4.0},{"damage":3.0,"enemies":"3 Louse","floor":7.0,"turns":4.0},{"damage":11.0,"enemies":"Exordium Wildlife","floor":8.0,"turns":7.0},{"damage":14.0,"enemies":"Exordium Thugs","floor":12.0,"turns":6.0},{"damage":3.0,"enemies":"Looter","floor":14.0,"turns":4.0},{"damage":7.0,"enemies":"The Guardian","floor":16.0,"turns":14.0},{"damage":16.0,"enemies":"Chosen","floor":18.0,"turns":8.0},{"damage":50.0,"enemies":"2 Thieves","floor":21.0,"turns":5.0},{"damage":29.0,"enemies":"Snake Plant","floor":22.0,"turns":4.0},{"damage":100,"enemies":"Gremlin Leader","floor":24,"turns":5}],"seed_played":"-7675452009139681198","potions_obtained":[{"floor":7.0,"key":"Ancient Potion"},{"floor":14.0,"key":"Fire Potion"},{"floor":16.0,"key":"Ancient Potion"},{"floor":18.0,"key":"FearPotion"},{"floor":21.0,"key":"FairyPotion"}],"is_trial":false,"path_per_floor":["M","?","?","M","M","R","M","M","T","?","R","M","R","M","R","B",null,"M","$","?","M","M","R"],"character_chosen":"IRONCLAD","items_purchased":["Inflame"],"campfire_rested":0,"item_purchase_floors":[19],"current_hp_per_floor":[80,72,61,67,64,64,67,62,62,50,50,45,45,51,51,53,73,66,66,66,48,42,54,0],"gold":485,"neow_bonus":"UPGRADE_CARD","is_prod":false,"is_daily":false,"chose_seed":false,"campfire_upgraded":5,"win_rate":0,"timestamp":1537567948,"path_taken":["M","?","?","M","M","R","M","M","T","?","R","M","R","M","R","BOSS","M","$","?","M","M","R","E"],"build_version":"2018-09-20","purchased_purges":0,"victory":false,"max_hp_per_floor":[80,80,80,80,80,80,80,80,80,80,80,80,80,80,80,80,80,80,80,80,80,80,80,80],"card_choices":[{"not_picked":["Havoc","Body Slam"],"picked":"Headbutt","floor":1.0},{"not_picked":["Clash","Warcry","Havoc"],"picked":"SKIP","floor":4.0},{"not_picked":["Hemokinesis","Headbutt"],"picked":"Pommel Strike","floor":5.0},{"not_picked":["Shrug It Off","Flame Barrier"],"picked":"Disarm","floor":7.0},{"not_picked":["Heavy Blade","Flex"],"picked":"Shrug It Off","floor":8.0},{"not_picked":["Bloodletting","Heavy Blade"],"picked":"Pummel","floor":12.0},{"not_picked":["Blood for Blood","Sword Boomerang"],"picked":"Armaments","floor":14.0},{"not_picked":["Dark Embrace","Bludgeon"],"picked":"Reaper","floor":16.0},{"not_picked":["Warcry","Seeing Red"],"picked":"Uppercut","floor":18.0},{"not_picked":["Clash","Rage"],"picked":"Pommel Strike","floor":21.0},{"not_picked":["Havoc","Cleave"],"picked":"True Grit","floor":22.0}],"player_experience":133233,"relics_obtained":[{"floor":9.0,"key":"Kunai"}],"event_choices":[{"event_name":"FaceTrader","player_choice":"Touch","floor":2.0,"damage_taken":0.0},{"event_name":"World of Goop","player_choice":"Gather Gold","floor":3.0,"damage_taken":0.0},{"event_name":"Scrap Ooze","player_choice":"success","floor":10.0,"damage_taken":12.0},{"event_name":"Drug Dealer","player_choice":"Got JAX","floor":20.0,"damage_taken":0.0}],"is_beta":false,"boss_relics":[{"not_picked":["Lizard Tail","Tiny House"],"picked":"Eternal Feather"}],"items_purged_floors":[],"is_endless":false,"potions_floor_spawned":[7,14,16,18,21],"killed_by":"Gremlin Leader","ascension_level":5}