{"gold_per_floor":[109,120,120,136,86,115,115,190,241,241,1,11,11,23,23,125,125,135,135,135,50,67,67,95,95,95,122,47,57,57,57,57,153,153,169,0,0,0,11,111,111,111,111,121,45,45,45,72,72,72],"floor_reached":51,"playtime":2679,"items_purged":["Regret"],"score":732,"play_id":"79e6061a-65a2-4b02-b1d3-cbe32ef9952d","local_time":"20190411120858","is_ascension_mode":false,"campfire_choices":[{"floor":10,"key":"REST"},{"floor":13,"key":"REST"},{"floor":15,"key":"REST"},{"floor":23,"key":"REST"},{"floor":25,"key":"REST"},{"floor":32,"key":"DIG"},{"floor":41,"key":"DIG"},{"floor":47,"key":"DIG"},{"floor":49,"key":"REST"}],"neow_cost":"NONE","seed_source_timestamp":13730458112647,"circlet_count":0,"master_deck":["Defend_G+1","Defend_G+1","Defend_G+1","Defend_G+1","Defend_G+1","Strike_G+1","Strike_G+1","Strike_G+1","Strike_G+1","Survivor+1","Neutralize","Poisoned Stab","Blade Dance","Bane","Bane+1","Distraction","Bullet Time","Sucker Punch+1","Necronomicurse","Choke+1","Predator+1","PiercingWail","Quick Slash+1","Bullet Time","Terror"],"relics":["Ring of the Snake","Bag of Preparation","Blue Candle","Molten Egg 2","PreservedInsect","Paper Crane","Sozu","Necronomicon","Ninja Scroll","Shovel","FossilizedHelix","Juzu Bracelet","Snake Skull","Snecko Eye","Red Mask","Gambling Chip","Bottled Flame","Mummified Hand","Peace Pipe","Shuriken"],"potions_floor_usage":[24,50],"damage_taken":[{"damage":0,"enemies":"Small Slimes","floor":1,"turns":5},{"damage":0,"enemies":"2 Louse","floor":2,"turns":3},{"damage":1,"enemies":"Jaw Worm","floor":4,"turns":4},{"damage":39,"enemies":"Gremlin Nob","floor":6,"turns":6},{"damage":7,"enemies":"Looter","floor":12,"turns":3},{"damage":3,"enemies":"Blue Slaver","floor":14,"turns":4},{"damage":22,"enemies":"Slime Boss","floor":16,"turns":10},{"damage":9,"enemies":"3 Byrds","floor":18,"turns":6},{"damage":1,"enemies":"Shell Parasite","floor":22,"turns":4},{"damage":16,"enemies":"Gremlin Leader","floor":24,"turns":4},{"damage":6,"enemies":"Book of Stabbing","floor":27,"turns":3},{"damage":6,"enemies":"Centurion and Healer","floor":29,"turns":4},{"damage":67,"enemies":"Automaton","floor":33,"turns":11},{"damage":0,"enemies":"Orb Walker","floor":35,"turns":1},{"damage":0,"enemies":"3 Darklings","floor":39,"turns":5},{"damage":9,"enemies":"Mind Bloom Boss Battle","floor":40,"turns":7},{"damage":0,"enemies":"Transient","floor":44,"turns":5},{"damage":5,"enemies":"Reptomancer","floor":48,"turns":2},{"damage":41,"enemies":"Time Eater","floor":50,"turns":7}],"seed_played":"8479534813215472478","potions_obtained":[{"floor":6,"key":"Swift Potion"},{"floor":16,"key":"GamblersBrew"}],"is_trial":false,"path_per_floor":["M","M","?","M","?","E","?","?","T","R","$","M","R","M","R","B",null,"M","?","?","?","M","R","E","R","T","E","$","M","?","?","R","B",null,"M","?","?","?","M","?","R","?","T","M","$","$","R","E","R","B",null],"character_chosen":"THE_SILENT","items_purchased":["Paper Crane","Terror"],"campfire_rested":6,"item_purchase_floors":[11,45],"current_hp_per_floor":[70,70,70,69,69,30,12,1,1,22,22,15,36,33,54,32,70,61,61,45,45,44,65,49,70,70,64,64,58,58,70,70,3,70,70,70,70,70,70,61,61,61,61,61,61,61,61,56,66,25],"gold":72,"neow_bonus":"UPGRADE_CARD","is_prod":false,"is_daily":false,"chose_seed":false,"campfire_upgraded":0,"win_rate":0,"timestamp":1554998938,"path_taken":["M","M","?","M","?","E","?","?","T","R","?","M","R","M","R","BOSS","M","?","?","?","M","R","E","R","T","E","$","M","?","?","R","BOSS","M","?","?","?","M","?","R","?","T","M","?","$","R","E","R","BOSS"],"build_version":"2019-01-23","purchased_purges":1,"victory":true,"max_hp_per_floor":[70,70,70,70,70,70,70,70,70,70,70,70,70,70,70,70,70,70,70,70,70,70,70,70,70,70,70,70,70,70,70,70,70,70,70,70,70,70,70,70,70,66,66,66,66,66,66,66,66,66],"card_choices":[{"not_picked":["Dagger Spray","Dagger Throw"],"picked":"Poisoned Stab","floor":1},{"not_picked":["Blur","PiercingWail"],"picked":"Blade Dance","floor":2},{"not_picked":["Quick Slash","Blade Dance","Deflect"],"picked":"SKIP","floor":4},{"not_picked":["Outmaneuver","Blade Dance"],"picked":"Bane","floor":6},{"not_picked":["Backflip","Flechettes+1"],"picked":"Bane+1","floor":12},{"not_picked":["Flying Knee+1","Cloak And Dagger"],"picked":"Distraction","floor":14},{"not_picked":["Adrenaline","Tools of the Trade"],"picked":"Bullet Time","floor":16},{"not_picked":["Dodge and Roll","PiercingWail"],"picked":"Sucker Punch+1","floor":18},{"not_picked":["Dodge and Roll+1","Cloak And Dagger+1"],"picked":"Choke+1","floor":22},{"not_picked":["Cloak And Dagger+1","Deflect"],"picked":"Predator+1","floor":24},{"not_picked":["Cloak And Dagger+1","Expertise"],"picked":"PiercingWail","floor":27},{"not_picked":["Prepared","Dodge and Roll"],"picked":"Quick Slash+1","floor":29},{"not_picked":["Adrenaline","Venomology"],"picked":"Bullet Time","floor":33},{"not_picked":["Cloak And Dagger","Accuracy","Prepared+1"],"picked":"SKIP","floor":35},{"not_picked":["Prepared+1","Blur+1","Quick Slash+1"],"picked":"SKIP","floor":39},{"not_picked":["Quick Slash+1","Backflip+1","Sucker Punch+1"],"picked":"SKIP","floor":44},{"not_picked":["Endless Agony+1","Deflect","Catalyst"],"picked":"SKIP","floor":48}],"player_experience":112518,"relics_obtained":[{"floor":6,"key":"Blue Candle"},{"floor":9,"key":"PreservedInsect"},{"floor":20,"key":"Necronomicon"},{"floor":24,"key":"Shovel"},{"floor":26,"key":"FossilizedHelix"},{"floor":27,"key":"Juzu Bracelet"},{"floor":32,"key":"Snake Skull"},{"floor":40,"key":"Gambling Chip"},{"floor":41,"key":"Bottled Flame"},{"floor":43,"key":"Mummified Hand"},{"floor":47,"key":"Peace Pipe"},{"floor":48,"key":"Shuriken"}],"event_choices":[{"damage_healed":0,"gold_gain":0,"player_choice":"Box","damage_taken":0,"relics_obtained":["Bag of Preparation"],"max_hp_gain":0,"max_hp_loss":0,"event_name":"Big Fish","floor":3,"gold_loss":0,"cards_obtained":["Regret"]},{"cards_removed":["Strike_G"],"damage_healed":0,"gold_gain":0,"player_choice":"Card Removal","damage_taken":0,"max_hp_gain":0,"max_hp_loss":0,"event_name":"The Cleric","floor":5,"gold_loss":50},{"damage_healed":0,"gold_gain":0,"player_choice":"Success","damage_taken":18,"relics_obtained":["Molten Egg 2"],"max_hp_gain":0,"max_hp_loss":0,"event_name":"Scrap Ooze","floor":7,"gold_loss":0},{"damage_healed":0,"gold_gain":75,"player_choice":"Gather Gold","damage_taken":11,"max_hp_gain":0,"max_hp_loss":0,"event_name":"World of Goop","floor":8,"gold_loss":0},{"damage_healed":0,"gold_gain":0,"player_choice":"Simplicity","damage_taken":0,"max_hp_gain":0,"max_hp_loss":0,"event_name":"Back to Basics","floor":19,"gold_loss":0,"cards_upgraded":["Defend_G","Defend_G","Defend_G","Defend_G","Defend_G","Strike_G","Strike_G","Strike_G","Strike_G"]},{"damage_healed":0,"gold_gain":0,"player_choice":"Obtained Book","damage_taken":16,"max_hp_gain":0,"max_hp_loss":0,"event_name":"Cursed Tome","floor":20,"gold_loss":0},{"damage_healed":0,"gold_gain":0,"player_choice":"Obtained Relic","damage_taken":0,"relics_obtained":["Ninja Scroll"],"max_hp_gain":0,"max_hp_loss":0,"event_name":"Addict","floor":21,"gold_loss":85},{"damage_healed":0,"gold_gain":0,"player_choice":"Ignored","damage_taken":0,"max_hp_gain":0,"max_hp_loss":0,"event_name":"Vampires","floor":30,"gold_loss":0},{"damage_healed":23,"gold_gain":0,"player_choice":"Heal","damage_taken":0,"max_hp_gain":0,"max_hp_loss":0,"event_name":"The Library","floor":31,"gold_loss":0},{"damage_healed":0,"gold_gain":0,"player_choice":"Paid","damage_taken":0,"relics_obtained":["Red Mask"],"max_hp_gain":0,"max_hp_loss":0,"event_name":"Tomb of Lord Red Mask","floor":36,"gold_loss":169},{"damage_healed":0,"gold_gain":0,"player_choice":"Ignored","damage_taken":0,"max_hp_gain":0,"max_hp_loss":0,"event_name":"NoteForYourself","floor":37,"gold_loss":0},{"damage_healed":0,"gold_gain":0,"player_choice":"Got Potions","damage_taken":0,"max_hp_gain":0,"max_hp_loss":0,"event_name":"Lab","floor":38,"gold_loss":0},{"damage_healed":0,"gold_gain":0,"player_choice":"Fight","damage_taken":0,"max_hp_gain":0,"max_hp_loss":0,"event_name":"MindBloom","floor":40,"gold_loss":0},{"damage_healed":0,"gold_gain":0,"player_choice":"Max HP","damage_taken":0,"max_hp_gain":0,"max_hp_loss":4,"event_name":"Winding Halls","floor":42,"gold_loss":0}],"is_beta":false,"boss_relics":[{"not_picked":["Fusion Hammer","HoveringKite"],"picked":"Sozu"},{"not_picked":["Velvet Choker","White Beast Statue"],"picked":"Snecko Eye"}],"items_purged_floors":[28],"is_endless":false,"potions_floor_spawned":[6,16,22,24,29,33,44],"ascension_level":0}