{"gold_per_floor":[118,137,152,165,184,184,219,239,239,239],"floor_reached":10,"playtime":447,"items_purged":[],"score":83,"play_id":"aa95ad1c-bd7b-4c6a-80e2-62a26cbbc31a","local_time":"20190426010433","is_ascension_mode":true,"campfire_choices":[{"floor":6,"key":"REST"}],"neow_cost":"TEN_PERCENT_HP_LOSS","seed_source_timestamp":25973094363820,"circlet_count":0,"master_deck":["Strike_B","Strike_B","Strike_B","Strike_B","Defend_B","Defend_B","Defend_B","Defend_B","Zap","Dualcast","Ball Lightning","Coolheaded","Conserve Battery","Genetic Algorithm","Leap","Rip and Tear","FTL"],"relics":["Cracked Core","Turnip","Regal Pillow"],"potions_floor_usage":[7,10,10],"damage_taken":[{"damage":2,"enemies":"Jaw Worm","floor":1,"turns":3},{"damage":1,"enemies":"Cultist","floor":2,"turns":3},{"damage":7,"enemies":"Small Slimes","floor":3,"turns":3},{"damage":7,"enemies":"Blue Slaver","floor":4,"turns":4},{"damage":36,"enemies":"Gremlin Gang","floor":5,"turns":6},{"damage":6,"enemies":"3 Sentries","floor":7,"turns":10},{"damage":6,"enemies":"Red Slaver","floor":8,"turns":4},{"damage":25,"enemies":"Lagavulin","floor":10,"turns":7}],"seed_played":"711198154862326650","potions_obtained":[{"floor":1,"key":"Weak Potion"},{"floor":4,"key":"LiquidBronze"},{"floor":5,"key":"EssenceOfSteel"}],"is_trial":false,"path_per_floor":[],"character_chosen":"DEFECT","items_purchased":[],"campfire_rested":1,"item_purchase_floors":[],"current_hp_per_floor":[66,65,58,51,15,35,29,23,23,0],"gold":239,"neow_bonus":"ONE_RARE_RELIC","is_prod":false,"is_daily":false,"chose_seed":false,"campfire_upgraded":0,"win_rate":0,"timestamp":1556215473,"path_taken":["M","M","M","M","M","R","E","M","T","E"],"build_version":"2019-01-23","purchased_purges":0,"victory":false,"max_hp_per_floor":[68,68,68,68,68,68,68,68,68,68],"card_choices":[{"not_picked":["Tempest","Cold Snap"],"picked":"Ball Lightning","floor":1},{"not_picked":["Hologram","Ball Lightning"],"picked":"Coolheaded","floor":2},{"not_picked":["Chaos","Double Energy"],"picked":"Conserve Battery","floor":3},{"not_picked":["Streamline","Steam Power"],"picked":"Genetic Algorithm","floor":4},{"not_picked":["Force Field","Rebound"],"picked":"Leap","floor":5},{"not_picked":["Heatsinks","Blizzard"],"picked":"Rip and Tear","floor":7},{"not_picked":["Sweeping Beam","Heatsinks"],"picked":"FTL","floor":8}],"player_experience":58784,"relics_obtained":[{"floor":7,"key":"Regal Pillow"}],"event_choices":[],"is_beta":false,"boss_relics":[],"items_purged_floors":[],"is_endless":false,"potions_floor_spawned":[1,4,5],"killed_by":"Lagavulin","ascension_level":3}