{"gold_per_floor":[109,125,50,125,141,176,195,195,245,49,49,72,72,43,43,174,174,197,222,245,245,7,38,38,38],"floor_reached":25,"playtime":1929,"items_purged":["Strike_B"],"score":346,"play_id":"5504ed85-0f8a-4189-af48-cdda79a2997b","local_time":"20190317175423","is_ascension_mode":true,"campfire_choices":[{"data":"Chill","floor":11,"key":"SMITH"},{"floor":15,"key":"REST"},{"floor":24,"key":"REST"}],"neow_cost":"NONE","seed_source_timestamp":1137500807575250,"circlet_count":0,"master_deck":["AscendersBane","Strike_B","Strike_B","Defend_B","Defend_B","Defend_B","Defend_B","Zap","Dualcast","Seek","Chill+1","Coolheaded","FTL","Electrodynamics","Cold Snap","Buffer","White Noise+1","Loop","White Noise+1","Loop"],"relics":["Cracked Core","Bottled Flame","Golden Idol","Dream Catcher","Runic Capacitor","Runic Dome","Matryoshka","Omamori"],"potions_floor_usage":[6,6,14,25],"damage_taken":[{"damage":1,"enemies":"Cultist","floor":1,"turns":3},{"damage":0,"enemies":"2 Louse","floor":2,"turns":2},{"damage":2,"enemies":"Small Slimes","floor":5,"turns":5},{"damage":15,"enemies":"3 Sentries","floor":6,"turns":8},{"damage":4,"enemies":"Blue Slaver","floor":7,"turns":4},{"damage":7,"enemies":"Red Slaver","floor":12,"turns":6},{"damage":11,"enemies":"Exordium Thugs","floor":14,"turns":6},{"damage":35,"enemies":"Hexaghost","floor":16,"turns":16},{"damage":13,"enemies":"Spheric Guardian","floor":18,"turns":5},{"damage":16,"enemies":"Chosen","floor":19,"turns":6},{"damage":23,"enemies":"Shelled Parasite and Fungi","floor":20,"turns":6},{"damage":3,"enemies":"Gremlin Leader","floor":23,"turns":7},{"damage":27,"enemies":"Snake Plant","floor":25,"turns":2}],"seed_played":"-6545861467035118413","potions_obtained":[{"floor":1,"key":"Swift Potion"},{"floor":2,"key":"Explosive Potion"},{"floor":12,"key":"Explosive Potion"},{"floor":16,"key":"FocusPotion"},{"floor":20,"key":"LiquidBronze"}],"is_trial":false,"path_per_floor":["M","M","$","?","M","E","M","?","T","$","R","M","?","M","R","B",null,"M","M","M","?","$","E","R","M"],"character_chosen":"DEFECT","items_purchased":["Runic Capacitor","Matryoshka"],"campfire_rested":2,"item_purchase_floors":[10,22],"current_hp_per_floor":[67,67,67,56,54,39,35,35,35,35,35,28,33,22,44,9,58,45,29,6,6,6,3,25,0],"gold":38,"neow_bonus":"TRANSFORM_CARD","is_prod":false,"is_daily":false,"chose_seed":false,"campfire_upgraded":1,"win_rate":0,"timestamp":1552859663,"path_taken":["M","M","$","?","M","E","M","?","T","$","R","M","?","?","R","BOSS","M","M","M","?","$","E","R","?"],"build_version":"2019-01-23","purchased_purges":1,"victory":false,"max_hp_per_floor":[75,75,75,75,75,75,75,69,69,69,69,69,74,74,74,74,74,74,74,74,74,74,74,74,74],"card_choices":[{"not_picked":["Reprogram","Steam","Doom and Gloom"],"picked":"SKIP","floor":1},{"not_picked":["Coolheaded","Steam Power"],"picked":"Chill","floor":2},{"not_picked":["Blizzard","Fusion","Compile Driver"],"picked":"SKIP","floor":5},{"not_picked":["Compile Driver","Barrage"],"picked":"Coolheaded","floor":6},{"not_picked":["Undo","Skim"],"picked":"FTL","floor":7},{"not_picked":["Leap","Scrape","Streamline"],"picked":"SKIP","floor":12},{"not_picked":["Compile Driver","Tempest"],"picked":"Electrodynamics","floor":14},{"not_picked":["Recycle","Doom and Gloom"],"picked":"Cold Snap","floor":15},{"not_picked":["Multi-Cast","All For One"],"picked":"Buffer","floor":16},{"not_picked":["Rebound","Conserve Battery"],"picked":"White Noise+1","floor":18},{"not_picked":["Fusion","Coolheaded"],"picked":"Loop","floor":19},{"not_picked":["Sunder","Loop"],"picked":"White Noise+1","floor":20},{"not_picked":["Cold Snap","Stack+1","Barrage"],"picked":"SKIP","floor":23}],"player_experience":777633,"relics_obtained":[{"floor":6,"key":"Bottled Flame"},{"floor":9,"key":"Dream Catcher"},{"floor":23,"key":"Omamori"}],"event_choices":[{"damage_healed":0,"gold_gain":75,"player_choice":"Gather Gold","damage_taken":11,"max_hp_gain":0,"max_hp_loss":0,"event_name":"World of Goop","floor":4,"gold_loss":0},{"damage_healed":0,"gold_gain":0,"player_choice":"Lose Max HP","damage_taken":0,"relics_obtained":["Golden Idol"],"max_hp_gain":0,"max_hp_loss":6,"event_name":"Golden Idol","floor":8,"gold_loss":0},{"damage_healed":0,"gold_gain":0,"player_choice":"Donut","damage_taken":0,"max_hp_gain":5,"max_hp_loss":0,"event_name":"Big Fish","floor":13,"gold_loss":0},{"damage_healed":0,"gold_gain":0,"player_choice":"1 cards matched","damage_taken":0,"max_hp_gain":0,"max_hp_loss":0,"event_name":"Match and Keep!","floor":21,"gold_loss":0,"cards_obtained":["Loop"]}],"is_beta":false,"boss_relics":[{"not_picked":["Empty Cage","White Beast Statue"],"picked":"Runic Dome"}],"items_purged_floors":[3],"is_endless":false,"potions_floor_spawned":[1,2,12,16,20],"killed_by":"Snake Plant","ascension_level":11}