{"gold_per_floor":[13,13,29,39,55,55,69,69,141,158,158,158,158,168,168,267,267,282,299,118,129,148,148,176,91,91,91,91,110,110,10,10,10],"floor_reached":33,"playtime":1233,"items_purged":["Strike_R"],"score":324,"play_id":"32316bed-ec33-4f1b-af4f-b6afc5510095","local_time":"20180919000255","is_ascension_mode":true,"campfire_choices":[{"data":"Bash","floor":6,"key":"SMITH"},{"data":"Clothesline","floor":8,"key":"SMITH"},{"data":"Shockwave","floor":13,"key":"SMITH"},{"data":"Spot Weakness","floor":15,"key":"SMITH"},{"floor":23,"key":"REST"},{"floor":28,"key":"REST"},{"floor":30,"key":"REST"},{"floor":32,"key":"REST"}],"neow_cost":"NO_GOLD","seed_source_timestamp":475055234692348,"circlet_count":0,"master_deck":["Strike_R","Strike_R","Strike_R","Strike_R","Defend_R","Defend_R","Defend_R","Defend_R","Bash+1","Burning Pact","Spot Weakness+1","Headbutt","Shockwave+1","Clothesline+1","Seeing Red+1","Armaments+1","Offering+1","Armaments+1","Metallicize","Shrug It Off+1","Heavy Blade","Ghostly Armor+1","Shockwave+1","Shrug It Off+1","Metallicize","Flame Barrier+1","True Grit+1","Armaments+1"],"relics":["Burning Blood","StoneCalendar","Toxic Egg 2","Sozu","Shovel","PreservedInsect","Blue Candle"],"potions_floor_usage":[16,16,16],"damage_taken":[{"damage":15,"enemies":"Jaw Worm","floor":1,"turns":6},{"damage":4,"enemies":"Small Slimes","floor":3,"turns":4},{"damage":8,"enemies":"2 Louse","floor":4,"turns":3},{"damage":5,"enemies":"2 Fungi Beasts","floor":5,"turns":3},{"damage":15,"enemies":"Exordium Thugs","floor":7,"turns":6},{"damage":2,"enemies":"Large Slime","floor":10,"turns":6},{"damage":8,"enemies":"Exordium Wildlife","floor":14,"turns":4},{"damage":15,"enemies":"Slime Boss","floor":16,"turns":7},{"damage":15,"enemies":"Shell Parasite","floor":18,"turns":4},{"damage":13,"enemies":"3 Byrds","floor":19,"turns":5},{"damage":16,"enemies":"Snake Plant","floor":21,"turns":2},{"damage":17,"enemies":"Shelled Parasite and Fungi","floor":22,"turns":5},{"damage":60,"enemies":"Gremlin Leader","floor":24,"turns":5},{"damage":16,"enemies":"Snecko","floor":29,"turns":5},{"damage":82,"enemies":"Collector","floor":33,"turns":15}],"seed_played":"201863703275740921","potions_obtained":[{"floor":3,"key":"Block Potion"},{"floor":5,"key":"Explosive Potion"},{"floor":7,"key":"Explosive Potion"}],"is_trial":false,"path_per_floor":["M","$","M","M","M","R","M","R","T","M","?","?","R","M","R","B",null,"M","M","$","M","M","R","E","?","T","?","R","M","R","$","R"],"character_chosen":"IRONCLAD","items_purchased":["Shrug It Off+1","Heavy Blade","True Grit+1","Armaments+1"],"campfire_rested":4,"item_purchase_floors":[20,20,31,31],"current_hp_per_floor":[71,71,73,71,72,72,63,63,63,67,72,72,72,70,70,61,79,70,63,63,53,42,67,13,13,13,13,38,28,53,53,78,0],"gold":10,"neow_bonus":"ONE_RARE_RELIC","is_prod":false,"is_daily":false,"chose_seed":false,"campfire_upgraded":4,"win_rate":0,"timestamp":1537329775,"path_taken":["M","$","M","M","M","R","M","R","T","M","?","?","R","M","R","BOSS","M","M","$","M","M","R","E","?","T","?","R","M","R","$","R","BOSS"],"build_version":"2018-09-06","purchased_purges":1,"victory":false,"max_hp_per_floor":[80,80,80,80,80,80,80,80,80,80,85,85,85,85,85,85,85,85,85,85,85,85,85,85,85,85,85,85,85,85,85,85,85],"card_choices":[{"not_picked":["Warcry","Twin Strike"],"picked":"Burning Pact","floor":1},{"not_picked":["Flex","Armaments"],"picked":"Spot Weakness","floor":3},{"not_picked":["Blood for Blood","Thunderclap"],"picked":"Headbutt","floor":4},{"not_picked":["Perfected Strike","Searing Blow"],"picked":"Shockwave","floor":5},{"not_picked":["Whirlwind","Dual Wield"],"picked":"Clothesline","floor":7},{"not_picked":["Clash","Flex+1"],"picked":"Seeing Red+1","floor":10},{"not_picked":["Exhume+1","Power Through+1"],"picked":"Armaments+1","floor":14},{"not_picked":["Reaper","Brutality"],"picked":"Offering+1","floor":16},{"not_picked":["Clash+1","Headbutt"],"picked":"Armaments+1","floor":18},{"not_picked":["Bloodletting+1","Carnage"],"picked":"Metallicize","floor":19},{"not_picked":["Anger+1","Clash"],"picked":"Ghostly Armor+1","floor":21},{"not_picked":["Thunderclap+1","Sever Soul+1"],"picked":"Shockwave+1","floor":22},{"not_picked":["Armaments+1","Searing Blow+1"],"picked":"Shrug It Off+1","floor":24},{"not_picked":["Warcry+1","Shrug It Off+1"],"picked":"Flame Barrier+1","floor":29}],"player_experience":127111,"relics_obtained":[{"floor":9,"key":"Toxic Egg 2"},{"floor":24,"key":"Shovel"},{"floor":26,"key":"Blue Candle"}],"event_choices":[{"event_name":"Big Fish","player_choice":"Donut","floor":11,"damage_taken":0},{"event_name":"Liars Game","player_choice":"disagreed","floor":12,"damage_taken":0},{"event_name":"Addict","player_choice":"Obtained Relic","floor":25,"damage_taken":0},{"event_name":"Duplicator","player_choice":"One dupe","floor":27,"damage_taken":0}],"is_beta":false,"boss_relics":[{"not_picked":["Orrery","Runic Pyramid"],"picked":"Sozu"}],"items_purged_floors":[20],"is_endless":false,"potions_floor_spawned":[3,5,7,21,22,24],"killed_by":"Collector","ascension_level":5}