{"gold_per_floor":[112,122,122,122,140,140,183,207,234,118,148,48,61,81,81,202,265,279,81,81,105,105,105,138,138,138,53,65,91,103,115,127,263,275,307,335,347,359,385,397,435,447,482,494],"floor_reached":44,"playtime":2790,"items_purged":["Strike_B","Strike_B","Defend_B"],"score":762,"play_id":"13b60e9e-05e7-4a0f-9e97-8a23508d65b2","local_time":"20190317233028","is_ascension_mode":true,"campfire_choices":[{"data":"Zap","floor":6,"key":"SMITH"},{"floor":15,"key":"REST"},{"data":"White Noise","floor":23,"key":"SMITH"},{"floor":30,"key":"REST"},{"data":"Reinforced Body","floor":32,"key":"SMITH"},{"data":"Defragment","floor":40,"key":"SMITH"},{"data":"Glacier","floor":42,"key":"SMITH"}],"neow_cost":"NONE","seed_source_timestamp":1156804050542237,"circlet_count":0,"master_deck":["AscendersBane","Strike_B+1","Strike_B+1","Defend_B","Defend_B","Defend_B","Zap+1","Dualcast","Creative AI","Storm","Loop+1","FTL","Capacitor","Biased Cognition","Reinforced Body+1","Defragment+1","Capacitor","Glacier+1","White Noise+1","Creative AI+1","Electrodynamics","Defragment+1","Forethought"],"relics":["Cracked Core","Whetstone","Golden Idol","Potion Belt","Art of War","Tiny Chest","Tiny House","Pen Nib","Bottled Lightning","MawBank","Coffee Dripper","Boot","Omamori"],"potions_floor_usage":[16,22,22,24,29,33,36,39],"damage_taken":[{"damage":5,"enemies":"Small Slimes","floor":1,"turns":3},{"damage":0,"enemies":"Cultist","floor":2,"turns":3},{"damage":4,"enemies":"Jaw Worm","floor":5,"turns":4},{"damage":40,"enemies":"3 Sentries","floor":7,"turns":8},{"damage":3,"enemies":"Blue Slaver","floor":8,"turns":3},{"damage":7,"enemies":"Exordium Wildlife","floor":13,"turns":4},{"damage":4,"enemies":"Exordium Thugs","floor":14,"turns":5},{"damage":0,"enemies":"Slime Boss","floor":16,"turns":6},{"damage":0,"enemies":"Spheric Guardian","floor":18,"turns":3},{"damage":3,"enemies":"Shell Parasite","floor":21,"turns":8},{"damage":0,"enemies":"Centurion and Healer","floor":22,"turns":1},{"damage":36,"enemies":"Gremlin Leader","floor":24,"turns":7},{"damage":12,"enemies":"Shelled Parasite and Fungi","floor":29,"turns":3},{"damage":16,"enemies":"Automaton","floor":33,"turns":10},{"damage":4,"enemies":"Orb Walker","floor":35,"turns":3},{"damage":9,"enemies":"3 Shapes","floor":36,"turns":4},{"damage":34,"enemies":"Transient","floor":39,"turns":5},{"damage":24,"enemies":"3 Darklings","floor":44,"turns":3}],"seed_played":"1443466520946291223","potions_obtained":[{"floor":4,"key":"FairyPotion"},{"floor":4,"key":"SpeedPotion"},{"floor":8,"key":"FocusPotion"},{"floor":13,"key":"Explosive Potion"},{"floor":14,"key":"SmokeBomb"},{"floor":16,"key":"Strength Potion"},{"floor":17,"key":"SkillPotion"},{"floor":18,"key":"Regen Potion"},{"floor":29,"key":"GamblersBrew"},{"floor":33,"key":"AttackPotion"},{"floor":36,"key":"Fire Potion"}],"is_trial":false,"path_per_floor":["M","M","?","?","M","R","E","M","T","$","?","$","M","M","R","B",null,"M","$","?","M","M","R","E","?","T","?","?","M","R","$","R","B",null,"M","M","?","?","M","R","T","R","T","M"],"character_chosen":"DEFECT","items_purchased":["Loop","Capacitor"],"campfire_rested":2,"item_purchase_floors":[10,19],"current_hp_per_floor":[63,63,63,63,59,59,19,16,16,16,4,4,6,2,22,22,62,62,62,62,59,59,59,38,38,38,38,38,26,48,48,48,32,64,60,51,51,51,17,17,17,17,17,0],"gold":494,"neow_bonus":"RANDOM_COMMON_RELIC","is_prod":false,"is_daily":false,"chose_seed":false,"campfire_upgraded":5,"win_rate":0,"timestamp":1552879828,"path_taken":["M","M","?","?","?","R","E","M","T","$","?","$","M","M","R","BOSS","M","$","?","M","M","R","E","?","T","?","?","M","R","$","R","BOSS","M","?","?","?","M","R","?","R","T","?"],"build_version":"2019-01-23","purchased_purges":3,"victory":false,"max_hp_per_floor":[75,75,69,69,69,69,69,69,69,69,69,69,69,69,69,69,74,74,74,74,74,74,74,74,74,74,74,74,74,74,74,74,74,74,74,74,74,74,74,74,74,74,74,74],"card_choices":[{"not_picked":["Gash","Redo","Beam Cell"],"picked":"SKIP","floor":1},{"not_picked":["Leap","Turbo","Sweeping Beam"],"picked":"SKIP","floor":2},{"not_picked":["Rip and Tear","Rebound","Melter"],"picked":"SKIP","floor":5},{"not_picked":["Consume","Streamline"],"picked":"Creative AI","floor":7},{"not_picked":["Melter","Conserve Battery"],"picked":"Storm","floor":8},{"not_picked":["Compile Driver","Chaos"],"picked":"FTL","floor":13},{"not_picked":["Streamline","Scrape"],"picked":"Capacitor","floor":14},{"not_picked":["All For One","Hyperbeam"],"picked":"Biased Cognition","floor":16},{"not_picked":["Scrape","Sweeping Beam"],"picked":"Reinforced Body","floor":17},{"not_picked":["Barrage","Go for the Eyes+1"],"picked":"Defragment+1","floor":18},{"not_picked":["Gash","Streamline"],"picked":"White Noise","floor":21},{"not_picked":["Coolheaded","Compile Driver"],"picked":"Creative AI","floor":24},{"not_picked":["Streamline","Compile Driver","Hologram"],"picked":"SKIP","floor":29},{"not_picked":["Hyperbeam","Seek"],"picked":"Electrodynamics","floor":33},{"not_picked":["Ball Lightning","Hologram","Sweeping Beam"],"picked":"SKIP","floor":35},{"not_picked":["Compile Driver","Fusion"],"picked":"Defragment","floor":36},{"not_picked":["PanicButton","Good Instincts"],"picked":"Forethought","floor":37},{"not_picked":["Compile Driver","Sweeping Beam","Redo"],"picked":"SKIP","floor":39}],"player_experience":796788,"relics_obtained":[{"floor":7,"key":"Potion Belt"},{"floor":9,"key":"Art of War"},{"floor":24,"key":"Pen Nib"},{"floor":26,"key":"Bottled Lightning"},{"floor":41,"key":"Boot"},{"floor":43,"key":"Omamori"}],"event_choices":[{"damage_healed":0,"gold_gain":0,"player_choice":"Lose Max HP","damage_taken":0,"relics_obtained":["Golden Idol"],"max_hp_gain":0,"max_hp_loss":6,"event_name":"Golden Idol","floor":3,"gold_loss":0},{"damage_healed":0,"gold_gain":0,"player_choice":"Got Potions","damage_taken":0,"max_hp_gain":0,"max_hp_loss":0,"event_name":"Lab","floor":4,"gold_loss":0},{"damage_healed":0,"gold_gain":0,"player_choice":"Success","damage_taken":12,"relics_obtained":["Tiny Chest"],"max_hp_gain":0,"max_hp_loss":0,"event_name":"Scrap Ooze","floor":11,"gold_loss":0},{"damage_healed":0,"gold_gain":0,"player_choice":"Read","damage_taken":0,"max_hp_gain":0,"max_hp_loss":0,"event_name":"The Library","floor":20,"gold_loss":0,"cards_obtained":["Glacier"]},{"damage_healed":0,"gold_gain":0,"player_choice":"Ignored","damage_taken":0,"max_hp_gain":0,"max_hp_loss":0,"event_name":"Ghosts","floor":25,"gold_loss":0},{"damage_healed":0,"gold_gain":0,"player_choice":"Obtained Relic","damage_taken":0,"relics_obtained":["MawBank"],"max_hp_gain":0,"max_hp_loss":0,"event_name":"Addict","floor":27,"gold_loss":85},{"damage_healed":0,"gold_gain":0,"player_choice":"Forge","damage_taken":0,"max_hp_gain":0,"max_hp_loss":0,"event_name":"Accursed Blacksmith","floor":28,"gold_loss":0,"cards_upgraded":["Creative AI"]},{"damage_healed":0,"gold_gain":0,"player_choice":"Memory 1","damage_taken":0,"max_hp_gain":0,"max_hp_loss":0,"event_name":"SensoryStone","floor":37,"gold_loss":0},{"damage_healed":0,"gold_gain":0,"player_choice":"Ignored","damage_taken":0,"max_hp_gain":0,"max_hp_loss":0,"event_name":"Tomb of Lord Red Mask","floor":38,"gold_loss":0}],"is_beta":false,"boss_relics":[{"not_picked":["Calling Bell","White Beast Statue"],"picked":"Tiny House"},{"not_picked":["Empty Cage","Pandora\u0027s Box"],"picked":"Coffee Dripper"}],"items_purged_floors":[10,12,19],"is_endless":false,"potions_floor_spawned":[5,8,13,14,16,18,29,33,36],"killed_by":"3 Darklings","ascension_level":12}