{"gold_per_floor":[217,217,217,106,106,106,127,161,231,231,246,246,289,308,308,434,434,447,447,407,427,447,447,447],"floor_reached":24,"playtime":1874,"items_purged":["Strike_B"],"score":306,"play_id":"5797c403-5816-4e92-8458-6f498d48189d","local_time":"20181229011908","is_ascension_mode":true,"campfire_choices":[{"data":"Defragment","floor":6,"key":"SMITH"},{"data":"Conserve Battery","floor":10,"key":"SMITH"},{"data":"Sunder","floor":12,"key":"SMITH"},{"floor":15,"key":"REST"},{"floor":23,"key":"REST"}],"neow_cost":"NONE","seed_source_timestamp":19306056191204,"circlet_count":0,"master_deck":["AscendersBane","Strike_B","Strike_B","Defend_B","Defend_B","Defend_B","Defend_B","Zap+1","Dualcast","Ball Lightning+1","Defragment+1","Conserve Battery+1","Cold Snap","Sunder+1","Machine Learning","Consume","Echo Form","Necronomicurse","Cold Snap","Reinforced Body+1"],"relics":["Cracked Core","Golden Idol","Potion Belt","Singing Bowl","Vajra","Eternal Feather","Necronomicon"],"potions_floor_usage":[8,16,21,21,22],"damage_taken":[{"damage":0,"enemies":"Small Slimes","floor":1,"turns":3},{"damage":0,"enemies":"2 Louse","floor":7,"turns":2},{"damage":3,"enemies":"Lagavulin","floor":8,"turns":5},{"damage":0,"enemies":"Jaw Worm","floor":11,"turns":3},{"damage":16,"enemies":"Gremlin Nob","floor":13,"turns":3},{"damage":0,"enemies":"Exordium Wildlife","floor":14,"turns":2},{"damage":20,"enemies":"Slime Boss","floor":16,"turns":8},{"damage":11,"enemies":"Shell Parasite","floor":18,"turns":6},{"damage":35,"enemies":"3 Byrds","floor":21,"turns":4},{"damage":15,"enemies":"Shelled Parasite and Fungi","floor":22,"turns":7},{"damage":53,"enemies":"Gremlin Leader","floor":24,"turns":5}],"seed_played":"-4480084703957134758","potions_obtained":[{"floor":7,"key":"SpeedPotion"},{"floor":14,"key":"FocusPotion"},{"floor":20,"key":"Regen Potion"},{"floor":20,"key":"FairyPotion"},{"floor":20,"key":"Regen Potion"},{"floor":21,"key":"PowerPotion"}],"is_trial":false,"path_per_floor":["M","?","?","$","?","R","M","E","T","R","M","R","E","M","R","B",null,"M","?","?","M","M","R","E"],"character_chosen":"DEFECT","items_purchased":["Defragment"],"campfire_rested":2,"item_purchase_floors":[4],"current_hp_per_floor":[68,61,61,61,47,47,47,44,44,44,44,44,28,28,48,28,59,50,34,34,16,1,34,0],"gold":447,"neow_bonus":"HUNDRED_GOLD","is_prod":false,"is_daily":false,"chose_seed":false,"campfire_upgraded":3,"win_rate":0,"timestamp":1546064348,"path_taken":["M","?","?","$","?","R","M","E","T","R","M","R","E","M","R","BOSS","M","?","?","M","M","R","E"],"build_version":"2018-12-20","purchased_purges":1,"victory":false,"max_hp_per_floor":[75,75,69,69,69,69,69,69,69,69,69,69,69,69,69,69,69,71,71,71,71,71,71,71],"card_choices":[{"not_picked":["Streamline","Skim"],"picked":"Ball Lightning","floor":1},{"not_picked":["Hologram","Ball Lightning"],"picked":"Conserve Battery","floor":7},{"not_picked":["Recycle","Double Energy"],"picked":"Cold Snap","floor":8},{"not_picked":["Redo","Go for the Eyes"],"picked":"Sunder","floor":11},{"not_picked":["Barrage","Rip and Tear"],"picked":"Machine Learning","floor":13},{"not_picked":["Sweeping Beam","Darkness"],"picked":"Consume","floor":14},{"not_picked":["Reboot","Meteor Strike"],"picked":"Echo Form","floor":16},{"not_picked":["Turbo","Go for the Eyes","Leap"],"picked":"Singing Bowl","floor":18},{"not_picked":["Compile Driver","Blizzard+1"],"picked":"Cold Snap","floor":21},{"not_picked":["Conserve Battery","Beam Cell"],"picked":"Reinforced Body+1","floor":22}],"player_experience":624870,"relics_obtained":[{"floor":8,"key":"Potion Belt"},{"floor":9,"key":"Singing Bowl"},{"floor":13,"key":"Vajra"},{"floor":19,"key":"Necronomicon"}],"event_choices":[{"cards_removed":["Strike_B"],"damage_healed":0,"gold_gain":0,"player_choice":"Card Removal","damage_taken":7,"max_hp_gain":0,"max_hp_loss":0,"event_name":"Golden Wing","floor":2,"gold_loss":0},{"damage_healed":0,"gold_gain":0,"player_choice":"Lose Max HP","damage_taken":0,"relics_obtained":["Golden Idol"],"max_hp_gain":0,"max_hp_loss":6,"event_name":"Golden Idol","floor":3,"gold_loss":0},{"damage_healed":0,"gold_gain":0,"player_choice":"Entered Light","damage_taken":14,"max_hp_gain":0,"max_hp_loss":0,"event_name":"Shining Light","floor":5,"gold_loss":0,"cards_upgraded":["Zap","Ball Lightning"]},{"damage_healed":0,"gold_gain":0,"player_choice":"Obtained Book","damage_taken":16,"max_hp_gain":0,"max_hp_loss":0,"event_name":"Cursed Tome","floor":19,"gold_loss":0},{"damage_healed":0,"gold_gain":0,"player_choice":"Bought 3 Potions","damage_taken":0,"max_hp_gain":0,"max_hp_loss":0,"event_name":"The Woman in Blue","floor":20,"gold_loss":0}],"is_beta":false,"boss_relics":[{"not_picked":["Coffee Dripper","Velvet Choker"],"picked":"Eternal Feather"}],"items_purged_floors":[4],"is_endless":false,"potions_floor_spawned":[7,14,21],"killed_by":"Gremlin Leader","ascension_level":10}