{"gold_per_floor":[118,118,118,193,37,75,90,115,140,181,218,230,258,286,298,430,442,473,610,622,657,694,706,759,771,863,875,902,914,940,973,985,1128,1140,1168,709,709,49,70,70,110,110,163,496,32,32,65,78,78,78],"floor_reached":51,"playtime":4234,"items_purged":["Strike_G","Dagger Throw","Riddle With Holes+1"],"score":906,"play_id":"b17a61c3-3d64-45ee-94de-a66cf2c67502","local_time":"20190316212848","is_ascension_mode":true,"campfire_choices":[{"data":"Noxious Fumes","floor":12,"key":"SMITH"},{"data":"Noxious Fumes","floor":15,"key":"SMITH"},{"data":"Dash","floor":23,"key":"SMITH"},{"data":"Dodge and Roll","floor":27,"key":"SMITH"},{"data":"Blur","floor":32,"key":"SMITH"},{"data":"Panacea","floor":40,"key":"SMITH"},{"data":"Noxious Fumes","floor":42,"key":"SMITH"},{"floor":49,"key":"REST"}],"neow_cost":"NONE","seed_source_timestamp":1114146016770380,"circlet_count":0,"master_deck":["Survivor","Neutralize","Bouncing Flask","Dash+1","Noxious Fumes+1","A Thousand Cuts","Noxious Fumes+1","Caltrops","Infinite Blades","Crippling Poison","Dodge and Roll+1","Prepared","Noxious Fumes+1","Noxious Fumes+1","Crippling Poison+1","Cloak And Dagger","Blur+1","Corpse Explosion","Adrenaline+1","Phantasmal Killer+1","Cloak And Dagger+1","Well Laid Plans","Panacea+1","Backstab","Apotheosis","Madness","Madness","Cloak And Dagger+1","Backflip+1"],"relics":["Sozu","Meat on the Bone","Snake Skull","Strawberry","MawBank","Pandora\u0027s Box","Thread and Needle","Paper Crane","Red Mask","Question Card","Astrolabe","Bird Faced Urn","Ginger","Bronze Scales","Blood Vial","Anchor","Turnip","Lantern"],"potions_floor_usage":[],"damage_taken":[{"damage":4,"enemies":"Small Slimes","floor":1,"turns":5},{"damage":9,"enemies":"Lagavulin","floor":6,"turns":6},{"damage":0,"enemies":"2 Louse","floor":7,"turns":2},{"damage":13,"enemies":"Gremlin Nob","floor":10,"turns":4},{"damage":2,"enemies":"Jaw Worm","floor":11,"turns":3},{"damage":8,"enemies":"Exordium Thugs","floor":13,"turns":3},{"damage":4,"enemies":"3 Louse","floor":14,"turns":4},{"damage":28,"enemies":"Slime Boss","floor":16,"turns":9},{"damage":8,"enemies":"Chosen","floor":18,"turns":4},{"damage":26,"enemies":"Colosseum Slavers","floor":19,"turns":4},{"damage":34,"enemies":"Colosseum Nobs","floor":19,"turns":5},{"damage":0,"enemies":"Spheric Guardian","floor":21,"turns":4},{"damage":17,"enemies":"3 Cultists","floor":22,"turns":4},{"damage":22,"enemies":"Masked Bandits","floor":24,"turns":3},{"damage":5,"enemies":"Snake Plant","floor":28,"turns":4},{"damage":0,"enemies":"Cultist and Chosen","floor":30,"turns":5},{"damage":2,"enemies":"Sentry and Sphere","floor":31,"turns":4},{"damage":26,"enemies":"Collector","floor":33,"turns":7},{"damage":23,"enemies":"3 Darklings","floor":35,"turns":4},{"damage":2,"enemies":"Orb Walker","floor":39,"turns":4},{"damage":0,"enemies":"Reptomancer","floor":41,"turns":5},{"damage":6,"enemies":"Giant Head","floor":47,"turns":8},{"damage":57,"enemies":"Transient","floor":48,"turns":5},{"damage":32,"enemies":"Time Eater","floor":50,"turns":11}],"seed_played":"3752865378440497000","potions_obtained":[],"is_trial":false,"path_per_floor":["M","?","?","?","$","E","M","T","T","E","M","R","M","M","R","B",null,"M","?","?","M","M","R","?","?","T","R","M","?","M","M","R","B",null,"M","$","?","$","M","R","E","R","T","?","$","?","E","M","R","B",null],"character_chosen":"THE_SILENT","items_purchased":["Dash","Bird Faced Urn","Well Laid Plans","Ginger","Bronze Scales","Backstab","Apotheosis","Turnip"],"campfire_rested":1,"item_purchase_floors":[5,36,36,38,38,38,45,45],"current_hp_per_floor":[66,65,52,41,41,32,44,44,51,38,48,48,40,48,48,32,72,64,16,16,28,23,23,13,13,13,13,20,20,32,42,42,28,72,49,49,49,49,59,59,72,72,72,72,72,63,66,35,56,42],"gold":78,"neow_bonus":"BOSS_RELIC","is_prod":false,"is_daily":false,"chose_seed":false,"campfire_upgraded":7,"win_rate":0,"timestamp":1552789728,"path_taken":["M","?","?","?","$","E","M","?","T","E","M","R","M","M","R","BOSS","M","?","?","M","?","R","?","?","T","R","?","?","M","M","R","BOSS","M","$","?","$","M","R","E","R","T","?","$","?","E","M","R","BOSS"],"build_version":"2019-01-23","purchased_purges":3,"victory":true,"max_hp_per_floor":[70,65,65,65,65,65,65,65,72,72,72,72,72,72,72,72,72,72,72,72,72,72,72,72,72,72,72,72,72,72,72,72,72,72,72,72,72,72,72,72,72,72,72,72,72,72,72,72,72,72],"card_choices":[{"not_picked":["Choke","Outmaneuver"],"picked":"Bouncing Flask","floor":1},{"not_picked":["Prepared","Sucker Punch"],"picked":"Noxious Fumes","floor":6},{"not_picked":["Acrobatics","Poisoned Stab","Prepared"],"picked":"SKIP","floor":7},{"not_picked":["All Out Attack","Dagger Throw","Dodge and Roll"],"picked":"SKIP","floor":10},{"not_picked":["Heel Hook","Deadly Poison","Underhanded Strike"],"picked":"SKIP","floor":11},{"not_picked":["Caltrops","Deadly Poison"],"picked":"A Thousand Cuts","floor":13},{"not_picked":["Sucker Punch","Acrobatics"],"picked":"Noxious Fumes","floor":14},{"not_picked":["Prepared","Flying Knee","Eviscerate"],"picked":"SKIP","floor":18},{"not_picked":["Caltrops","Cloak And Dagger"],"picked":"Noxious Fumes","floor":19},{"not_picked":["Concentrate","Underhanded Strike+1","Quick Slash"],"picked":"SKIP","floor":21},{"not_picked":["Skewer","Well Laid Plans"],"picked":"Crippling Poison+1","floor":22},{"not_picked":["Outmaneuver","Deadly Poison+1","Slice"],"picked":"Cloak And Dagger","floor":28},{"not_picked":["Infinite Blades","Prepared","Sucker Punch","Distraction"],"picked":"SKIP","floor":30},{"not_picked":["A Thousand Cuts","Infinite Blades","Terror"],"picked":"Blur","floor":31},{"not_picked":["A Thousand Cuts","Bullet Time","Die Die Die"],"picked":"Corpse Explosion","floor":33},{"not_picked":["Crippling Poison+1","Calculated Gamble","Outmaneuver"],"picked":"Cloak And Dagger+1","floor":35},{"not_picked":["Metamorphosis","Jack Of All Trades","Discovery"],"picked":"Panacea","floor":37},{"not_picked":["Flechettes+1","Slice+1","Dodge and Roll+1","Dagger Throw"],"picked":"SKIP","floor":39},{"not_picked":["Prepared+1","Dagger Throw+1","Underhanded Strike+1","All Out Attack"],"picked":"SKIP","floor":41},{"not_picked":["Expertise+1","Choke+1","Deflect"],"picked":"Cloak And Dagger+1","floor":47},{"not_picked":["Tactician+1","Acrobatics","Sucker Punch+1"],"picked":"Backflip+1","floor":48}],"player_experience":759320,"relics_obtained":[{"floor":6,"key":"Meat on the Bone"},{"floor":8,"key":"Snake Skull"},{"floor":9,"key":"Strawberry"},{"floor":10,"key":"MawBank"},{"floor":19,"key":"Thread and Needle"},{"floor":19,"key":"Paper Crane"},{"floor":24,"key":"Red Mask"},{"floor":26,"key":"Question Card"},{"floor":41,"key":"Blood Vial"},{"floor":43,"key":"Anchor"},{"floor":47,"key":"Lantern"}],"event_choices":[{"damage_healed":0,"gold_gain":0,"player_choice":"Lose Max HP","damage_taken":0,"relics_obtained":["Golden Idol"],"max_hp_gain":0,"max_hp_loss":5,"event_name":"Golden Idol","floor":2,"gold_loss":0},{"damage_healed":0,"gold_gain":0,"player_choice":"Entered Light","damage_taken":13,"max_hp_gain":0,"max_hp_loss":0,"event_name":"Shining Light","floor":3,"gold_loss":0,"cards_upgraded":["Defend_G","Strike_G"]},{"damage_healed":0,"gold_gain":75,"player_choice":"Gather Gold","damage_taken":11,"max_hp_gain":0,"max_hp_loss":0,"event_name":"World of Goop","floor":4,"gold_loss":0},{"damage_healed":0,"gold_gain":0,"player_choice":"Fight","damage_taken":0,"max_hp_gain":0,"max_hp_loss":0,"event_name":"Colosseum","floor":19,"gold_loss":0},{"damage_healed":0,"gold_gain":0,"player_choice":"Fought Nobs","damage_taken":0,"max_hp_gain":0,"max_hp_loss":0,"event_name":"Colosseum","floor":19,"gold_loss":0},{"damage_healed":0,"gold_gain":0,"player_choice":"Copied","damage_taken":0,"max_hp_gain":0,"max_hp_loss":0,"event_name":"Duplicator","floor":20,"gold_loss":0,"cards_obtained":["Noxious Fumes"]},{"damage_healed":0,"gold_gain":0,"player_choice":"Fought Bandits","damage_taken":0,"max_hp_gain":0,"max_hp_loss":0,"event_name":"Masked Bandits","floor":24,"gold_loss":0},{"damage_healed":0,"gold_gain":0,"player_choice":"Ignored","damage_taken":0,"max_hp_gain":0,"max_hp_loss":0,"event_name":"Vampires","floor":25,"gold_loss":0},{"damage_healed":0,"gold_gain":0,"player_choice":"Ignored","damage_taken":0,"max_hp_gain":0,"max_hp_loss":0,"event_name":"Ghosts","floor":29,"gold_loss":0},{"damage_healed":0,"gold_gain":0,"player_choice":"Memory 1","damage_taken":0,"max_hp_gain":0,"max_hp_loss":0,"event_name":"SensoryStone","floor":37,"gold_loss":0},{"damage_healed":0,"gold_gain":333,"player_choice":"Gave Idol","damage_taken":0,"max_hp_gain":0,"max_hp_loss":0,"event_name":"The Moai Head","floor":44,"relics_lost":["Golden Idol"],"gold_loss":0},{"damage_healed":0,"gold_gain":0,"player_choice":"Embrace Madness","damage_taken":9,"max_hp_gain":0,"max_hp_loss":0,"event_name":"Winding Halls","floor":46,"gold_loss":0,"cards_obtained":["Madness","Madness"]}],"is_beta":false,"boss_relics":[{"not_picked":["Orrery","Empty Cage"],"picked":"Pandora\u0027s Box"},{"not_picked":["HoveringKite","White Beast Statue"],"picked":"Astrolabe"}],"items_purged_floors":[5,36,38],"is_endless":false,"potions_floor_spawned":[1,6,11,14,16,19,21,22,28,31,41,48],"ascension_level":4}