{"gold_per_floor":[114,64,64,82,10,10,40,40,40,40,51,51,65,92,92,192,192,178,191,191,201,51,51,151,151,177,205,205,215,215,231,231,231],"floor_reached":33,"playtime":2437,"items_purged":[],"score":437,"play_id":"39d59fcf-f729-4763-b3a4-e432b351aee4","local_time":"20190317221824","is_ascension_mode":true,"campfire_choices":[{"data":"Defragment","floor":6,"key":"SMITH"},{"data":"Chill","floor":10,"key":"SMITH"},{"data":"Coolheaded","floor":12,"key":"SMITH"},{"data":"Ball Lightning","floor":15,"key":"SMITH"},{"data":"Self Repair","floor":23,"key":"SMITH"},{"data":"Zap","floor":25,"key":"SMITH"},{"floor":28,"key":"REST"},{"floor":30,"key":"REST"},{"data":"Loop","floor":32,"key":"SMITH"}],"neow_cost":"TEN_PERCENT_HP_LOSS","seed_source_timestamp":1152833459951414,"circlet_count":0,"master_deck":["AscendersBane","Defend_B","Defend_B","Defend_B","Zap+1","Dualcast","Self Repair+1","Chill+1","Defragment+1","Coolheaded+1","Ball Lightning+1","Thunder Strike+1","Ball Lightning+1","Capacitor+1","Loop+1","Cold Snap"],"relics":["Cracked Core","Lantern","Unceasing Top","Mummified Hand","Empty Cage","MutagenicStrength","Whetstone","Potion Belt","Question Card"],"potions_floor_usage":[14,16,16,21],"damage_taken":[{"damage":6,"enemies":"2 Louse","floor":1,"turns":3},{"damage":1,"enemies":"Jaw Worm","floor":4,"turns":6},{"damage":31,"enemies":"3 Sentries","floor":7,"turns":11},{"damage":0,"enemies":"Small Slimes","floor":11,"turns":7},{"damage":14,"enemies":"Exordium Wildlife","floor":13,"turns":5},{"damage":14,"enemies":"Lagavulin","floor":14,"turns":9},{"damage":9,"enemies":"The Guardian","floor":16,"turns":10},{"damage":18,"enemies":"2 Thieves","floor":18,"turns":4},{"damage":11,"enemies":"Shell Parasite","floor":19,"turns":4},{"damage":27,"enemies":"Cultist and Chosen","floor":21,"turns":5},{"damage":19,"enemies":"Slavers","floor":27,"turns":5},{"damage":25,"enemies":"Sentry and Sphere","floor":29,"turns":5},{"damage":6,"enemies":"Snecko","floor":31,"turns":4},{"damage":52,"enemies":"Collector","floor":33,"turns":8}],"seed_played":"167349497803013893","potions_obtained":[{"floor":1,"key":"Regen Potion"},{"floor":7,"key":"FocusPotion"},{"floor":14,"key":"Energy Potion"},{"floor":18,"key":"Fire Potion"}],"is_trial":false,"path_per_floor":["M","?","?","M","$","R","E","$","T","R","M","R","M","E","R","B",null,"M","M","?","M","$","R","?","R","T","E","R","M","R","M","R","B"],"character_chosen":"DEFECT","items_purchased":["Defragment","Whetstone"],"campfire_rested":2,"item_purchase_floors":[5,22],"current_hp_per_floor":[62,62,67,73,73,73,49,49,49,49,56,56,49,57,57,55,69,51,47,47,27,27,27,27,27,27,18,39,24,45,49,49,0],"gold":231,"neow_bonus":"REMOVE_TWO","is_prod":false,"is_daily":false,"chose_seed":false,"campfire_upgraded":7,"win_rate":0,"timestamp":1552875504,"path_taken":["M","?","?","M","$","R","E","?","T","R","M","R","M","E","R","BOSS","M","M","?","M","$","R","?","R","T","E","R","M","R","M","R","BOSS"],"build_version":"2019-01-23","purchased_purges":0,"victory":false,"max_hp_per_floor":[68,68,73,73,73,73,73,73,73,73,73,73,73,73,73,73,73,73,73,73,73,73,73,73,73,73,73,73,73,73,73,73,73],"card_choices":[{"not_picked":["Tempest","Conserve Battery"],"picked":"Self Repair","floor":1},{"not_picked":["Self Repair","Redo"],"picked":"Chill","floor":4},{"not_picked":["Doom and Gloom","Scrape","Storm"],"picked":"SKIP","floor":7},{"not_picked":["Beam Cell","Ball Lightning"],"picked":"Coolheaded","floor":11},{"not_picked":["Go for the Eyes","Beam Cell","Turbo"],"picked":"SKIP","floor":13},{"not_picked":["Sunder","Rebound"],"picked":"Ball Lightning","floor":14},{"not_picked":["Biased Cognition","Meteor Strike"],"picked":"Thunder Strike","floor":16},{"not_picked":["Static Discharge","Go for the Eyes"],"picked":"Ball Lightning","floor":18},{"not_picked":["Lockon","Steam","Coolheaded"],"picked":"SKIP","floor":19},{"not_picked":["Rebound","All For One"],"picked":"Capacitor+1","floor":21},{"not_picked":["Steam","Biased Cognition","Compile Driver"],"picked":"SKIP","floor":27},{"not_picked":["Compile Driver","Redo","Cold Snap"],"picked":"Loop","floor":29},{"not_picked":["Chill","Multi-Cast","Turbo"],"picked":"Cold Snap","floor":31}],"player_experience":792844,"relics_obtained":[{"floor":7,"key":"Lantern"},{"floor":9,"key":"Unceasing Top"},{"floor":14,"key":"Mummified Hand"},{"floor":26,"key":"Potion Belt"},{"floor":27,"key":"Question Card"}],"event_choices":[{"cards_removed":["Strike_B"],"damage_healed":0,"gold_gain":0,"player_choice":"Card Removal","damage_taken":0,"max_hp_gain":0,"max_hp_loss":0,"event_name":"The Cleric","floor":2,"gold_loss":50},{"damage_healed":0,"gold_gain":0,"player_choice":"Donut","damage_taken":0,"max_hp_gain":5,"max_hp_loss":0,"event_name":"Big Fish","floor":3,"gold_loss":0},{"damage_healed":0,"gold_gain":0,"player_choice":"Inject Mutagens","damage_taken":0,"relics_obtained":["MutagenicStrength"],"max_hp_gain":0,"max_hp_loss":0,"event_name":"Drug Dealer","floor":20,"gold_loss":0},{"damage_healed":0,"gold_gain":100,"player_choice":"Pray","damage_taken":0,"max_hp_gain":0,"max_hp_loss":0,"event_name":"Golden Shrine","floor":24,"gold_loss":0}],"is_beta":false,"boss_relics":[{"not_picked":["Cursed Key","Runic Pyramid"],"picked":"Empty Cage"}],"items_purged_floors":[],"is_endless":false,"potions_floor_spawned":[1,7,14,18],"killed_by":"Collector","ascension_level":12}