{"gold_per_floor":[111,111,131,145,163,195,212,243,292,292,52,66,80,5,5,101,101,117,117,129,140,140,167,177,177,177,177,187,205,205,221,221,221],"floor_reached":33,"playtime":1172,"items_purged":["Strike_R"],"score":283,"play_id":"5bf0b652-8914-4aca-b99a-7a95ce975c08","local_time":"20190422175423","is_ascension_mode":false,"campfire_choices":[{"floor":10,"key":"REST"},{"data":"Whirlwind","floor":15,"key":"SMITH"},{"floor":27,"key":"REST"},{"floor":30,"key":"REST"},{"floor":32,"key":"REST"}],"neow_cost":"NONE","seed_source_timestamp":601175485948600,"circlet_count":0,"master_deck":["Bash","Cleave","Shrug It Off","Uppercut","Infernal Blade","Flex","Seeing Red","Heavy Blade","Battle Trance","Whirlwind+1","Rampage","Double Tap+1","Feed","Sentinel","Flex","Bludgeon","Evolve","Heavy Blade","Infernal Blade","Juggernaut","Uppercut","RitualDagger","Iron Wave+1","Second Wind+1","Rage"],"relics":["Burning Blood","Lantern","Blue Candle","Dodecahedron","Chemical X","Pandora\u0027s Box","Art of War","Magic Flower"],"potions_floor_usage":[6,8,29,33],"damage_taken":[{"damage":6,"enemies":"2 Louse","floor":1,"turns":2},{"damage":4,"enemies":"Jaw Worm","floor":3,"turns":4},{"damage":0,"enemies":"Cultist","floor":4,"turns":2},{"damage":14,"enemies":"Exordium Thugs","floor":5,"turns":3},{"damage":11,"enemies":"3 Sentries","floor":6,"turns":5},{"damage":3,"enemies":"Gremlin Gang","floor":7,"turns":3},{"damage":22,"enemies":"Gremlin Nob","floor":8,"turns":5},{"damage":5,"enemies":"Looter","floor":12,"turns":2},{"damage":0,"enemies":"2 Fungi Beasts","floor":13,"turns":2},{"damage":11,"enemies":"Slime Boss","floor":16,"turns":7},{"damage":0,"enemies":"Chosen","floor":18,"turns":3},{"damage":0,"enemies":"Spheric Guardian","floor":20,"turns":2},{"damage":31,"enemies":"Chosen and Byrds","floor":21,"turns":5},{"damage":30,"enemies":"Book of Stabbing","floor":23,"turns":3},{"damage":23,"enemies":"Shelled Parasite and Fungi","floor":24,"turns":3},{"damage":21,"enemies":"Snake Plant","floor":28,"turns":3},{"damage":12,"enemies":"Centurion and Healer","floor":29,"turns":3},{"damage":9,"enemies":"Shelled Parasite and Fungi","floor":31,"turns":3},{"damage":70,"enemies":"Automaton","floor":33,"turns":6}],"seed_played":"-5347022857187548257","potions_obtained":[{"floor":5,"key":"PowerPotion"},{"floor":7,"key":"Weak Potion"},{"floor":12,"key":"Regen Potion"},{"floor":13,"key":"SpeedPotion"},{"floor":16,"key":"Swift Potion"},{"floor":18,"key":"Strength Potion"},{"floor":29,"key":"Dexterity Potion"}],"is_trial":false,"path_per_floor":["M","?","M","M","M","E","M","E","T","R","$","M","M","$","R","B",null,"M","?","M","M","?","E","M","?","T","R","M","M","R","M","R","B"],"character_chosen":"IRONCLAD","items_purchased":["Chemical X","Whirlwind"],"campfire_rested":4,"item_purchase_floors":[11,11],"current_hp_per_floor":[80,77,79,80,72,67,70,54,54,78,78,79,80,80,80,75,80,80,80,80,58,52,28,11,11,11,35,23,20,44,44,68,0],"gold":221,"neow_bonus":"THREE_CARDS","is_prod":false,"is_daily":false,"chose_seed":false,"campfire_upgraded":1,"win_rate":0,"timestamp":1555970063,"path_taken":["M","?","M","M","M","E","M","E","T","R","?","M","?","$","R","BOSS","M","?","?","M","?","E","M","?","T","R","M","M","R","M","R","BOSS"],"build_version":"2019-01-23","purchased_purges":1,"victory":false,"max_hp_per_floor":[80,80,80,80,80,80,80,80,80,80,80,80,80,80,80,80,80,80,80,80,83,83,83,83,83,83,83,83,83,83,83,83,83],"card_choices":[{"not_picked":["Fire Breathing","Havoc"],"picked":"Cleave","floor":0},{"not_picked":["True Grit","Seeing Red"],"picked":"Shrug It Off","floor":1},{"not_picked":["Cleave","True Grit"],"picked":"Uppercut","floor":3},{"not_picked":["Warcry","Sword Boomerang"],"picked":"Infernal Blade","floor":4},{"not_picked":["Clothesline","Sword Boomerang"],"picked":"Flex","floor":5},{"not_picked":["Dual Wield","Rupture"],"picked":"Seeing Red","floor":6},{"not_picked":["Corruption","Body Slam"],"picked":"Heavy Blade","floor":7},{"not_picked":["Wild Strike","Cleave"],"picked":"Battle Trance","floor":8},{"not_picked":["Iron Wave","Carnage"],"picked":"Rampage","floor":12},{"not_picked":["Havoc","Cleave","Shockwave"],"picked":"SKIP","floor":13},{"not_picked":["Dark Embrace","Juggernaut"],"picked":"Double Tap","floor":16},{"not_picked":["Anger","Havoc","Sever Soul"],"picked":"SKIP","floor":18},{"not_picked":["Hemokinesis","Twin Strike+1","Havoc"],"picked":"SKIP","floor":20},{"not_picked":["Clash","Body Slam+1","Heavy Blade+1"],"picked":"SKIP","floor":21},{"not_picked":["Sword Boomerang","Perfected Strike"],"picked":"Iron Wave+1","floor":23},{"not_picked":["Dark Embrace","Twin Strike+1"],"picked":"Second Wind+1","floor":24},{"not_picked":["Havoc","Reckless Charge","Flex"],"picked":"SKIP","floor":28},{"not_picked":["Inflame","Clothesline"],"picked":"Rage","floor":29},{"not_picked":["Clothesline","Spot Weakness+1","Twin Strike"],"picked":"SKIP","floor":31}],"player_experience":216965,"relics_obtained":[{"floor":6,"key":"Blue Candle"},{"floor":8,"key":"Dodecahedron"},{"floor":23,"key":"Art of War"},{"floor":26,"key":"Magic Flower"}],"event_choices":[{"damage_healed":0,"gold_gain":0,"player_choice":"Success","damage_taken":3,"relics_obtained":["Lantern"],"max_hp_gain":0,"max_hp_loss":0,"event_name":"Scrap Ooze","floor":2,"gold_loss":0},{"damage_healed":0,"gold_gain":0,"player_choice":"1 cards matched","damage_taken":0,"max_hp_gain":0,"max_hp_loss":0,"event_name":"Match and Keep!","floor":19,"gold_loss":0,"cards_obtained":["Uppercut"]},{"damage_healed":0,"gold_gain":0,"player_choice":"Joined the Cult","damage_taken":6,"max_hp_gain":0,"max_hp_loss":0,"event_name":"Nest","floor":22,"gold_loss":0,"cards_obtained":["RitualDagger"]},{"damage_healed":0,"gold_gain":0,"player_choice":"Upgraded","damage_taken":0,"max_hp_gain":0,"max_hp_loss":0,"event_name":"Upgrade Shrine","floor":25,"gold_loss":0,"cards_upgraded":["Double Tap"]}],"is_beta":false,"boss_relics":[{"not_picked":["Runic Dome","Lizard Tail"],"picked":"Pandora\u0027s Box"}],"items_purged_floors":[14],"is_endless":false,"potions_floor_spawned":[5,7,12,13,16,18,21,29],"killed_by":"Automaton","ascension_level":0}