{"gold_per_floor":[114,114,94,112,126,126,136,136,136,163,181,181,181,206,206,305,305,321,321,321,334,249,249],"floor_reached":23,"playtime":893,"items_purged":[],"score":199,"play_id":"a46488c3-a913-4bc9-b56d-3f5ea8bca8f8","local_time":"20190423175704","is_ascension_mode":false,"campfire_choices":[{"data":"Trip","floor":6,"key":"SMITH"},{"data":"Rampage","floor":8,"key":"SMITH"},{"data":"Whirlwind","floor":12,"key":"SMITH"},{"floor":15,"key":"REST"}],"neow_cost":"NONE","seed_source_timestamp":688016524327500,"circlet_count":0,"master_deck":["Strike_R","Strike_R","Strike_R","Strike_R","Defend_R","Defend_R","Bash","Trip+1","Shrug It Off","Battle Trance","Combust","Rampage+1","Whirlwind+1","Impervious","Headbutt","Exhume"],"relics":["Burning Blood","Gremlin Horn","Question Card","WingedGreaves","Empty Cage","Blood Vial"],"potions_floor_usage":[10,10,16,18],"damage_taken":[{"damage":0,"enemies":"2 Louse","floor":1,"turns":3},{"damage":2,"enemies":"Small Slimes","floor":4,"turns":4},{"damage":0,"enemies":"Cultist","floor":5,"turns":3},{"damage":8,"enemies":"2 Fungi Beasts","floor":7,"turns":3},{"damage":8,"enemies":"Gremlin Nob","floor":10,"turns":3},{"damage":12,"enemies":"Exordium Thugs","floor":11,"turns":4},{"damage":35,"enemies":"Lagavulin","floor":14,"turns":6},{"damage":51,"enemies":"The Guardian","floor":16,"turns":9},{"damage":29,"enemies":"Shell Parasite","floor":18,"turns":5},{"damage":22,"enemies":"Spheric Guardian","floor":21,"turns":4},{"damage":42,"enemies":"Slavers","floor":23,"turns":4}],"seed_played":"-2832988563422642510","potions_obtained":[{"floor":3,"key":"Fire Potion"},{"floor":4,"key":"AttackPotion"},{"floor":10,"key":"LiquidBronze"},{"floor":11,"key":"Ancient Potion"},{"floor":14,"key":"Poison Potion"}],"is_trial":false,"path_per_floor":["M","?","?","M","M","R","M","R","T","E","M","R","?","E","R","B",null,"M","?","?","M","?","E"],"character_chosen":"IRONCLAD","items_purchased":[],"campfire_rested":1,"item_purchase_floors":[],"current_hp_per_floor":[80,73,73,77,80,80,78,78,78,76,70,70,80,51,75,30,80,57,57,57,41,41,1],"gold":249,"neow_bonus":"RANDOM_COLORLESS","is_prod":false,"is_daily":false,"chose_seed":false,"campfire_upgraded":3,"win_rate":0,"timestamp":1556056624,"path_taken":["M","?","?","M","?","R","M","R","T","E","M","R","?","E","R","BOSS","M","?","?","M","?","E"],"build_version":"2019-01-23","purchased_purges":0,"victory":false,"max_hp_per_floor":[80,80,80,80,80,80,80,80,80,80,80,80,80,80,80,80,80,80,80,80,80,80,80],"card_choices":[{"not_picked":["Clash","Iron Wave"],"picked":"Shrug It Off","floor":1},{"not_picked":["Pommel Strike","Thunderclap"],"picked":"Battle Trance","floor":4},{"not_picked":["Headbutt","Dark Embrace"],"picked":"Combust","floor":5},{"not_picked":["Twin Strike","Iron Wave"],"picked":"Rampage","floor":7},{"not_picked":["Battle Trance","True Grit"],"picked":"Whirlwind","floor":10},{"not_picked":["Pommel Strike","Inflame","Clash","Twin Strike"],"picked":"SKIP","floor":11},{"not_picked":["Wild Strike","Iron Wave","Reckless Charge","Infernal Blade"],"picked":"SKIP","floor":14},{"not_picked":["Brutality","Berserk","Juggernaut"],"picked":"Impervious","floor":16},{"not_picked":["Cleave","Body Slam","Heavy Blade","True Grit"],"picked":"SKIP","floor":18},{"not_picked":["Wild Strike","Spot Weakness","Clash"],"picked":"Exhume","floor":21}],"player_experience":226691,"relics_obtained":[{"floor":9,"key":"Gremlin Horn"},{"floor":10,"key":"Question Card"},{"floor":14,"key":"WingedGreaves"}],"event_choices":[{"cards_removed":["Defend_R"],"damage_healed":0,"gold_gain":0,"player_choice":"Card Removal","damage_taken":7,"max_hp_gain":0,"max_hp_loss":0,"event_name":"Golden Wing","floor":2,"gold_loss":0},{"damage_healed":0,"gold_gain":0,"player_choice":"Bought 1 Potion","damage_taken":0,"max_hp_gain":0,"max_hp_loss":0,"event_name":"The Woman in Blue","floor":3,"gold_loss":0},{"damage_healed":10,"gold_gain":0,"player_choice":"Full Heal","damage_taken":0,"max_hp_gain":0,"max_hp_loss":0,"event_name":"Wheel of Change","floor":13,"gold_loss":0},{"damage_healed":0,"gold_gain":0,"player_choice":"Read","damage_taken":0,"max_hp_gain":0,"max_hp_loss":0,"event_name":"The Library","floor":19,"gold_loss":0,"cards_obtained":["Headbutt"]},{"damage_healed":0,"gold_gain":0,"player_choice":"Ignored","damage_taken":0,"max_hp_gain":0,"max_hp_loss":0,"event_name":"Ghosts","floor":20,"gold_loss":0},{"damage_healed":0,"gold_gain":0,"player_choice":"Obtained Relic","damage_taken":0,"relics_obtained":["Blood Vial"],"max_hp_gain":0,"max_hp_loss":0,"event_name":"Addict","floor":22,"gold_loss":85}],"is_beta":false,"boss_relics":[{"not_picked":["Runic Cube","Fusion Hammer"],"picked":"Empty Cage"}],"items_purged_floors":[],"is_endless":false,"potions_floor_spawned":[4,10,11,14],"killed_by":"Slavers","ascension_level":0}