{"gold_per_floor":[114,39,39,114,38,38,51,64,87,12,12,30,30,65,65,166,166,149,168,181,42,62,62,81,81,81,108,208,208,226,236,236,336,336,354,454,454],"floor_reached":37,"playtime":6635,"items_purged":["Strike_G","All Out Attack"],"score":497,"play_id":"3f79d26c-2af1-44af-bc6a-48e3d1e351f8","local_time":"20190316201421","is_ascension_mode":true,"campfire_choices":[{"data":"Footwork","floor":11.0,"key":"SMITH"},{"data":"Dash","floor":13.0,"key":"SMITH"},{"floor":15.0,"key":"REST"},{"data":"Footwork","floor":29,"key":"SMITH"},{"data":"Dash","floor":32,"key":"SMITH"}],"neow_cost":"NONE","seed_source_timestamp":0,"circlet_count":0,"master_deck":["Survivor","Neutralize","Footwork+1","Well Laid Plans","Dash+1","Burst","Riddle With Holes","Die Die Die","Phantasmal Killer","Setup","Dash+1","Prepared","Deflect","Cloak And Dagger","Footwork+1","Blur","Backstab+1","Well Laid Plans","Malaise"],"special_seed":0,"relics":["Ring of the Snake","PreservedInsect","Letter Opener","Pandora\u0027s Box","The Courier","Bag of Preparation","Ice Cream","Pocketwatch","Darkstone Periapt","Busted Crown","Incense Burner"],"potions_floor_usage":[20,33,33,33,35],"damage_taken":[{"damage":0.0,"enemies":"Cultist","floor":1.0,"turns":4.0},{"damage":1.0,"enemies":"Jaw Worm","floor":7.0,"turns":7.0},{"damage":0.0,"enemies":"2 Louse","floor":8.0,"turns":5.0},{"damage":9.0,"enemies":"Lots of Slimes","floor":12.0,"turns":6.0},{"damage":20.0,"enemies":"Gremlin Nob","floor":14.0,"turns":4.0},{"damage":41.0,"enemies":"Slime Boss","floor":16.0,"turns":23.0},{"damage":12.0,"enemies":"2 Thieves","floor":18.0,"turns":4.0},{"damage":0,"enemies":"Chosen","floor":19,"turns":5},{"damage":17,"enemies":"Centurion and Healer","floor":20,"turns":8},{"damage":12,"enemies":"Chosen and Byrds","floor":22,"turns":14},{"damage":0,"enemies":"3 Cultists","floor":24,"turns":8},{"damage":0,"enemies":"Book of Stabbing","floor":27,"turns":8},{"damage":2,"enemies":"Colosseum Slavers","floor":28,"turns":6},{"damage":2,"enemies":"Colosseum Nobs","floor":28,"turns":6},{"damage":0,"enemies":"Centurion and Healer","floor":30,"turns":10},{"damage":2,"enemies":"Snecko","floor":31,"turns":6},{"damage":1,"enemies":"Automaton","floor":33,"turns":21},{"damage":0,"enemies":"3 Darklings","floor":35,"turns":8},{"damage":0,"enemies":"Mind Bloom Boss Battle","floor":36,"turns":8},{"damage":77,"enemies":"2 Orb Walkers","floor":37,"turns":5}],"seed_played":"5497667906392432765","potions_obtained":[{"floor":8.0,"key":"Poison Potion"},{"floor":16.0,"key":"FearPotion"},{"floor":18.0,"key":"SkillPotion"},{"floor":28,"key":"Block Potion"},{"floor":30,"key":"AttackPotion"},{"floor":31,"key":"Weak Potion"},{"floor":33,"key":"Regen Potion"},{"floor":35,"key":"SteroidPotion"}],"is_trial":false,"path_per_floor":["M","$","?","?","$","?","M","M","T","$","R","M","R","E","R","B",null,"M","M","M","$","M","T","M","?","T","E","?","R","M","M","R","B",null,"M","?","?"],"character_chosen":"THE_SILENT","items_purchased":["Footwork","Well Laid Plans","Blur"],"campfire_rested":1,"item_purchase_floors":[5,10,21],"current_hp_per_floor":[77,77,62,51,51,51,50,50,50,50,50,41,41,21,44,3,77,65,65,48,48,36,36,36,61,61,61,57,57,57,55,55,54,77,77,77,0],"gold":454,"neow_bonus":"TEN_PERCENT_HP_BONUS","is_prod":false,"is_daily":false,"chose_seed":false,"campfire_upgraded":4,"win_rate":0,"timestamp":1552785261,"path_taken":["M","?","?","?","$","?","M","?","T","?","R","M","R","E","R","BOSS","M","M","?","$","M","?","?","?","T","E","?","R","M","M","R","BOSS","M","?","?"],"build_version":"2019-01-23","purchased_purges":2,"victory":false,"max_hp_per_floor":[77,77,77,77,77,77,77,77,77,77,77,77,77,77,77,77,77,77,77,77,77,77,77,77,77,77,77,77,77,77,77,77,77,77,77,77,77],"card_choices":[{"not_picked":["Outmaneuver","Underhanded Strike","Concentrate"],"picked":"SKIP","floor":1.0},{"not_picked":["Calculated Gamble","Outmaneuver","Accuracy"],"picked":"SKIP","floor":7.0},{"not_picked":["Prepared","Outmaneuver","Flechettes"],"picked":"SKIP","floor":8.0},{"not_picked":["Expertise","Dagger Throw"],"picked":"Dash","floor":12.0},{"not_picked":["Distraction","Bane","Blade Dance"],"picked":"SKIP","floor":14.0},{"not_picked":["Grand Finale","Doppelganger"],"picked":"Burst","floor":16.0},{"not_picked":["Quick Slash","Slice"],"picked":"Cloak And Dagger","floor":18.0},{"not_picked":["Noxious Fumes+1","Deadly Poison"],"picked":"Footwork","floor":19},{"not_picked":["Riddle With Holes","Setup","Predator"],"picked":"SKIP","floor":20},{"not_picked":["Cloak And Dagger","Deadly Poison","Concentrate"],"picked":"SKIP","floor":22},{"not_picked":["PiercingWail","Distraction","Eviscerate"],"picked":"SKIP","floor":24},{"not_picked":["Dodge and Roll+1","Bouncing Flask+1"],"picked":"Backstab+1","floor":27},{"not_picked":["Concentrate","Flechettes"],"picked":"Well Laid Plans","floor":30},{"not_picked":["Outmaneuver","Calculated Gamble","Phantasmal Killer"],"picked":"SKIP","floor":31},{"not_picked":["Unload","Wraith Form v2"],"picked":"Malaise","floor":33},{"not_picked":["Underhanded Strike"],"picked":"SKIP","floor":35}],"player_experience":752685,"relics_obtained":[{"floor":9.0,"key":"PreservedInsect"},{"floor":14.0,"key":"Letter Opener"},{"floor":23,"key":"The Courier"},{"floor":26,"key":"Bag of Preparation"},{"floor":27,"key":"Ice Cream"},{"floor":28,"key":"Pocketwatch"},{"floor":28,"key":"Darkstone Periapt"},{"floor":36,"key":"Incense Burner"}],"event_choices":[{"damage_healed":0.0,"max_hp_gain":0.0,"max_hp_loss":0.0,"gold_gain":0.0,"event_name":"Shining Light","player_choice":"Entered Light","floor":3.0,"gold_loss":0.0,"damage_taken":15.0,"cards_upgraded":["Defend_G","Strike_G"]},{"damage_healed":0.0,"max_hp_gain":0.0,"max_hp_loss":0.0,"gold_gain":75.0,"event_name":"World of Goop","player_choice":"Gather Gold","floor":4.0,"gold_loss":0.0,"damage_taken":11.0},{"cards_removed":["Strike_G"],"damage_healed":0.0,"max_hp_gain":0.0,"max_hp_loss":0.0,"gold_gain":0.0,"event_name":"Purifier","player_choice":"Purged","floor":6.0,"gold_loss":0.0,"damage_taken":0.0},{"damage_healed":25,"gold_gain":0,"player_choice":"Heal","damage_taken":0,"max_hp_gain":0,"max_hp_loss":0,"event_name":"The Library","floor":25,"gold_loss":0},{"damage_healed":0,"gold_gain":0,"player_choice":"Fight","damage_taken":0,"max_hp_gain":0,"max_hp_loss":0,"event_name":"Colosseum","floor":28,"gold_loss":0},{"damage_healed":0,"gold_gain":0,"player_choice":"Fought Nobs","damage_taken":0,"max_hp_gain":0,"max_hp_loss":0,"event_name":"Colosseum","floor":28,"gold_loss":0},{"damage_healed":0,"gold_gain":0,"player_choice":"Fight","damage_taken":0,"max_hp_gain":0,"max_hp_loss":0,"event_name":"MindBloom","floor":36,"gold_loss":0},{"damage_healed":0,"gold_gain":0,"player_choice":"Fight","damage_taken":0,"max_hp_gain":0,"max_hp_loss":0,"event_name":"Mysterious Sphere","floor":37,"gold_loss":0}],"is_beta":false,"boss_relics":[{"not_picked":["Lizard Tail","Astrolabe"],"picked":"Pandora\u0027s Box"},{"not_picked":["Runic Pyramid","Orrery"],"picked":"Busted Crown"}],"items_purged_floors":[2,21],"is_endless":false,"potions_floor_spawned":[8,16,18,28,28,30,31,33,35],"killed_by":"2 Orb Walkers","ascension_level":4}