{"gold_per_floor":[118,118,43,43,57,86,11,24,24,39,70,81,140,158,158,254,254,267,277,377,389,402,402],"floor_reached":23,"playtime":1335,"items_purged":["Regret"],"score":240,"play_id":"90959c71-eabf-4b26-b8aa-5232444e34ba","local_time":"20190410125209","is_ascension_mode":false,"campfire_choices":[{"floor":15,"key":"REST"}],"neow_cost":"NONE","seed_source_timestamp":62805238810234,"circlet_count":0,"master_deck":["Strike_R","Strike_R","Strike_R","Strike_R","Strike_R","Defend_R","Defend_R","Defend_R","Defend_R","Bash","Anger","Twin Strike","Shrug It Off","Shockwave","Flex","Power Through+1","Bludgeon","Ghostly Armor+1","Feel No Pain","Uppercut","Dual Wield+1","Double Tap+1","Fire Breathing","Inflame","Flex+1","Warcry+1"],"relics":["Burning Blood","NeowsBlessing","Dream Catcher","Dead Branch","Toxic Egg 2","Gremlin Horn","Tiny Chest","Runic Pyramid"],"potions_floor_usage":[11,11,16,19,22,23,23,23],"damage_taken":[{"damage":0,"enemies":"Small Slimes","floor":1,"turns":1},{"damage":0,"enemies":"Jaw Worm","floor":5,"turns":1},{"damage":0,"enemies":"Gremlin Nob","floor":6,"turns":1},{"damage":4,"enemies":"Cultist","floor":8,"turns":3},{"damage":12,"enemies":"Large Slime","floor":10,"turns":4},{"damage":11,"enemies":"Lagavulin","floor":11,"turns":6},{"damage":0,"enemies":"Red Slaver","floor":12,"turns":2},{"damage":29,"enemies":"Gremlin Nob","floor":13,"turns":4},{"damage":0,"enemies":"2 Fungi Beasts","floor":14,"turns":2},{"damage":49,"enemies":"Hexaghost","floor":16,"turns":9},{"damage":24,"enemies":"Shell Parasite","floor":18,"turns":5},{"damage":25,"enemies":"2 Thieves","floor":19,"turns":5},{"damage":28,"enemies":"Sentry and Sphere","floor":21,"turns":7},{"damage":12,"enemies":"Snecko","floor":22,"turns":7},{"damage":32,"enemies":"Book of Stabbing","floor":23,"turns":6}],"seed_played":"-5688977754399501187","potions_obtained":[{"floor":1,"key":"EssenceOfSteel"},{"floor":8,"key":"PowerPotion"},{"floor":10,"key":"Dexterity Potion"},{"floor":14,"key":"Regen Potion"},{"floor":16,"key":"Ancient Potion"},{"floor":18,"key":"Explosive Potion"},{"floor":21,"key":"Block Potion"},{"floor":22,"key":"LiquidBronze"}],"is_trial":false,"path_per_floor":["M","?","$","?","M","E","$","M","T","M","E","M","E","M","R","B",null,"M","M","?","M","M","E"],"character_chosen":"IRONCLAD","items_purchased":["Shockwave"],"campfire_rested":1,"item_purchase_floors":[7],"current_hp_per_floor":[80,80,80,80,80,80,80,80,80,74,69,75,52,58,80,52,80,62,43,43,21,15,0],"gold":402,"neow_bonus":"THREE_ENEMY_KILL","is_prod":false,"is_daily":false,"chose_seed":false,"campfire_upgraded":0,"win_rate":0,"timestamp":1554915129,"path_taken":["M","?","$","?","M","E","?","M","T","M","E","M","E","M","R","BOSS","M","?","?","M","?","E"],"build_version":"2019-01-23","purchased_purges":1,"victory":false,"max_hp_per_floor":[80,80,80,80,80,80,80,80,80,80,80,80,80,80,80,80,80,80,80,80,80,80,80],"card_choices":[{"not_picked":["Sentinel","Clash"],"picked":"Anger","floor":1},{"not_picked":["Body Slam","Feel No Pain"],"picked":"Twin Strike","floor":5},{"not_picked":["Cleave","Heavy Blade"],"picked":"Shrug It Off","floor":6},{"not_picked":["Shrug It Off","Clothesline"],"picked":"Flex","floor":8},{"not_picked":["Sword Boomerang","Shrug It Off+1"],"picked":"Power Through+1","floor":10},{"not_picked":["Rampage","Clash"],"picked":"Bludgeon","floor":11},{"not_picked":["Cleave","Twin Strike"],"picked":"Ghostly Armor+1","floor":12},{"not_picked":["Reckless Charge","Warcry+1"],"picked":"Feel No Pain","floor":13},{"not_picked":["Cleave","Twin Strike"],"picked":"Uppercut","floor":14},{"not_picked":["Perfected Strike","Iron Wave"],"picked":"Dual Wield+1","floor":15},{"not_picked":["Demon Form","Limit Break+1"],"picked":"Double Tap+1","floor":16},{"not_picked":["Cleave","Reckless Charge"],"picked":"Fire Breathing","floor":18},{"not_picked":["Infernal Blade+1","Seeing Red+1"],"picked":"Inflame","floor":19},{"not_picked":["Havoc+1","Pommel Strike"],"picked":"Flex+1","floor":21},{"not_picked":["Headbutt","Cleave"],"picked":"Warcry+1","floor":22}],"player_experience":93738,"relics_obtained":[{"floor":6,"key":"Dead Branch"},{"floor":9,"key":"Toxic Egg 2"},{"floor":11,"key":"Gremlin Horn"},{"floor":13,"key":"Tiny Chest"}],"event_choices":[{"damage_healed":0,"gold_gain":0,"player_choice":"Box","damage_taken":0,"relics_obtained":["Dream Catcher"],"max_hp_gain":0,"max_hp_loss":0,"event_name":"Big Fish","floor":2,"gold_loss":0,"cards_obtained":["Regret"]},{"damage_healed":0,"gold_gain":0,"player_choice":"Leave","damage_taken":0,"max_hp_gain":0,"max_hp_loss":0,"event_name":"The Cleric","floor":4,"gold_loss":0},{"damage_healed":0,"gold_gain":100,"player_choice":"Pray","damage_taken":0,"max_hp_gain":0,"max_hp_loss":0,"event_name":"Golden Shrine","floor":20,"gold_loss":0}],"is_beta":false,"boss_relics":[{"not_picked":["Philosopher\u0027s Stone","Calling Bell"],"picked":"Runic Pyramid"}],"items_purged_floors":[3],"is_endless":false,"potions_floor_spawned":[1,8,10,14,16,18,21,22],"killed_by":"Book of Stabbing","ascension_level":0}