{"gold_per_floor":[20,20,20,36,36,36,36,36,36,36,51,51,71,81,81,178,178,197,122,22,35,48,48,48],"floor_reached":24,"playtime":2242,"items_purged":["Reboot"],"score":298,"play_id":"9f9050f4-80e1-4e2a-a573-a084066bb47d","local_time":"20190318004955","is_ascension_mode":true,"campfire_choices":[{"data":"Coolheaded","floor":6,"key":"SMITH"},{"data":"Zap","floor":8,"key":"SMITH"},{"data":"Dualcast","floor":10,"key":"SMITH"},{"data":"Defend_B","floor":12,"key":"SMITH"},{"floor":15,"key":"REST"},{"data":"Electrodynamics","floor":23,"key":"SMITH"}],"neow_cost":"NO_GOLD","seed_source_timestamp":1162119574600347,"circlet_count":0,"master_deck":["AscendersBane","Zap+1","Dualcast+1","Echo Form+1","Coolheaded+1","Cold Snap+1","Electrodynamics+1","Machine Learning","Tempest","Reboot","Gash+1","FTL+1","Cold Snap+1","Capacitor+1"],"relics":["Cracked Core","Ornamental Fan","Molten Egg 2","Pandora\u0027s Box"],"potions_floor_usage":[13,22,24],"damage_taken":[{"damage":2,"enemies":"Jaw Worm","floor":1,"turns":3},{"damage":0,"enemies":"2 Louse","floor":4,"turns":3},{"damage":0,"enemies":"Cultist","floor":11,"turns":3},{"damage":9,"enemies":"Large Slime","floor":13,"turns":7},{"damage":16,"enemies":"3 Louse","floor":14,"turns":3},{"damage":11,"enemies":"The Guardian","floor":16,"turns":16},{"damage":18,"enemies":"3 Byrds","floor":18,"turns":4},{"damage":0,"enemies":"Spheric Guardian","floor":21,"turns":3},{"damage":11,"enemies":"Snecko","floor":22,"turns":4},{"damage":38,"enemies":"Slavers","floor":24,"turns":2}],"seed_played":"-5305028983331981429","potions_obtained":[{"floor":1,"key":"Swift Potion"},{"floor":16,"key":"Explosive Potion"},{"floor":18,"key":"SteroidPotion"}],"is_trial":false,"path_per_floor":["M","?","?","M","?","R","?","R","T","R","M","R","M","M","R","B",null,"M","?","$","M","M","R","E"],"character_chosen":"DEFECT","items_purchased":["Cold Snap+1"],"campfire_rested":1,"item_purchase_floors":[20],"current_hp_per_floor":[66,54,54,54,54,54,54,54,54,54,54,54,45,29,51,40,66,48,48,48,48,37,37,0],"gold":48,"neow_bonus":"THREE_RARE_CARDS","is_prod":false,"is_daily":false,"chose_seed":false,"campfire_upgraded":5,"win_rate":0,"timestamp":1552884595,"path_taken":["M","?","?","?","?","R","?","R","T","R","?","R","M","M","R","BOSS","M","?","$","M","M","R","E"],"build_version":"2019-01-23","purchased_purges":1,"victory":false,"max_hp_per_floor":[75,75,75,75,75,75,75,75,75,75,75,75,75,75,75,75,75,75,75,75,75,75,75,75],"card_choices":[{"not_picked":["Creative AI","Rainbow"],"picked":"Echo Form","floor":0},{"not_picked":["Blizzard","Streamline","Rebound"],"picked":"SKIP","floor":1},{"not_picked":["Streamline","Hello World"],"picked":"Coolheaded","floor":4},{"not_picked":["Blizzard+1","Lockon+1","Conserve Battery"],"picked":"SKIP","floor":11},{"not_picked":["Leap","Conserve Battery","Barrage+1"],"picked":"SKIP","floor":13},{"not_picked":["Sweeping Beam+1","Barrage+1"],"picked":"Cold Snap+1","floor":14},{"not_picked":["Fission","Multi-Cast"],"picked":"Electrodynamics","floor":16},{"not_picked":["Compile Driver+1","Heatsinks+1","Skim"],"picked":"SKIP","floor":18},{"not_picked":["Fusion","Turbo","Redo"],"picked":"SKIP","floor":21},{"not_picked":["Undo","Blizzard+1"],"picked":"Capacitor+1","floor":22}],"player_experience":802079,"relics_obtained":[{"floor":9,"key":"Molten Egg 2"}],"event_choices":[{"damage_healed":0,"gold_gain":0,"player_choice":"Success","damage_taken":12,"relics_obtained":["Ornamental Fan"],"max_hp_gain":0,"max_hp_loss":0,"event_name":"Scrap Ooze","floor":2,"gold_loss":0},{"damage_healed":0,"gold_gain":0,"player_choice":"Upgraded","damage_taken":0,"max_hp_gain":0,"max_hp_loss":0,"event_name":"Upgrade Shrine","floor":3,"gold_loss":0,"cards_upgraded":["Echo Form"]},{"damage_healed":0,"gold_gain":0,"player_choice":"Ignored","damage_taken":0,"max_hp_gain":0,"max_hp_loss":0,"event_name":"Liars Game","floor":5,"gold_loss":0},{"cards_removed":["Strike_B"],"damage_healed":0,"gold_gain":0,"player_choice":"Purged","damage_taken":0,"max_hp_gain":0,"max_hp_loss":0,"event_name":"Purifier","floor":7,"gold_loss":0},{"cards_removed":["Tempest"],"damage_healed":0,"gold_gain":0,"player_choice":"Gave Gold","damage_taken":0,"max_hp_gain":0,"max_hp_loss":0,"event_name":"Beggar","floor":19,"gold_loss":75}],"is_beta":false,"boss_relics":[{"not_picked":["Velvet Choker","White Beast Statue"],"picked":"Pandora\u0027s Box"}],"items_purged_floors":[20],"is_endless":false,"potions_floor_spawned":[1,16,18],"killed_by":"Slavers","ascension_level":12}