{"gold_per_floor":[209,39,54,54,70,70,99,109,109,138,157,122,135,23,23,122,122,133,133,153,71,88,119,133,233,233,233,246,273,548,181,181,282,282,297,309,114,131,131,161,161,161,161,171,197,197,226,244,244,244],"floor_reached":51,"playtime":2556,"items_purged":["Strike_R"],"score":886,"play_id":"4cb2f3ff-50c6-468a-a2d8-8b625d94c96c","local_time":"20190409154944","is_ascension_mode":false,"campfire_choices":[{"data":"Anger","floor":6,"key":"SMITH"},{"data":"Flame Barrier","floor":15,"key":"SMITH"},{"floor":27,"key":"REST"},{"data":"Dark Shackles","floor":32,"key":"SMITH"},{"floor":41,"key":"REST"},{"floor":46,"key":"REST"},{"floor":49,"key":"REST"}],"neow_cost":"NONE","seed_source_timestamp":1018657349508163,"circlet_count":0,"master_deck":["Strike_R","Strike_R","Strike_R","Strike_R","Defend_R","Defend_R","Defend_R","Defend_R","Bash","Perfected Strike","Shrug It Off","Wild Strike","Anger+1","Perfected Strike","Flame Barrier+1","Double Tap","Anger","Power Through","Carnage","Demon Form","True Grit+1","Pommel Strike","Inflame","Double Tap","Anger","Wild Strike+1","Pommel Strike+1","Dark Shackles+1","Exhume","Perfected Strike+1","Parasite","Immolate"],"relics":["Burning Blood","Vajra","Oddly Smooth Stone","Dodecahedron","Gremlin Horn","Sozu","Nloth\u0027s Gift","Ancient Tea Set","Du-Vu Doll","Blue Candle","StoneCalendar","Regal Pillow","WingedGreaves","Mark of Pain","HandDrill","Red Skull","Potion Belt","Spirit Poop","Pear","Frozen Egg 2","PreservedInsect"],"potions_floor_usage":[10,16,16],"damage_taken":[{"damage":3,"enemies":"Small Slimes","floor":1,"turns":4},{"damage":6,"enemies":"Jaw Worm","floor":3,"turns":3},{"damage":0,"enemies":"Cultist","floor":5,"turns":3},{"damage":20,"enemies":"Lagavulin","floor":7,"turns":6},{"damage":11,"enemies":"Exordium Wildlife","floor":8,"turns":3},{"damage":0,"enemies":"Gremlin Nob","floor":10,"turns":2},{"damage":0,"enemies":"Large Slime","floor":11,"turns":3},{"damage":7,"enemies":"Lots of Slimes","floor":13,"turns":3},{"damage":0,"enemies":"Slime Boss","floor":16,"turns":6},{"damage":0,"enemies":"3 Byrds","floor":18,"turns":2},{"damage":0,"enemies":"Shell Parasite","floor":20,"turns":2},{"damage":9,"enemies":"Centurion and Healer","floor":22,"turns":4},{"damage":31,"enemies":"Gremlin Leader","floor":23,"turns":5},{"damage":0,"enemies":"Chosen and Byrds","floor":24,"turns":2},{"damage":3,"enemies":"Colosseum Slavers","floor":25,"turns":3},{"damage":7,"enemies":"Colosseum Nobs","floor":25,"turns":3},{"damage":3,"enemies":"Snake Plant","floor":28,"turns":4},{"damage":17,"enemies":"Slavers","floor":29,"turns":4},{"damage":19,"enemies":"Champ","floor":33,"turns":8},{"damage":7,"enemies":"3 Shapes","floor":35,"turns":4},{"damage":7,"enemies":"Orb Walker","floor":36,"turns":3},{"damage":30,"enemies":"Writhing Mass","floor":38,"turns":4},{"damage":36,"enemies":"Reptomancer","floor":40,"turns":5},{"damage":5,"enemies":"4 Shapes","floor":44,"turns":4},{"damage":33,"enemies":"Nemesis","floor":45,"turns":5},{"damage":75,"enemies":"Giant Head","floor":47,"turns":8},{"damage":4,"enemies":"Maw","floor":48,"turns":6},{"damage":38,"enemies":"Time Eater","floor":50,"turns":9}],"seed_played":"-3594603413001550305","potions_obtained":[{"floor":3,"key":"SteroidPotion"},{"floor":7,"key":"Poison Potion"},{"floor":13,"key":"Strength Potion"}],"is_trial":false,"path_per_floor":["M","$","M","?","M","R","E","M","T","E","M","?","M","$","R","B",null,"M","?","M","$","M","E","M","?","T","R","M","E","?","$","R","B",null,"M","M","$","M","T","E","R","?","T","M","E","R","E","M","R","B",null],"character_chosen":"IRONCLAD","items_purchased":["Vajra","Shrug It Off","Carnage","Inflame","WingedGreaves","Dark Shackles","HandDrill"],"campfire_rested":4,"item_purchase_floors":[2,2,14,21,31,31,37],"current_hp_per_floor":[80,80,80,55,61,61,47,42,42,48,54,74,73,73,73,79,80,80,80,80,80,77,52,58,60,60,80,80,69,69,69,69,56,80,79,78,78,54,54,24,63,63,73,74,47,89,20,22,64,32],"gold":244,"neow_bonus":"HUNDRED_GOLD","is_prod":false,"is_daily":false,"chose_seed":false,"campfire_upgraded":3,"win_rate":0,"timestamp":1554839384,"path_taken":["M","$","M","?","M","R","E","M","T","E","M","?","M","$","R","BOSS","M","?","M","$","?","E","M","?","T","R","M","E","?","$","R","BOSS","M","M","$","?","?","E","R","?","T","M","E","R","E","?","R","BOSS"],"build_version":"2019-01-23","purchased_purges":1,"victory":true,"max_hp_per_floor":[80,80,80,80,80,80,80,80,80,80,80,80,80,80,80,80,80,80,80,80,80,80,80,80,80,80,80,80,80,80,80,80,80,80,80,80,80,80,80,80,80,80,90,90,90,90,90,90,90,90],"card_choices":[{"not_picked":["Havoc","Ghostly Armor"],"picked":"Perfected Strike","floor":1},{"not_picked":["Thunderclap","Havoc"],"picked":"Wild Strike","floor":3},{"not_picked":["Body Slam","Havoc"],"picked":"Anger","floor":5},{"not_picked":["Brutality","Sword Boomerang"],"picked":"Perfected Strike","floor":7},{"not_picked":["Reckless Charge","Iron Wave"],"picked":"Flame Barrier","floor":8},{"not_picked":["True Grit","Carnage"],"picked":"Double Tap","floor":10},{"not_picked":["Hemokinesis","Cleave"],"picked":"Anger","floor":11},{"not_picked":["Blood for Blood","Havoc"],"picked":"Power Through","floor":13},{"not_picked":["Feed","Fiend Fire"],"picked":"Demon Form","floor":16},{"not_picked":["Armaments","Warcry"],"picked":"True Grit+1","floor":18},{"not_picked":["Headbutt","Havoc"],"picked":"Pommel Strike","floor":20},{"not_picked":["Barricade","Metallicize","Body Slam"],"picked":"SKIP","floor":22},{"not_picked":["Fire Breathing+1","Feed"],"picked":"Double Tap","floor":23},{"not_picked":["Body Slam","Armaments","Shrug It Off"],"picked":"SKIP","floor":24},{"not_picked":["Perfected Strike","Spot Weakness+1"],"picked":"Anger","floor":25},{"not_picked":["Shrug It Off","Evolve+1"],"picked":"Wild Strike+1","floor":28},{"not_picked":["Dark Embrace","Double Tap"],"picked":"Pommel Strike+1","floor":29},{"not_picked":["Reaper","Double Tap"],"picked":"Exhume","floor":33},{"not_picked":["Twin Strike","Iron Wave+1"],"picked":"Perfected Strike+1","floor":35},{"not_picked":["Body Slam+1","Combust","Clothesline+1"],"picked":"SKIP","floor":36},{"not_picked":["Fiend Fire","Thunderclap+1","Rampage+1"],"picked":"SKIP","floor":38},{"not_picked":["Twin Strike","Metallicize","Pommel Strike"],"picked":"SKIP","floor":40},{"not_picked":["Combust","Iron Wave","Pommel Strike"],"picked":"SKIP","floor":44},{"not_picked":["Thunderclap","Warcry+1","Dark Embrace"],"picked":"SKIP","floor":45},{"not_picked":["Searing Blow+1","Feed"],"picked":"Immolate","floor":47},{"not_picked":["Pommel Strike","Havoc","Searing Blow"],"picked":"SKIP","floor":48}],"player_experience":82709,"relics_obtained":[{"floor":7,"key":"Dodecahedron"},{"floor":9,"key":"Gremlin Horn"},{"floor":10,"key":"Ornamental Fan"},{"floor":23,"key":"Ancient Tea Set"},{"floor":25,"key":"Du-Vu Doll"},{"floor":25,"key":"Blue Candle"},{"floor":26,"key":"StoneCalendar"},{"floor":29,"key":"Regal Pillow"},{"floor":39,"key":"Red Skull"},{"floor":40,"key":"Potion Belt"},{"floor":43,"key":"Pear"},{"floor":45,"key":"Frozen Egg 2"},{"floor":47,"key":"PreservedInsect"}],"event_choices":[{"damage_healed":0,"gold_gain":0,"player_choice":"Success","damage_taken":25,"relics_obtained":["Oddly Smooth Stone"],"max_hp_gain":0,"max_hp_loss":0,"event_name":"Scrap Ooze","floor":4,"gold_loss":0},{"damage_healed":20,"gold_gain":0,"player_choice":"Healed","damage_taken":0,"max_hp_gain":0,"max_hp_loss":0,"event_name":"The Cleric","floor":12,"gold_loss":35},{"damage_healed":0,"gold_gain":0,"player_choice":"Traded Relic","damage_taken":0,"relics_obtained":["Nloth\u0027s Gift"],"max_hp_gain":0,"max_hp_loss":0,"event_name":"N\u0027loth","floor":19,"relics_lost":["Ornamental Fan"],"gold_loss":0},{"damage_healed":0,"gold_gain":0,"player_choice":"Fight","damage_taken":0,"max_hp_gain":0,"max_hp_loss":0,"event_name":"Colosseum","floor":25,"gold_loss":0},{"damage_healed":0,"gold_gain":0,"player_choice":"Fought Nobs","damage_taken":0,"max_hp_gain":0,"max_hp_loss":0,"event_name":"Colosseum","floor":25,"gold_loss":0},{"damage_healed":0,"gold_gain":275,"player_choice":"Desecrate","damage_taken":0,"max_hp_gain":0,"max_hp_loss":0,"event_name":"Golden Shrine","floor":30,"gold_loss":0,"cards_obtained":["Regret"]},{"cards_removed":["Regret"],"damage_healed":0,"gold_gain":0,"player_choice":"Offered Curse","damage_taken":0,"relics_obtained":["Spirit Poop"],"max_hp_gain":0,"max_hp_loss":0,"event_name":"Bonfire Elementals","floor":42,"gold_loss":0}],"is_beta":false,"boss_relics":[{"not_picked":["Black Star","Calling Bell"],"picked":"Sozu"},{"not_picked":["Philosopher\u0027s Stone","Fusion Hammer"],"picked":"Mark of Pain"}],"items_purged_floors":[14],"is_endless":false,"potions_floor_spawned":[3,7,13,24,25,33,35,38,45,48],"ascension_level":0}