{"gold_per_floor":[118,28,41,41,60,74,74,74,74,101,26,26,44,63,63,159,159,170,85,96,0,12,12,42,42],"floor_reached":25,"playtime":1602,"items_purged":["Rage"],"score":223,"play_id":"1378e71e-70e1-489c-b540-4d8b750d128b","local_time":"20190402154230","is_ascension_mode":false,"campfire_choices":[{"data":"Madness","floor":7,"key":"SMITH"},{"floor":12,"key":"REST"},{"floor":15,"key":"REST"},{"floor":23,"key":"REST"}],"neow_cost":"TEN_PERCENT_HP_LOSS","seed_source_timestamp":414385807814809,"circlet_count":0,"master_deck":["Strike_R+1","Strike_R+1","Strike_R","Strike_R","Strike_R","Defend_R","Defend_R","Defend_R","Defend_R","Bash","Forethought","Trip","Madness+1","Rage","Heavy Blade","Rage","Heavy Blade","Carnage","Perfected Strike","Demon Form","Pummel","Uppercut","Feed","Carnage"],"relics":["Burning Blood","Mercury Hourglass","Calipers","Mark of Pain","Unceasing Top","Shuriken"],"potions_floor_usage":[10,16,16,16,24,24],"damage_taken":[{"damage":12,"enemies":"Small Slimes","floor":1,"turns":4},{"damage":8,"enemies":"Jaw Worm","floor":3,"turns":4},{"damage":5,"enemies":"2 Louse","floor":5,"turns":4},{"damage":4,"enemies":"Large Slime","floor":6,"turns":7},{"damage":50,"enemies":"Lagavulin","floor":10,"turns":7},{"damage":0,"enemies":"Exordium Thugs","floor":13,"turns":3},{"damage":0,"enemies":"3 Louse","floor":14,"turns":3},{"damage":21,"enemies":"Slime Boss","floor":16,"turns":10},{"damage":18,"enemies":"Shell Parasite","floor":18,"turns":4},{"damage":20,"enemies":"2 Thieves","floor":20,"turns":4},{"damage":24,"enemies":"Snecko","floor":22,"turns":5},{"damage":48,"enemies":"Gremlin Leader","floor":24,"turns":5},{"damage":7,"enemies":"Snake Plant","floor":25,"turns":2}],"seed_played":"9149189381916949768","potions_obtained":[{"floor":5,"key":"Weak Potion"},{"floor":10,"key":"Energy Potion"},{"floor":13,"key":"Explosive Potion"},{"floor":14,"key":"PowerPotion"},{"floor":16,"key":"GamblersBrew"},{"floor":18,"key":"Energy Potion"},{"floor":20,"key":"Strength Potion"}],"is_trial":false,"path_per_floor":["M","$","M","?","M","M","R","?","T","E","$","R","M","M","R","B",null,"M","?","M","?","M","R","E","M"],"character_chosen":"IRONCLAD","items_purchased":["Madness"],"campfire_rested":3,"item_purchase_floors":[2],"current_hp_per_floor":[66,66,64,64,65,67,67,53,53,9,9,30,36,42,63,48,72,60,60,46,46,28,49,7,0],"gold":42,"neow_bonus":"RANDOM_COLORLESS_2","is_prod":false,"is_daily":false,"chose_seed":false,"campfire_upgraded":1,"win_rate":0,"timestamp":1554234150,"path_taken":["M","$","M","?","M","M","R","?","T","E","$","R","M","M","R","BOSS","M","?","M","?","M","R","E","M"],"build_version":"2019-01-23","purchased_purges":1,"victory":false,"max_hp_per_floor":[72,72,72,72,72,72,72,72,72,72,72,72,72,72,72,72,72,72,72,72,72,72,72,72,72],"card_choices":[{"not_picked":["Reckless Charge","Cleave"],"picked":"Rage","floor":1},{"not_picked":["Reckless Charge","Feel No Pain"],"picked":"Rage","floor":3},{"not_picked":["Clothesline","Second Wind"],"picked":"Heavy Blade","floor":5},{"not_picked":["True Grit","Dual Wield"],"picked":"Rage","floor":6},{"not_picked":["Burning Pact","Battle Trance"],"picked":"Heavy Blade","floor":10},{"not_picked":["Wild Strike","Cleave"],"picked":"Carnage","floor":13},{"not_picked":["Combust","Armaments"],"picked":"Perfected Strike","floor":14},{"not_picked":["Dark Embrace","Berserk"],"picked":"Demon Form","floor":16},{"not_picked":["Headbutt","Body Slam"],"picked":"Pummel","floor":18},{"not_picked":["Thunderclap","True Grit+1"],"picked":"Uppercut","floor":20},{"not_picked":["Sever Soul","True Grit"],"picked":"Feed","floor":22},{"not_picked":["Body Slam","Cleave"],"picked":"Carnage","floor":24}],"player_experience":13725,"relics_obtained":[{"floor":9,"key":"Mercury Hourglass"},{"floor":10,"key":"Calipers"},{"floor":24,"key":"Shuriken"}],"event_choices":[{"damage_healed":0,"gold_gain":0,"player_choice":"Ignored","damage_taken":0,"max_hp_gain":0,"max_hp_loss":0,"event_name":"Liars Game","floor":4,"gold_loss":0},{"damage_healed":0,"gold_gain":0,"player_choice":"Entered Light","damage_taken":14,"max_hp_gain":0,"max_hp_loss":0,"event_name":"Shining Light","floor":8,"gold_loss":0,"cards_upgraded":["Strike_R","Strike_R"]},{"damage_healed":0,"gold_gain":0,"player_choice":"Obtained Relic","damage_taken":0,"relics_obtained":["Unceasing Top"],"max_hp_gain":0,"max_hp_loss":0,"event_name":"Addict","floor":19,"gold_loss":85},{"damage_healed":0,"gold_gain":0,"player_choice":"Paid Fearfully","damage_taken":0,"max_hp_gain":0,"max_hp_loss":0,"event_name":"Masked Bandits","floor":21,"gold_loss":96}],"is_beta":false,"boss_relics":[{"not_picked":["Sozu","Calling Bell"],"picked":"Mark of Pain"}],"items_purged_floors":[11],"is_endless":false,"potions_floor_spawned":[5,10,13,14,16,18,20],"killed_by":"Snake Plant","ascension_level":0}