{"gold_per_floor":[113,133,133,133,153,153,163,173,173,173,207,207,221,221],"floor_reached":14,"playtime":1864,"items_purged":[],"score":106,"play_id":"6d3409c6-4885-47a4-b92e-48f374ac09ba","local_time":"20190301225625","is_ascension_mode":true,"campfire_choices":[{"data":"Neutralize","floor":6,"key":"SMITH"},{"data":"Burst","floor":12,"key":"SMITH"}],"neow_cost":"NONE","seed_source_timestamp":838370637383362,"circlet_count":0,"master_deck":["Defend_G","Defend_G","Defend_G","Defend_G","Defend_G","Strike_G","Strike_G","Strike_G","Strike_G","Survivor","Neutralize+1","Burst+1"],"relics":["Ring of the Snake","The Courier","Bottled Lightning"],"potions_floor_usage":[11,11,11,14],"damage_taken":[{"damage":5,"enemies":"Cultist","floor":1,"turns":5},{"damage":2,"enemies":"Jaw Worm","floor":2,"turns":4},{"damage":3,"enemies":"Small Slimes","floor":5,"turns":7},{"damage":0,"enemies":"Blue Slaver","floor":7,"turns":7},{"damage":13,"enemies":"3 Louse","floor":8,"turns":5},{"damage":26,"enemies":"Gremlin Nob","floor":11,"turns":6},{"damage":12,"enemies":"Large Slime","floor":13,"turns":16},{"damage":25,"enemies":"Exordium Wildlife","floor":14,"turns":8}],"seed_played":"7150497198604934106","potions_obtained":[{"floor":2,"key":"Dexterity Potion"},{"floor":5,"key":"Swift Potion"},{"floor":8,"key":"Energy Potion"},{"floor":13,"key":"LiquidBronze"}],"is_trial":false,"path_per_floor":["M","M","?","?","M","R","M","M","T","?","E","R","M","M"],"character_chosen":"THE_SILENT","items_purchased":[],"campfire_rested":0,"item_purchase_floors":[],"current_hp_per_floor":[72,70,70,70,67,67,67,54,54,59,33,33,21,0],"gold":221,"neow_bonus":"TEN_PERCENT_HP_BONUS","is_prod":false,"is_daily":false,"chose_seed":false,"campfire_upgraded":2,"win_rate":0,"timestamp":1551477385,"path_taken":["M","?","?","?","M","R","M","M","T","?","E","R","M","M"],"build_version":"2019-01-23","purchased_purges":0,"victory":false,"max_hp_per_floor":[77,77,77,77,77,77,77,77,77,82,82,82,82,82],"card_choices":[{"not_picked":["Bane","Skewer","Distraction"],"picked":"SKIP","floor":1},{"not_picked":["Slice","Sucker Punch","PiercingWail"],"picked":"SKIP","floor":2},{"not_picked":["Deadly Poison","Dagger Throw","Tactician"],"picked":"SKIP","floor":5},{"not_picked":["Riddle With Holes","Dodge and Roll","Accuracy"],"picked":"SKIP","floor":7},{"not_picked":["Sucker Punch","Flechettes","Slice"],"picked":"SKIP","floor":8},{"not_picked":["Calculated Gamble","Poisoned Stab"],"picked":"Burst","floor":11},{"not_picked":["Accuracy","PiercingWail","Skewer"],"picked":"SKIP","floor":13}],"player_experience":743662,"relics_obtained":[{"floor":9,"key":"The Courier"},{"floor":11,"key":"Bottled Lightning"}],"event_choices":[{"damage_healed":0,"gold_gain":0,"player_choice":"Ignored","damage_taken":0,"max_hp_gain":0,"max_hp_loss":0,"event_name":"Liars Game","floor":3,"gold_loss":0},{"cards_removed":["Strike_G"],"damage_healed":0,"gold_gain":0,"player_choice":"Forget","damage_taken":0,"max_hp_gain":0,"max_hp_loss":0,"event_name":"Living Wall","floor":4,"gold_loss":0},{"damage_healed":0,"gold_gain":0,"player_choice":"Donut","damage_taken":0,"max_hp_gain":5,"max_hp_loss":0,"event_name":"Big Fish","floor":10,"gold_loss":0}],"is_beta":false,"boss_relics":[],"items_purged_floors":[],"is_endless":false,"potions_floor_spawned":[2,5,8,13],"killed_by":"Exordium Wildlife","ascension_level":3}