{"gold_per_floor":[114,64,77,77,27,27,27,27,27,44,59,72,72,247,247,377,377,400,420,420,434,24,24],"floor_reached":23,"playtime":932,"items_purged":["Strike_B","Defend_B","Strike_B"],"score":226,"play_id":"7bbe8719-9c5c-4377-a174-e3fd1ec88f2a","local_time":"20190413002304","is_ascension_mode":true,"campfire_choices":[{"data":"Dualcast","floor":6,"key":"SMITH"},{"data":"Defend_B","floor":8,"key":"SMITH"},{"floor":15,"key":"REST"}],"neow_cost":"NONE","seed_source_timestamp":20751364523200,"circlet_count":0,"master_deck":["Strike_B","Strike_B+1","Defend_B+1","Defend_B+1","Defend_B","Zap+1","Dualcast+1","Doubt","Electrodynamics","Melter","Self Repair","Bandage Up"],"relics":["Cracked Core","Smiling Mask","Matryoshka","Golden Idol","Velvet Choker","Runic Capacitor"],"potions_floor_usage":[16,16,19,19],"damage_taken":[{"damage":1,"enemies":"Cultist","floor":1,"turns":3},{"damage":0,"enemies":"Small Slimes","floor":3,"turns":2},{"damage":0,"enemies":"2 Louse","floor":10,"turns":2},{"damage":1,"enemies":"2 Fungi Beasts","floor":11,"turns":3},{"damage":0,"enemies":"Looter","floor":12,"turns":3},{"damage":61,"enemies":"Slime Boss","floor":16,"turns":12},{"damage":23,"enemies":"2 Thieves","floor":18,"turns":3},{"damage":4,"enemies":"Shell Parasite","floor":19,"turns":6},{"damage":13,"enemies":"Chosen and Byrds","floor":21,"turns":4},{"damage":21,"enemies":"Slavers","floor":23,"turns":1}],"seed_played":"-4799642996714317894","potions_obtained":[{"floor":1,"key":"Swift Potion"},{"floor":3,"key":"Strength Potion"},{"floor":16,"key":"Weak Potion"},{"floor":18,"key":"GamblersBrew"},{"floor":21,"key":"SkillPotion"}],"is_trial":false,"path_per_floor":["M","$","M","?","$","R","?","R","T","M","M","M","?","?","R","B",null,"M","M","?","M","$","E"],"character_chosen":"DEFECT","items_purchased":["Self Repair","Bandage Up","Runic Capacitor"],"campfire_rested":1,"item_purchase_floors":[22,22,22],"current_hp_per_floor":[74,74,74,74,74,74,59,59,59,59,58,58,40,40,62,1,57,34,30,30,17,17,0],"gold":24,"neow_bonus":"RANDOM_COMMON_RELIC","is_prod":false,"is_daily":false,"chose_seed":false,"campfire_upgraded":2,"win_rate":0,"timestamp":1555129384,"path_taken":["M","$","M","?","$","R","?","R","T","M","M","M","?","?","R","BOSS","M","M","?","M","?","E"],"build_version":"2019-01-23","purchased_purges":3,"victory":false,"max_hp_per_floor":[75,75,75,75,75,75,75,75,75,75,75,75,75,75,75,75,75,75,75,75,75,75,75],"card_choices":[{"not_picked":["Static Discharge","Barrage","Reinforced Body"],"picked":"SKIP","floor":1},{"not_picked":["Steam","Lockon","Hologram"],"picked":"SKIP","floor":3},{"not_picked":["Coolheaded","Force Field","Ball Lightning"],"picked":"SKIP","floor":10},{"not_picked":["Static Discharge","Barrage","Ball Lightning"],"picked":"SKIP","floor":11},{"not_picked":["Ball Lightning","Go for the Eyes","Redo"],"picked":"SKIP","floor":12},{"not_picked":["Core Surge","Rainbow"],"picked":"Electrodynamics","floor":16},{"not_picked":["Rebound","Ball Lightning","Cold Snap"],"picked":"SKIP","floor":18},{"not_picked":["Cold Snap","Go for the Eyes","Streamline"],"picked":"SKIP","floor":19},{"not_picked":["Thunder Strike","Redo"],"picked":"Melter","floor":21}],"player_experience":159244,"relics_obtained":[{"floor":9,"key":"Matryoshka"}],"event_choices":[{"damage_healed":0,"gold_gain":0,"player_choice":"Grow","damage_taken":0,"max_hp_gain":0,"max_hp_loss":0,"event_name":"Living Wall","floor":4,"gold_loss":0,"cards_upgraded":["Zap"]},{"damage_healed":0,"gold_gain":0,"player_choice":"Entered Light","damage_taken":15,"max_hp_gain":0,"max_hp_loss":0,"event_name":"Shining Light","floor":7,"gold_loss":0,"cards_upgraded":["Defend_B","Strike_B"]},{"damage_healed":0,"gold_gain":0,"player_choice":"Take Damage","damage_taken":18,"relics_obtained":["Golden Idol"],"max_hp_gain":0,"max_hp_loss":0,"event_name":"Golden Idol","floor":13,"gold_loss":0},{"damage_healed":0,"gold_gain":175,"player_choice":"AGREE","damage_taken":0,"max_hp_gain":0,"max_hp_loss":0,"event_name":"Liars Game","floor":14,"gold_loss":0,"cards_obtained":["Doubt"]},{"damage_healed":0,"gold_gain":0,"player_choice":"Ignored","damage_taken":0,"max_hp_gain":0,"max_hp_loss":0,"event_name":"N\u0027loth","floor":20,"gold_loss":0}],"is_beta":false,"boss_relics":[{"not_picked":["Lizard Tail","Busted Crown"],"picked":"Velvet Choker"}],"items_purged_floors":[2,5,22],"is_endless":false,"potions_floor_spawned":[1,3,16,18,21],"killed_by":"Slavers","ascension_level":5}