{"gold_per_floor":[360,374,71,91,91,91,118,118,141,152,175,275,124,139,139,235,235,250,266,266,278,298,298,329,329,383,396,415,415,315,325,325,422,422,441,176,189,39,39,39,68,82,159,159],"floor_reached":44,"playtime":4525,"items_purged":["Strike_B","Lockon","Deep Breath","Rip and Tear"],"score":780,"play_id":"b6649644-c569-453f-a0a5-db020836bcd5","local_time":"20190317202434","is_ascension_mode":true,"campfire_choices":[{"data":"Zap","floor":6,"key":"SMITH"},{"data":"White Noise","floor":8,"key":"SMITH"},{"data":"Chill","floor":15,"key":"SMITH"},{"data":"Buffer","floor":23,"key":"SMITH"},{"data":"Consume","floor":29,"key":"SMITH"},{"data":"Sunder","floor":32,"key":"SMITH"},{"data":"Echo Form","floor":40,"key":"SMITH"}],"neow_cost":"PERCENT_DAMAGE","seed_source_timestamp":1143915837438196,"circlet_count":0,"master_deck":["AscendersBane","Zap+1","Dualcast","Self Repair","White Noise+1","White Noise+1","Chill+1","Buffer+1","Redo","Core Surge","Amplify","Rainbow","Machine Learning","Conserve Battery","Cold Snap","Sunder+1","Consume+1","Electrodynamics","Coolheaded+1","Echo Form+1"],"relics":["Cracked Core","Ice Cream","Ancient Tea Set","Bag of Preparation","Centennial Puzzle","Pandora\u0027s Box","Dodecahedron","Lantern","Inserter","Vajra","Frozen Egg 2"],"potions_floor_usage":[7,16,27,31,33,37,39],"damage_taken":[{"damage":0,"enemies":"Cultist","floor":1,"turns":3},{"damage":2,"enemies":"Jaw Worm","floor":2,"turns":5},{"damage":0,"enemies":"Small Slimes","floor":4,"turns":3},{"damage":14,"enemies":"Lagavulin","floor":7,"turns":7},{"damage":8,"enemies":"Gremlin Gang","floor":10,"turns":5},{"damage":0,"enemies":"2 Fungi Beasts","floor":14,"turns":4},{"damage":44,"enemies":"Slime Boss","floor":16,"turns":10},{"damage":0,"enemies":"Spheric Guardian","floor":18,"turns":4},{"damage":5,"enemies":"Chosen","floor":19,"turns":3},{"damage":0,"enemies":"Centurion and Healer","floor":21,"turns":4},{"damage":24,"enemies":"3 Cultists","floor":22,"turns":6},{"damage":9,"enemies":"Slavers","floor":24,"turns":5},{"damage":0,"enemies":"Snecko","floor":27,"turns":6},{"damage":11,"enemies":"Centurion and Healer","floor":28,"turns":6},{"damage":0,"enemies":"Cultist and Chosen","floor":31,"turns":6},{"damage":38,"enemies":"Champ","floor":33,"turns":16},{"damage":0,"enemies":"3 Shapes","floor":35,"turns":3},{"damage":37,"enemies":"Orb Walker","floor":37,"turns":5},{"damage":0,"enemies":"Spire Growth","floor":39,"turns":2},{"damage":0,"enemies":"Giant Head","floor":41,"turns":13},{"damage":59,"enemies":"3 Darklings","floor":42,"turns":4},{"damage":18,"enemies":"Reptomancer","floor":44,"turns":2}],"seed_played":"2639813051477883567","potions_obtained":[{"floor":2,"key":"Dexterity Potion"},{"floor":10,"key":"Dexterity Potion"},{"floor":16,"key":"FearPotion"},{"floor":19,"key":"Dexterity Potion"},{"floor":21,"key":"FocusPotion"},{"floor":31,"key":"Fruit Juice"},{"floor":33,"key":"LiquidBronze"},{"floor":35,"key":"FearPotion"},{"floor":37,"key":"SmokeBomb"}],"is_trial":false,"path_per_floor":["M","M","$","M","?","R","E","R","T","M","T","?","$","M","R","B",null,"M","M","?","M","M","R","E","?","T","M","M","R","$","M","R","B",null,"M","$","M","$","M","R","E","M","T","E"],"character_chosen":"DEFECT","items_purchased":["Ice Cream","Chill","Echo Form"],"campfire_rested":0,"item_purchase_floors":[3,13,36],"current_hp_per_floor":[50,55,55,62,62,62,55,55,55,54,54,54,54,61,61,24,62,69,75,75,75,58,58,63,63,63,70,73,73,73,80,80,49,72,79,79,56,56,63,63,77,18,18,0],"gold":159,"neow_bonus":"TWO_FIFTY_GOLD","is_prod":false,"is_daily":false,"chose_seed":false,"campfire_upgraded":7,"win_rate":0,"timestamp":1552868674,"path_taken":["M","M","?","?","?","R","E","R","T","?","?","?","$","M","R","BOSS","M","?","?","?","M","R","E","?","T","M","?","R","?","M","R","BOSS","M","$","M","?","M","R","E","M","T","E"],"build_version":"2019-01-23","purchased_purges":4,"victory":false,"max_hp_per_floor":[75,75,75,75,75,75,75,75,75,75,75,75,75,75,75,75,75,75,75,75,75,75,75,75,75,75,75,75,75,75,80,80,80,80,80,80,80,80,80,80,80,80,80,80],"card_choices":[{"not_picked":["Rebound","Genetic Algorithm"],"picked":"Self Repair","floor":1},{"not_picked":["Heatsinks","Hologram","Stack"],"picked":"SKIP","floor":2},{"not_picked":["Double Energy","Static Discharge"],"picked":"White Noise","floor":4},{"not_picked":["Sweeping Beam","Turbo"],"picked":"White Noise","floor":7},{"not_picked":["Barrage","Undo","Hologram"],"picked":"SKIP","floor":10},{"not_picked":["Steam Power","Doom and Gloom","Rebound"],"picked":"SKIP","floor":14},{"not_picked":["Multi-Cast","Meteor Strike"],"picked":"Buffer","floor":16},{"not_picked":["Steam","Rebound","Coolheaded"],"picked":"SKIP","floor":18},{"not_picked":["Beam Cell+1","Go for the Eyes"],"picked":"Conserve Battery","floor":19},{"not_picked":["Force Field","Stack"],"picked":"Sunder","floor":21},{"not_picked":["Sweeping Beam+1","Chaos","Gash"],"picked":"SKIP","floor":22},{"not_picked":["Stack+1","Go for the Eyes","Auto Shields"],"picked":"SKIP","floor":24},{"not_picked":["Sweeping Beam","Steam","Turbo"],"picked":"SKIP","floor":27},{"not_picked":["Sweeping Beam+1","Reprogram"],"picked":"Consume","floor":28},{"not_picked":["Hello World","Coolheaded","Chaos"],"picked":"SKIP","floor":31},{"not_picked":["Meteor Strike","Thunder Strike"],"picked":"Electrodynamics","floor":33},{"not_picked":["Leap","Compile Driver+1"],"picked":"Coolheaded+1","floor":35},{"not_picked":["Skim+1","Melter","Barrage"],"picked":"SKIP","floor":37},{"not_picked":["Turbo","Conserve Battery","Barrage+1"],"picked":"SKIP","floor":41},{"not_picked":["Storm","Redo","Gash"],"picked":"SKIP","floor":42}],"player_experience":783994,"relics_obtained":[{"floor":7,"key":"Ancient Tea Set"},{"floor":9,"key":"Bag of Preparation"},{"floor":11,"key":"Centennial Puzzle"},{"floor":24,"key":"Dodecahedron"},{"floor":26,"key":"Lantern"},{"floor":41,"key":"Vajra"},{"floor":43,"key":"Frozen Egg 2"}],"event_choices":[{"damage_healed":0,"gold_gain":0,"player_choice":"Forge","damage_taken":0,"max_hp_gain":0,"max_hp_loss":0,"event_name":"Accursed Blacksmith","floor":5,"gold_loss":0,"cards_upgraded":["White Noise"]},{"damage_healed":0,"gold_gain":100,"player_choice":"Pray","damage_taken":0,"max_hp_gain":0,"max_hp_loss":0,"event_name":"Golden Shrine","floor":12,"gold_loss":0},{"damage_healed":0,"gold_gain":0,"player_choice":"2 cards matched","damage_taken":0,"max_hp_gain":0,"max_hp_loss":0,"event_name":"Match and Keep!","floor":20,"gold_loss":0,"cards_obtained":["Deep Breath","Cold Snap"]},{"damage_healed":0,"gold_gain":0,"player_choice":"Bought 0 Potions","damage_taken":0,"max_hp_gain":0,"max_hp_loss":0,"event_name":"The Woman in Blue","floor":25,"gold_loss":0}],"is_beta":false,"boss_relics":[{"not_picked":["Ectoplasm","Empty Cage"],"picked":"Pandora\u0027s Box"},{"not_picked":["Coffee Dripper","White Beast Statue"],"picked":"Inserter"}],"items_purged_floors":[13,30,36,38],"is_endless":false,"potions_floor_spawned":[2,10,16,19,21,22,31,33,35,37],"killed_by":"Reptomancer","ascension_level":11}