{"gold_per_floor":[219,219,33,33,50,76,87,87,87,101,101,156,156,169,169,272,272,292,292,68,80,80,115,115,115,115,115,130,146,61,78,78,175,175,188,198,215,140,140,140,160,170,170,187,187,187,206,206,206,206],"floor_reached":50,"playtime":3968,"items_purged":["Normality"],"score":514,"play_id":"c6933b6b-27ca-45fa-a0b7-25c22500212f","local_time":"20190403114140","is_ascension_mode":false,"campfire_choices":[{"data":"Anger","floor":8,"key":"SMITH"},{"data":"Seeing Red","floor":13,"key":"SMITH"},{"floor":15,"key":"REST"},{"floor":25,"key":"REST"},{"data":"Perfected Strike","floor":27,"key":"SMITH"},{"floor":32,"key":"REST"},{"floor":40,"key":"REST"},{"floor":45,"key":"REST"},{"floor":49,"key":"REST"}],"neow_cost":"NONE","seed_source_timestamp":483974575114594,"circlet_count":0,"master_deck":["Strike_R","Strike_R","Strike_R","Strike_R","Strike_R","Defend_R","Defend_R","Anger+1","Panache","Cleave","Uppercut","Searing Blow","Searing Blow","Seeing Red+1","Battle Trance","Double Tap","Perfected Strike+1","Pommel Strike","Rage","Writhe","Perfected Strike","Anger+1","Impervious","Feed+1","Impervious+1","Streamline+1","Parasite","Perfected Strike","Madness","Madness","Blade Dance+1","Panacea","Iron Wave","Streamline+1"],"relics":["Burning Blood","Self Forming Clay","Darkstone Periapt","Happy Flower","Vajra","Cursed Key","PrismaticShard","Boot","Gambling Chip","Letter Opener","Oddly Smooth Stone","Astrolabe","Ice Cream"],"potions_floor_usage":[6,16,33,33,33,50,50,50],"damage_taken":[{"damage":0,"enemies":"Small Slimes","floor":1,"turns":3},{"damage":1,"enemies":"2 Louse","floor":5,"turns":3},{"damage":13,"enemies":"Gremlin Nob","floor":6,"turns":4},{"damage":0,"enemies":"Cultist","floor":7,"turns":2},{"damage":10,"enemies":"3 Louse","floor":10,"turns":4},{"damage":22,"enemies":"3 Sentries","floor":12,"turns":6},{"damage":12,"enemies":"2 Fungi Beasts","floor":14,"turns":3},{"damage":51,"enemies":"Hexaghost","floor":16,"turns":9},{"damage":5,"enemies":"Spheric Guardian","floor":18,"turns":3},{"damage":12,"enemies":"Shell Parasite","floor":21,"turns":3},{"damage":34,"enemies":"Slavers","floor":23,"turns":4},{"damage":10,"enemies":"3 Cultists","floor":28,"turns":4},{"damage":20,"enemies":"Sentry and Sphere","floor":29,"turns":4},{"damage":10,"enemies":"Cultist and Chosen","floor":31,"turns":4},{"damage":63,"enemies":"Automaton","floor":33,"turns":9},{"damage":0,"enemies":"Orb Walker","floor":35,"turns":3},{"damage":25,"enemies":"3 Darklings","floor":36,"turns":9},{"damage":36,"enemies":"Writhing Mass","floor":37,"turns":5},{"damage":53,"enemies":"4 Shapes","floor":41,"turns":5},{"damage":6,"enemies":"3 Darklings","floor":42,"turns":4},{"damage":1,"enemies":"Transient","floor":44,"turns":5},{"damage":8,"enemies":"Spire Growth","floor":47,"turns":4},{"damage":120,"enemies":"Time Eater","floor":50,"turns":10}],"seed_played":"-6860468544149932405","potions_obtained":[{"floor":1,"key":"EssenceOfSteel"},{"floor":10,"key":"Fire Potion"},{"floor":16,"key":"Energy Potion"},{"floor":18,"key":"Energy Potion"},{"floor":28,"key":"PowerPotion"},{"floor":33,"key":"Ancient Potion"},{"floor":36,"key":"Strength Potion"},{"floor":44,"key":"Ancient Potion"}],"is_trial":false,"path_per_floor":["M","?","$","?","M","E","M","R","T","M","?","?","R","M","R","B",null,"M","?","$","M","?","E","?","R","T","R","M","M","?","M","R","B",null,"M","M","M","$","?","R","M","M","T","M","R","?","M","?","R","B"],"character_chosen":"IRONCLAD","items_purchased":["Panache","PrismaticShard","Pommel Strike"],"campfire_rested":6,"item_purchase_floors":[3,20,20],"current_hp_per_floor":[80,85,85,85,85,78,84,84,84,80,77,61,61,55,80,35,85,85,85,85,79,85,57,57,84,90,90,86,72,72,68,97,40,103,107,88,64,64,50,83,36,36,42,47,82,82,84,84,120,0],"gold":206,"neow_bonus":"HUNDRED_GOLD","is_prod":false,"is_daily":false,"chose_seed":false,"campfire_upgraded":3,"win_rate":0,"timestamp":1554306100,"path_taken":["M","?","$","?","M","E","M","R","T","M","?","?","R","M","R","BOSS","M","?","$","M","?","E","?","R","T","R","M","M","?","M","R","BOSS","M","M","M","$","?","R","M","M","T","M","R","?","?","?","R","BOSS"],"build_version":"2019-01-23","purchased_purges":1,"victory":false,"max_hp_per_floor":[80,85,85,85,85,85,85,85,85,85,85,85,85,85,85,85,85,85,85,85,85,91,91,91,91,97,97,97,97,97,97,97,97,103,107,107,113,113,113,113,113,113,119,119,119,116,120,120,120,120],"card_choices":[{"not_picked":["Uppercut","Iron Wave"],"picked":"Anger","floor":1},{"not_picked":["Thunderclap","Berserk"],"picked":"Cleave","floor":5},{"not_picked":["Bloodletting","Clash"],"picked":"Uppercut","floor":6},{"not_picked":["Headbutt","Twin Strike"],"picked":"Searing Blow","floor":7},{"not_picked":["Metallicize","Rupture"],"picked":"Searing Blow","floor":10},{"not_picked":["Armaments","True Grit"],"picked":"Seeing Red","floor":12},{"not_picked":["Warcry","Rupture"],"picked":"Battle Trance","floor":14},{"not_picked":["Exhume","Bludgeon"],"picked":"Double Tap","floor":16},{"not_picked":["Wild Strike","Evolve"],"picked":"Perfected Strike","floor":18},{"not_picked":["Stack+1","Jack Of All Trades"],"picked":"Rage","floor":21},{"not_picked":["Hologram+1","Warcry","Sucker Punch"],"picked":"SKIP","floor":23},{"not_picked":["Headbutt","Compile Driver","PiercingWail"],"picked":"SKIP","floor":28},{"not_picked":["Seeing Red","Go for the Eyes"],"picked":"Anger+1","floor":29},{"not_picked":["Storm","Distraction","Havoc"],"picked":"SKIP","floor":31},{"not_picked":["Unload","Fission"],"picked":"Impervious","floor":33},{"not_picked":["Warcry","Thunderclap","Leap"],"picked":"SKIP","floor":35},{"not_picked":["Go for the Eyes+1","Dodge and Roll"],"picked":"Streamline+1","floor":36},{"not_picked":["Reinforced Body+1","Compile Driver"],"picked":"Perfected Strike","floor":37},{"not_picked":["Sucker Punch+1","Multi-Cast"],"picked":"Blade Dance+1","floor":41},{"not_picked":["Rip and Tear","Lockon","BootSequence"],"picked":"SKIP","floor":42},{"not_picked":["Sword Boomerang","Calculated Gamble"],"picked":"Panacea","floor":44},{"not_picked":["Leap+1","Armaments+1"],"picked":"Streamline+1","floor":47}],"player_experience":21704,"relics_obtained":[{"floor":6,"key":"Self Forming Clay"},{"floor":9,"key":"Darkstone Periapt"},{"floor":23,"key":"Gambling Chip"},{"floor":26,"key":"Letter Opener"},{"floor":43,"key":"Ice Cream"}],"event_choices":[{"damage_healed":0,"gold_gain":0,"player_choice":"Donut","damage_taken":0,"max_hp_gain":5,"max_hp_loss":0,"event_name":"Big Fish","floor":2,"gold_loss":0},{"damage_healed":0,"gold_gain":0,"player_choice":"Leave","damage_taken":0,"max_hp_gain":0,"max_hp_loss":0,"event_name":"The Cleric","floor":4,"gold_loss":0},{"damage_healed":0,"gold_gain":0,"player_choice":"Success","damage_taken":3,"relics_obtained":["Happy Flower"],"max_hp_gain":0,"max_hp_loss":0,"event_name":"Scrap Ooze","floor":11,"gold_loss":0},{"damage_healed":0,"gold_gain":30,"player_choice":"Searched \u00273\u0027 times","damage_taken":0,"relics_obtained":["Vajra"],"max_hp_gain":0,"max_hp_loss":0,"event_name":"Dead Adventurer","floor":12,"gold_loss":0},{"damage_healed":0,"gold_gain":0,"player_choice":"Ignored","damage_taken":0,"max_hp_gain":0,"max_hp_loss":0,"event_name":"Vampires","floor":19,"gold_loss":0},{"damage_healed":0,"gold_gain":0,"player_choice":"Opened","damage_taken":0,"relics_obtained":["Boot"],"max_hp_gain":0,"max_hp_loss":0,"event_name":"The Mausoleum","floor":22,"gold_loss":0,"cards_obtained":["Writhe"]},{"damage_healed":0,"gold_gain":0,"player_choice":"Read","damage_taken":0,"max_hp_gain":0,"max_hp_loss":0,"event_name":"The Library","floor":24,"gold_loss":0,"cards_obtained":["Perfected Strike"]},{"damage_healed":0,"gold_gain":0,"player_choice":"Obtained Relic","damage_taken":0,"relics_obtained":["Oddly Smooth Stone"],"max_hp_gain":0,"max_hp_loss":0,"event_name":"Addict","floor":30,"gold_loss":85},{"damage_healed":0,"gold_gain":0,"player_choice":"Embrace Madness","damage_taken":14,"max_hp_gain":0,"max_hp_loss":0,"event_name":"Winding Halls","floor":39,"gold_loss":0,"cards_obtained":["Madness","Madness"]},{"cards_removed":["Parasite"],"damage_healed":0,"gold_gain":0,"player_choice":"Took Card","damage_taken":0,"max_hp_gain":0,"max_hp_loss":0,"event_name":"NoteForYourself","floor":46,"gold_loss":0,"cards_obtained":["Iron Wave"]},{"cards_removed":["Defend_R"],"damage_healed":0,"gold_gain":0,"player_choice":"Removed Skill","damage_taken":0,"max_hp_gain":0,"max_hp_loss":0,"event_name":"Falling","floor":48,"gold_loss":0}],"is_beta":false,"boss_relics":[{"not_picked":["Black Star","Tiny House"],"picked":"Cursed Key"},{"not_picked":["Coffee Dripper","Velvet Choker"],"picked":"Astrolabe"}],"items_purged_floors":[38],"is_endless":false,"potions_floor_spawned":[1,10,16,18,28,33,36,44],"killed_by":"Time Eater","ascension_level":0}