{"gold_per_floor":[214,227,18,29,43,43,70,70,97,125,125,138,138,155,155,259,259,272,68,80,90,104,137,149,149,149,168,193,50,50,50,50,151,151,169,189,234,246,246,246,260,260,287,287,306,306,184,184,184,184],"floor_reached":51,"playtime":2021,"items_purged":["Strike_R"],"score":726,"play_id":"13646a8a-70fb-4487-9453-fa8cd31e12d1","local_time":"20190422164523","is_ascension_mode":false,"campfire_choices":[{"data":"Flame Barrier","floor":6,"key":"SMITH"},{"floor":8,"key":"REST"},{"data":"Heavy Blade","floor":11,"key":"SMITH"},{"data":"Infernal Blade","floor":15,"key":"SMITH"},{"floor":30,"key":"REST"},{"floor":32,"key":"REST"},{"data":"Uppercut","floor":40,"key":"SMITH"},{"floor":42,"key":"REST"},{"data":"Heavy Blade","floor":49,"key":"SMITH"}],"neow_cost":"NONE","seed_source_timestamp":596179391492000,"circlet_count":0,"master_deck":["Strike_R","Strike_R","Strike_R","Strike_R","Defend_R","Defend_R","Defend_R","Defend_R","Bash","Shrug It Off","Flame Barrier+1","Intimidate","Metallicize","Uppercut+1","Heavy Blade+1","Seeing Red","Infernal Blade+1","Reaper","Rebound+1","FTL","Streamline+1","Seek","Conserve Battery+1","Twin Strike+1","Heavy Blade+1"],"relics":["Burning Blood","Brimstone","Dream Catcher","Anchor","Omamori","Sozu","PrismaticShard","Ancient Tea Set","Matryoshka","Boot","Bag of Marbles","Incense Burner","Busted Crown","Ginger","Blue Candle","Vajra","Toxic Egg 2","Mercury Hourglass"],"potions_floor_usage":[44,50,50],"damage_taken":[{"damage":6,"enemies":"Cultist","floor":1,"turns":3},{"damage":0,"enemies":"2 Louse","floor":2,"turns":2},{"damage":7,"enemies":"Jaw Worm","floor":4,"turns":4},{"damage":8,"enemies":"3 Louse","floor":5,"turns":3},{"damage":35,"enemies":"Lagavulin","floor":7,"turns":6},{"damage":12,"enemies":"3 Sentries","floor":10,"turns":6},{"damage":5,"enemies":"Blue Slaver","floor":12,"turns":3},{"damage":7,"enemies":"2 Fungi Beasts","floor":14,"turns":3},{"damage":3,"enemies":"Slime Boss","floor":16,"turns":7},{"damage":8,"enemies":"Shell Parasite","floor":18,"turns":3},{"damage":0,"enemies":"Spheric Guardian","floor":20,"turns":3},{"damage":10,"enemies":"Snecko","floor":21,"turns":3},{"damage":3,"enemies":"Cultist and Chosen","floor":22,"turns":4},{"damage":11,"enemies":"Slavers","floor":23,"turns":4},{"damage":29,"enemies":"Chosen and Byrds","floor":24,"turns":6},{"damage":20,"enemies":"3 Cultists","floor":27,"turns":4},{"damage":62,"enemies":"Book of Stabbing","floor":28,"turns":5},{"damage":40,"enemies":"Automaton","floor":33,"turns":7},{"damage":22,"enemies":"3 Darklings","floor":35,"turns":6},{"damage":1,"enemies":"Orb Walker","floor":36,"turns":2},{"damage":13,"enemies":"2 Orb Walkers","floor":37,"turns":4},{"damage":34,"enemies":"Maw","floor":38,"turns":5},{"damage":21,"enemies":"Sphere and 2 Shapes","floor":41,"turns":4},{"damage":0,"enemies":"Writhing Mass","floor":44,"turns":1},{"damage":26,"enemies":"4 Shapes","floor":45,"turns":5},{"damage":31,"enemies":"Donu and Deca","floor":50,"turns":5}],"seed_played":"-7530516690820441858","potions_obtained":[{"floor":4,"key":"SmokeBomb"},{"floor":5,"key":"Ancient Potion"},{"floor":7,"key":"Strength Potion"}],"is_trial":false,"path_per_floor":["M","M","$","M","M","R","E","R","T","E","R","M","?","M","R","B",null,"M","$","M","M","M","E","M","?","T","M","E","$","R","?","R","B",null,"M","M","?","M","?","R","M","R","T","M","M","T","$","?","R","B",null],"character_chosen":"IRONCLAD","items_purchased":["Brimstone","PrismaticShard","Bag of Marbles","Heavy Blade"],"campfire_rested":4,"item_purchase_floors":[3,19,29,47],"current_hp_per_floor":[80,80,80,79,77,77,48,72,72,66,66,67,67,66,66,69,80,78,78,80,76,79,80,59,80,80,66,10,10,34,34,58,46,80,80,80,73,63,63,63,48,72,72,78,58,58,58,78,78,53],"gold":184,"neow_bonus":"HUNDRED_GOLD","is_prod":false,"is_daily":false,"chose_seed":false,"campfire_upgraded":5,"win_rate":0,"timestamp":1555965923,"path_taken":["M","M","$","?","?","R","E","R","T","E","R","M","?","M","R","BOSS","M","$","?","M","M","E","M","?","T","M","E","$","R","?","R","BOSS","M","M","?","M","?","R","M","R","T","M","M","?","$","?","R","BOSS"],"build_version":"2019-01-23","purchased_purges":1,"victory":true,"max_hp_per_floor":[80,80,80,80,80,80,80,80,80,80,80,80,80,80,80,80,80,80,80,80,80,80,80,80,80,80,80,80,80,80,80,80,80,80,80,80,80,80,80,80,80,80,80,80,80,80,80,80,80,80],"card_choices":[{"not_picked":["Sword Boomerang","Intimidate"],"picked":"Shrug It Off","floor":1},{"not_picked":["Anger","Armaments"],"picked":"Flame Barrier","floor":2},{"not_picked":["Shrug It Off","Wild Strike"],"picked":"Intimidate","floor":4},{"not_picked":["True Grit","Cleave"],"picked":"Metallicize","floor":5},{"not_picked":["Demon Form","Second Wind"],"picked":"Uppercut","floor":7},{"not_picked":["Armaments","Disarm"],"picked":"Heavy Blade","floor":8},{"not_picked":["Shrug It Off","Rage","Clothesline"],"picked":"SKIP","floor":10},{"not_picked":["Flex","Iron Wave"],"picked":"Seeing Red","floor":12},{"not_picked":["Reckless Charge","Flex"],"picked":"Infernal Blade","floor":14},{"not_picked":["Berserk","Dark Embrace"],"picked":"Reaper","floor":16},{"not_picked":["Sentinel","Dual Wield+1","Anger"],"picked":"SKIP","floor":18},{"not_picked":["Beam Cell","Outmaneuver"],"picked":"Rebound+1","floor":20},{"not_picked":["Leap","Deep Breath","Wild Strike"],"picked":"SKIP","floor":21},{"not_picked":["Conserve Battery","Body Slam","Defragment+1"],"picked":"SKIP","floor":22},{"not_picked":["Sucker Punch","Poisoned Stab","Tools of the Trade"],"picked":"SKIP","floor":23},{"not_picked":["Reckless Charge","Conserve Battery+1"],"picked":"FTL","floor":24},{"not_picked":["Sucker Punch","Flex","Clothesline+1"],"picked":"SKIP","floor":27},{"not_picked":["Barrage","Heel Hook+1","Bludgeon"],"picked":"SKIP","floor":28},{"not_picked":["Masterful Stab","Rebound"],"picked":"Streamline+1","floor":30},{"not_picked":["Offering","Master of Strategy"],"picked":"Seek","floor":33},{"not_picked":["Thunderclap"],"picked":"SKIP","floor":35},{"not_picked":["Twin Strike+1"],"picked":"SKIP","floor":36},{"not_picked":[],"picked":"Conserve Battery+1","floor":38},{"not_picked":["Expertise"],"picked":"SKIP","floor":41},{"not_picked":[],"picked":"Twin Strike+1","floor":45}],"player_experience":214944,"relics_obtained":[{"floor":7,"key":"Dream Catcher"},{"floor":9,"key":"Anchor"},{"floor":10,"key":"Omamori"},{"floor":23,"key":"Ancient Tea Set"},{"floor":26,"key":"Matryoshka"},{"floor":28,"key":"Boot"},{"floor":37,"key":"Ginger"},{"floor":43,"key":"Blue Candle"},{"floor":43,"key":"Vajra"},{"floor":46,"key":"Toxic Egg 2"},{"floor":46,"key":"Mercury Hourglass"}],"event_choices":[{"damage_healed":0,"gold_gain":0,"player_choice":"Got Potions","damage_taken":0,"max_hp_gain":0,"max_hp_loss":0,"event_name":"Lab","floor":13,"gold_loss":0},{"damage_healed":26,"gold_gain":0,"player_choice":"Heal","damage_taken":0,"max_hp_gain":0,"max_hp_loss":0,"event_name":"The Library","floor":25,"gold_loss":0},{"damage_healed":0,"gold_gain":0,"player_choice":"Stole Relic","damage_taken":0,"relics_obtained":["Incense Burner"],"max_hp_gain":0,"max_hp_loss":0,"event_name":"Addict","floor":31,"gold_loss":0,"cards_obtained":["Shame"]},{"damage_healed":0,"gold_gain":0,"player_choice":"Fight","damage_taken":0,"max_hp_gain":0,"max_hp_loss":0,"event_name":"Mysterious Sphere","floor":37,"gold_loss":0},{"damage_healed":0,"gold_gain":0,"player_choice":"Ignored","damage_taken":0,"max_hp_gain":0,"max_hp_loss":0,"event_name":"Tomb of Lord Red Mask","floor":39,"gold_loss":0},{"damage_healed":20,"gold_gain":0,"player_choice":"Writhe","damage_taken":0,"max_hp_gain":0,"max_hp_loss":0,"event_name":"Winding Halls","floor":48,"gold_loss":0,"cards_obtained":["Writhe"]}],"is_beta":false,"boss_relics":[{"not_picked":["Black Star","White Beast Statue"],"picked":"Sozu"},{"not_picked":["Orrery","Black Blood"],"picked":"Busted Crown"}],"items_purged_floors":[47],"is_endless":false,"potions_floor_spawned":[4,5,7,14,18,20,22,28,37,41,44],"ascension_level":0}