{"gold_per_floor":[360,209,219,219,229,261,261,336,390,425,438,470,488,513,513,613,613,553,553,553,173,184,184,213,213,237,14,14,414,449,481,481,585,585,599,243,243,243,258,258,283,283,306,306,333,348,348,362,362,362],"floor_reached":51,"playtime":4325,"items_purged":["Parasite","Strike_B","Strike_B"],"score":1427,"play_id":"33b838e5-5ced-41e9-9aaa-9887ed76cc3f","local_time":"20190317213727","is_ascension_mode":true,"campfire_choices":[{"data":"Defragment","floor":7,"key":"SMITH"},{"floor":15,"key":"REST"},{"floor":23,"key":"REST"},{"data":"Glacier","floor":25,"key":"SMITH"},{"data":"Chill","floor":28,"key":"SMITH"},{"data":"White Noise","floor":32,"key":"SMITH"},{"data":"Defragment","floor":40,"key":"SMITH"},{"data":"Enlightenment","floor":42,"key":"SMITH"},{"data":"Zap","floor":49,"key":"SMITH"}],"neow_cost":"CURSE","seed_source_timestamp":1148475931171279,"circlet_count":0,"master_deck":["AscendersBane","Defend_B","Defend_B","Defend_B","Defend_B","Zap+1","Chill+1","Glacier","Defragment+1","Multi-Cast","Glacier+1","FTL","Cold Snap","Loop","Core Surge","White Noise+1","Electrodynamics","Defragment+1","Defragment+1","Chill","Defragment+1","Enlightenment+1","Bandage Up","Chill","Madness","Madness"],"relics":["Cracked Core","DataDisk","PreservedInsect","Oddly Smooth Stone","Strawberry","Bottled Flame","Black Star","Enchiridion","Membership Card","Letter Opener","Boot","Incense Burner","Pen Nib","DollysMirror","Mercury Hourglass","Old Coin","Kunai","Red Mask","Gremlin Horn","Mango","Eternal Feather","Bronze Scales","Potion Belt","Strange Spoon","Sundial","Orichalcum","Bag of Marbles","Smiling Mask","Ancient Tea Set"],"potions_floor_usage":[14,16,18,45,45,50],"damage_taken":[{"damage":7,"enemies":"Jaw Worm","floor":1,"turns":3},{"damage":0,"enemies":"Cultist","floor":3,"turns":5},{"damage":7,"enemies":"2 Louse","floor":5,"turns":5},{"damage":20,"enemies":"3 Sentries","floor":6,"turns":17},{"damage":0,"enemies":"Lagavulin","floor":10,"turns":10},{"damage":0,"enemies":"Red Slaver","floor":11,"turns":4},{"damage":7,"enemies":"Gremlin Nob","floor":12,"turns":5},{"damage":0,"enemies":"Large Slime","floor":13,"turns":7},{"damage":0,"enemies":"Lagavulin","floor":14,"turns":7},{"damage":18,"enemies":"The Guardian","floor":16,"turns":16},{"damage":8,"enemies":"2 Thieves","floor":18,"turns":4},{"damage":6,"enemies":"Chosen","floor":22,"turns":5},{"damage":9,"enemies":"Gremlin Leader","floor":24,"turns":6},{"damage":1,"enemies":"Colosseum Slavers","floor":29,"turns":4},{"damage":0,"enemies":"Colosseum Nobs","floor":29,"turns":3},{"damage":0,"enemies":"Masked Bandits","floor":30,"turns":2},{"damage":3,"enemies":"Slavers","floor":31,"turns":2},{"damage":0,"enemies":"Champ","floor":33,"turns":10},{"damage":0,"enemies":"3 Darklings","floor":35,"turns":4},{"damage":0,"enemies":"Orb Walker","floor":39,"turns":4},{"damage":0,"enemies":"Giant Head","floor":41,"turns":10},{"damage":31,"enemies":"Nemesis","floor":45,"turns":7},{"damage":0,"enemies":"Sphere and 2 Shapes","floor":46,"turns":3},{"damage":0,"enemies":"4 Shapes","floor":48,"turns":3},{"damage":21,"enemies":"Awakened One","floor":50,"turns":10}],"seed_played":"-7707353537545384452","potions_obtained":[{"floor":1,"key":"FearPotion"},{"floor":10,"key":"SpeedPotion"},{"floor":13,"key":"PowerPotion"},{"floor":16,"key":"FearPotion"},{"floor":24,"key":"AttackPotion"},{"floor":29,"key":"SteroidPotion"},{"floor":31,"key":"Explosive Potion"},{"floor":41,"key":"Weak Potion"},{"floor":48,"key":"Energy Potion"}],"is_trial":false,"path_per_floor":["M","$","M","?","M","E","R","?","T","E","M","E","M","E","R","B",null,"M","?","?","$","M","R","E","R","T","$","R","?","?","E","R","B",null,"M","$","?","?","M","R","E","R","T","?","E","M","?","M","R","B",null],"character_chosen":"DEFECT","items_purchased":["Glacier","Membership Card","Letter Opener","DollysMirror","Mercury Hourglass","Defragment","Bronze Scales","Potion Belt","Strange Spoon"],"campfire_rested":2,"item_purchase_floors":[2,21,21,27,27,36,36,36,36],"current_hp_per_floor":[61,61,61,61,54,34,34,27,27,27,27,27,27,27,50,32,67,59,43,28,28,22,47,38,38,38,38,38,37,37,48,48,48,86,86,86,76,76,80,92,96,98,98,86,59,63,63,67,82,65],"gold":362,"neow_bonus":"TWO_FIFTY_GOLD","is_prod":false,"is_daily":false,"chose_seed":false,"campfire_upgraded":7,"win_rate":0,"timestamp":1552873047,"path_taken":["M","$","M","?","?","E","R","?","T","E","M","E","?","E","R","BOSS","M","?","?","$","M","R","E","R","T","$","R","?","?","E","R","BOSS","M","$","?","?","M","R","E","R","T","?","E","M","?","M","R","BOSS"],"build_version":"2019-01-23","purchased_purges":3,"victory":true,"max_hp_per_floor":[75,72,72,72,72,72,72,72,72,72,72,79,79,79,79,79,79,79,79,84,84,84,84,84,84,84,84,84,84,84,98,98,98,98,98,98,98,98,98,98,98,98,98,98,98,98,98,98,98,98],"card_choices":[{"not_picked":["Turbo","Hello World"],"picked":"Chill","floor":1},{"not_picked":["Double Energy","Skim"],"picked":"Defragment","floor":3},{"not_picked":["Go for the Eyes","Reprogram","Stack"],"picked":"SKIP","floor":5},{"not_picked":["Capacitor","Steam Power"],"picked":"Glacier","floor":6},{"not_picked":["Hello World","Double Energy"],"picked":"FTL","floor":10},{"not_picked":["Barrage","Steam"],"picked":"Cold Snap","floor":11},{"not_picked":["Steam","Leap"],"picked":"Loop","floor":12},{"not_picked":["Darkness","Barrage"],"picked":"Core Surge","floor":13},{"not_picked":["Streamline","Stack"],"picked":"White Noise","floor":14},{"not_picked":["Buffer","Fission"],"picked":"Electrodynamics","floor":16},{"not_picked":["Leap","Compile Driver","Turbo"],"picked":"SKIP","floor":18},{"not_picked":["Beam Cell","Conserve Battery"],"picked":"Defragment+1","floor":22},{"not_picked":["Streamline","Coolheaded","Leap"],"picked":"SKIP","floor":24},{"not_picked":["Turbo","Biased Cognition"],"picked":"Chill","floor":29},{"not_picked":["Streamline+1","Coolheaded","Go for the Eyes"],"picked":"SKIP","floor":31},{"not_picked":["Leap+1","Rebound+1","Hologram+1"],"picked":"SKIP","floor":35},{"not_picked":["Finesse","Trip"],"picked":"Enlightenment","floor":37},{"not_picked":["Flash of Steel","Metamorphosis"],"picked":"Bandage Up","floor":37},{"not_picked":["Stack+1","Skim+1","Gash+1"],"picked":"SKIP","floor":39},{"not_picked":["Ball Lightning","Hologram"],"picked":"Chill","floor":41},{"not_picked":["Genetic Algorithm+1","Rebound","Doom and Gloom+1"],"picked":"SKIP","floor":45},{"not_picked":["Rainbow","Hologram","Compile Driver"],"picked":"SKIP","floor":46},{"not_picked":["Leap+1","Streamline+1","Beam Cell"],"picked":"SKIP","floor":48}],"player_experience":788519,"relics_obtained":[{"floor":6,"key":"DataDisk"},{"floor":9,"key":"PreservedInsect"},{"floor":10,"key":"Oddly Smooth Stone"},{"floor":12,"key":"Strawberry"},{"floor":14,"key":"Bottled Flame"},{"floor":19,"key":"Enchiridion"},{"floor":24,"key":"Boot"},{"floor":24,"key":"Incense Burner"},{"floor":26,"key":"Pen Nib"},{"floor":29,"key":"Old Coin"},{"floor":29,"key":"Kunai"},{"floor":30,"key":"Red Mask"},{"floor":31,"key":"Gremlin Horn"},{"floor":31,"key":"Mango"},{"floor":41,"key":"Sundial"},{"floor":41,"key":"Orichalcum"},{"floor":43,"key":"Bag of Marbles"},{"floor":45,"key":"Smiling Mask"},{"floor":45,"key":"Ancient Tea Set"}],"event_choices":[{"damage_healed":0,"gold_gain":0,"cards_transformed":["Strike_B"],"player_choice":"Transformed","damage_taken":0,"max_hp_gain":0,"max_hp_loss":0,"event_name":"Transmorgrifier","floor":4,"gold_loss":0,"cards_obtained":["Multi-Cast"]},{"damage_healed":0,"gold_gain":75,"player_choice":"Touch","damage_taken":7,"max_hp_gain":0,"max_hp_loss":0,"event_name":"FaceTrader","floor":8,"gold_loss":0},{"damage_healed":0,"gold_gain":0,"player_choice":"Obtained Book","damage_taken":16,"max_hp_gain":0,"max_hp_loss":0,"event_name":"Cursed Tome","floor":19,"gold_loss":0},{"damage_healed":0,"gold_gain":0,"player_choice":"Shed Blood","damage_taken":20,"max_hp_gain":5,"max_hp_loss":0,"event_name":"Forgotten Altar","floor":20,"gold_loss":0},{"damage_healed":0,"gold_gain":0,"player_choice":"Fight","damage_taken":0,"max_hp_gain":0,"max_hp_loss":0,"event_name":"Colosseum","floor":29,"gold_loss":0},{"damage_healed":0,"gold_gain":0,"player_choice":"Fought Nobs","damage_taken":0,"max_hp_gain":0,"max_hp_loss":0,"event_name":"Colosseum","floor":29,"gold_loss":0},{"damage_healed":0,"gold_gain":0,"player_choice":"Fought Bandits","damage_taken":0,"max_hp_gain":0,"max_hp_loss":0,"event_name":"Masked Bandits","floor":30,"gold_loss":0},{"damage_healed":0,"gold_gain":0,"player_choice":"Memory 3","damage_taken":10,"max_hp_gain":0,"max_hp_loss":0,"event_name":"SensoryStone","floor":37,"gold_loss":0},{"cards_removed":["Strike_B"],"damage_healed":0,"gold_gain":0,"player_choice":"Removed Attack","damage_taken":0,"max_hp_gain":0,"max_hp_loss":0,"event_name":"Falling","floor":38,"gold_loss":0},{"damage_healed":0,"gold_gain":0,"player_choice":"Embrace Madness","damage_taken":12,"max_hp_gain":0,"max_hp_loss":0,"event_name":"Winding Halls","floor":44,"gold_loss":0,"cards_obtained":["Madness","Madness"]},{"cards_removed":["Dualcast"],"damage_healed":0,"gold_gain":0,"player_choice":"Offered Basic","damage_taken":0,"max_hp_gain":0,"max_hp_loss":0,"event_name":"Bonfire Elementals","floor":47,"gold_loss":0}],"is_beta":false,"boss_relics":[{"not_picked":["Philosopher\u0027s Stone","Inserter"],"picked":"Black Star"},{"not_picked":["Calling Bell","Snecko Eye"],"picked":"Eternal Feather"}],"items_purged_floors":[2,21,36],"is_endless":false,"potions_floor_spawned":[1,10,12,13,16,24,29,31,33,41,48],"ascension_level":11}