{"gold_per_floor":[110,126,143,156,169,169,169,203,203,233,233,253,263,278,278,278],"floor_reached":16,"playtime":592,"items_purged":[],"score":180,"play_id":"fab9d12f-8214-48ae-9b16-3bd686df2c93","local_time":"20190427101301","is_ascension_mode":true,"campfire_choices":[{"data":"Blur","floor":6,"key":"SMITH"},{"data":"Deadly Poison","floor":11,"key":"SMITH"},{"floor":15,"key":"REST"}],"neow_cost":"NONE","seed_source_timestamp":745909292094284,"circlet_count":0,"master_deck":["AscendersBane","Defend_G","Defend_G","Defend_G","Defend_G","Defend_G","Strike_G","Strike_G","Strike_G","Strike_G","Survivor","Neutralize","Flying Knee","Blur+1","Skewer","Riddle With Holes","Deadly Poison+1","Backstab","Backflip"],"relics":["Busted Crown","Letter Opener","Ornamental Fan","Bronze Scales"],"potions_floor_usage":[8,10,14,16],"damage_taken":[{"damage":0,"enemies":"2 Louse","floor":1,"turns":3},{"damage":1,"enemies":"Cultist","floor":2,"turns":4},{"damage":0,"enemies":"Small Slimes","floor":3,"turns":5},{"damage":7,"enemies":"Exordium Wildlife","floor":4,"turns":7},{"damage":10,"enemies":"Looter","floor":5,"turns":4},{"damage":18,"enemies":"Gremlin Nob","floor":8,"turns":4},{"damage":8,"enemies":"3 Sentries","floor":10,"turns":8},{"damage":7,"enemies":"Lots of Slimes","floor":12,"turns":4},{"damage":16,"enemies":"Gremlin Gang","floor":13,"turns":3},{"damage":0,"enemies":"Large Slime","floor":14,"turns":5},{"damage":48,"enemies":"Slime Boss","floor":16,"turns":7}],"seed_played":"1178921957289467062","potions_obtained":[{"floor":2,"key":"SpeedPotion"},{"floor":5,"key":"Regen Potion"},{"floor":8,"key":"Strength Potion"},{"floor":13,"key":"Regen Potion"}],"is_trial":false,"path_per_floor":["M","M","M","M","M","R","?","E","T","E","R","M","M","M","R","B"],"character_chosen":"THE_SILENT","items_purchased":[],"campfire_rested":1,"item_purchase_floors":[],"current_hp_per_floor":[63,62,62,55,45,45,45,39,39,31,31,24,8,22,43,0],"gold":278,"neow_bonus":"BOSS_RELIC","is_prod":false,"is_daily":false,"chose_seed":false,"campfire_upgraded":2,"win_rate":0,"timestamp":1556331181,"path_taken":["M","M","M","M","M","R","?","E","T","E","R","?","M","M","R","BOSS"],"build_version":"2019-01-23","purchased_purges":0,"victory":false,"max_hp_per_floor":[70,70,70,70,70,70,70,70,70,70,70,70,70,70,70,70],"card_choices":[{"not_picked":[],"picked":"Flying Knee","floor":1},{"not_picked":["Flying Knee"],"picked":"SKIP","floor":2},{"not_picked":[],"picked":"Blur","floor":3},{"not_picked":[],"picked":"Skewer","floor":4},{"not_picked":["Endless Agony"],"picked":"SKIP","floor":5},{"not_picked":[],"picked":"Deadly Poison","floor":8},{"not_picked":[],"picked":"Backstab","floor":10},{"not_picked":["Bane"],"picked":"SKIP","floor":12},{"not_picked":["Acrobatics"],"picked":"SKIP","floor":13},{"not_picked":[],"picked":"Backflip","floor":14}],"player_experience":721460,"relics_obtained":[{"floor":8,"key":"Letter Opener"},{"floor":9,"key":"Ornamental Fan"},{"floor":10,"key":"Bronze Scales"}],"event_choices":[{"damage_healed":0,"gold_gain":0,"cards_transformed":["Strike_G"],"player_choice":"Transformed","damage_taken":0,"max_hp_gain":0,"max_hp_loss":0,"event_name":"Transmorgrifier","floor":7,"gold_loss":0,"cards_obtained":["Riddle With Holes"]}],"is_beta":false,"boss_relics":[],"items_purged_floors":[],"is_endless":false,"potions_floor_spawned":[2,5,8,13],"killed_by":"Slime Boss","ascension_level":11}