{"gold_per_floor":[113,132,132,8,20,20,33,66,66,42,76,76,76,96,96,199,199,211,230,12,12,12,12,12,12,12,77,77,52,102,121,121,220,220,231,281,181,181],"floor_reached":38,"playtime":1155,"items_purged":["Strike_B","Strike_B"],"score":380,"play_id":"b77bd899-7604-4357-b556-e784c0c5d863","local_time":"20190425200802","is_ascension_mode":false,"campfire_choices":[{"data":"Redo","floor":6,"key":"SMITH"},{"floor":13,"key":"REST"},{"floor":15,"key":"REST"},{"floor":23,"key":"REST"},{"floor":28,"key":"REST"},{"data":"Static Discharge","floor":32,"key":"SMITH"}],"neow_cost":"NONE","seed_source_timestamp":868409713640900,"circlet_count":0,"master_deck":["Defend_B","Defend_B","Defend_B","Defend_B","Zap+1","Dualcast","Ball Lightning","Redo+1","Static Discharge+1","Streamline","FTL","Conserve Battery","Fusion","Ball Lightning","Steam","Echo Form","Loop","Lockon","Leap","Biased Cognition","Madness","Madness"],"relics":["Cracked Core","Centennial Puzzle","Boot","Mummified Hand","Busted Crown","Art of War","SsserpentHead","Blue Candle","White Beast Statue"],"potions_floor_usage":[16,31,33,33,33,38],"damage_taken":[{"damage":0,"enemies":"Cultist","floor":1,"turns":3},{"damage":1,"enemies":"Jaw Worm","floor":2,"turns":3},{"damage":0,"enemies":"2 Louse","floor":5,"turns":1},{"damage":13,"enemies":"Lots of Slimes","floor":7,"turns":3},{"damage":32,"enemies":"Gremlin Nob","floor":8,"turns":3},{"damage":21,"enemies":"Lagavulin","floor":11,"turns":5},{"damage":0,"enemies":"3 Louse","floor":14,"turns":3},{"damage":37,"enemies":"Hexaghost","floor":16,"turns":7},{"damage":14,"enemies":"2 Thieves","floor":18,"turns":3},{"damage":5,"enemies":"Spheric Guardian","floor":19,"turns":3},{"damage":14,"enemies":"Chosen and Byrds","floor":27,"turns":3},{"damage":11,"enemies":"Snake Plant","floor":31,"turns":2},{"damage":33,"enemies":"Collector","floor":33,"turns":5},{"damage":18,"enemies":"3 Shapes","floor":35,"turns":3},{"damage":53,"enemies":"3 Darklings","floor":38,"turns":2}],"seed_played":"8387843061756784316","potions_obtained":[{"floor":2,"key":"Swift Potion"},{"floor":11,"key":"FearPotion"},{"floor":14,"key":"LiquidBronze"},{"floor":16,"key":"FocusPotion"},{"floor":31,"key":"FocusPotion"},{"floor":33,"key":"SteroidPotion"},{"floor":35,"key":"Fire Potion"}],"is_trial":false,"path_per_floor":["M","M","?","$","M","R","M","E","T","$","E","$","R","M","R","B",null,"M","M","$","?","?","R","?","$","T","M","R","?","?","M","R","B",null,"M","?","$","M"],"character_chosen":"DEFECT","items_purchased":["Static Discharge","Streamline","Ball Lightning","Loop","Lockon"],"campfire_rested":4,"item_purchase_floors":[4,4,10,20,20],"current_hp_per_floor":[75,74,74,74,74,74,61,29,29,29,8,8,30,30,52,15,75,61,56,56,56,42,66,66,66,66,52,76,76,76,65,65,32,80,62,52,52,0],"gold":181,"neow_bonus":"UPGRADE_CARD","is_prod":false,"is_daily":false,"chose_seed":false,"campfire_upgraded":2,"win_rate":0,"timestamp":1556237282,"path_taken":["M","?","?","$","M","R","M","E","T","$","E","?","R","M","R","BOSS","M","M","$","?","?","R","?","$","T","?","R","?","?","M","R","BOSS","M","?","$","M"],"build_version":"2019-01-23","purchased_purges":2,"victory":false,"max_hp_per_floor":[75,75,75,75,75,75,75,75,75,75,75,75,75,75,75,75,75,75,75,75,75,80,80,80,80,80,80,80,80,80,80,80,80,80,80,80,80,80],"card_choices":[{"not_picked":["Barrage","Compile Driver"],"picked":"Ball Lightning","floor":1},{"not_picked":["Skim","Coolheaded"],"picked":"Redo","floor":2},{"not_picked":["Turbo","Redo"],"picked":"FTL","floor":5},{"not_picked":["Self Repair","Reprogram"],"picked":"Conserve Battery","floor":7},{"not_picked":["Turbo","Beam Cell"],"picked":"Fusion","floor":8},{"not_picked":["Coolheaded","Reboot"],"picked":"Steam","floor":11},{"not_picked":["Beam Cell","Gash","Stack"],"picked":"SKIP","floor":14},{"not_picked":["All For One","Hyperbeam"],"picked":"Echo Form","floor":16},{"not_picked":["Redo"],"picked":"SKIP","floor":18},{"not_picked":["Hologram"],"picked":"SKIP","floor":19},{"not_picked":["Beam Cell"],"picked":"SKIP","floor":27},{"not_picked":[],"picked":"Leap","floor":31},{"not_picked":[],"picked":"Biased Cognition","floor":33},{"not_picked":["Rebound"],"picked":"SKIP","floor":35}],"player_experience":244755,"relics_obtained":[{"floor":8,"key":"Centennial Puzzle"},{"floor":9,"key":"Boot"},{"floor":11,"key":"Mummified Hand"},{"floor":26,"key":"Blue Candle"}],"event_choices":[{"cards_removed":["Strike_B"],"damage_healed":0,"gold_gain":0,"player_choice":"Offered Basic","damage_taken":0,"max_hp_gain":0,"max_hp_loss":0,"event_name":"Bonfire Elementals","floor":3,"gold_loss":0},{"damage_healed":0,"gold_gain":0,"player_choice":"Opened","damage_taken":0,"relics_obtained":["Art of War"],"max_hp_gain":0,"max_hp_loss":0,"event_name":"The Mausoleum","floor":21,"gold_loss":0},{"damage_healed":0,"gold_gain":0,"player_choice":"Shed Blood","damage_taken":19,"max_hp_gain":5,"max_hp_loss":0,"event_name":"Forgotten Altar","floor":22,"gold_loss":0},{"damage_healed":0,"gold_gain":0,"player_choice":"Trade","damage_taken":0,"relics_obtained":["SsserpentHead"],"max_hp_gain":0,"max_hp_loss":0,"event_name":"FaceTrader","floor":24,"gold_loss":0},{"cards_removed":["Strike_B"],"damage_healed":0,"gold_gain":0,"player_choice":"Gave Gold","damage_taken":0,"max_hp_gain":0,"max_hp_loss":0,"event_name":"Beggar","floor":29,"gold_loss":75},{"damage_healed":0,"gold_gain":0,"player_choice":"Ignored","damage_taken":0,"max_hp_gain":0,"max_hp_loss":0,"event_name":"Vampires","floor":30,"gold_loss":0},{"damage_healed":0,"gold_gain":0,"player_choice":"Embrace Madness","damage_taken":10,"max_hp_gain":0,"max_hp_loss":0,"event_name":"Winding Halls","floor":36,"gold_loss":0,"cards_obtained":["Madness","Madness"]}],"is_beta":false,"boss_relics":[{"not_picked":["Philosopher\u0027s Stone","Cursed Key"],"picked":"Busted Crown"},{"not_picked":["Inserter","Runic Dome"],"picked":"White Beast Statue"}],"items_purged_floors":[20,37],"is_endless":false,"potions_floor_spawned":[2,11,14,16,18,19,31,33,35],"killed_by":"3 Darklings","ascension_level":0}