{"gold_per_floor":[109,128,142,152,152,152,185,185,185,185,208,208,223,246,246,375,375,390,411,424,74,74,74],"floor_reached":23,"playtime":1270,"items_purged":[],"score":345,"play_id":"567aeb1b-7d41-4303-9408-16c6837e5ce5","local_time":"20190410152936","daily_mods":["Insanity","Chimera","Diverse"],"is_ascension_mode":false,"campfire_choices":[{"data":"Setup","floor":6,"key":"SMITH"},{"floor":8,"key":"REST"},{"data":"Sunder","floor":12,"key":"SMITH"},{"data":"Doom and Gloom","floor":15,"key":"SMITH"}],"neow_cost":"","seed_source_timestamp":71278695440179,"circlet_count":0,"master_deck":["Bash","Survivor","Zap","Strike_R","Strike_G","Strike_B","Defend_R","Defend_G","Slice","Acrobatics","Cloak And Dagger","Wild Strike","Predator","Coolheaded","Blade Dance","Poisoned Stab","Deflect","Force Field","Bane","Thunderclap","Noxious Fumes","BootSequence","Headbutt","Sunder+1","Poisoned Stab","Sweeping Beam","Glacier","Body Slam","Wild Strike","Doom and Gloom+1","True Grit","Ball Lightning","Dropkick","Coolheaded","Rebound","Combust","Armaments","Corruption","Leap","Evolve","Wild Strike","Poisoned Stab","Cloak And Dagger","Burning Pact","Predator","Dagger Spray","Second Wind","Acrobatics","Double Energy","Barrage","Setup+1","Ghostly Armor","Dodge and Roll","Noxious Fumes","Compile Driver","Acrobatics","Pommel Strike","Quick Slash","Choke","Dash","Rage","Entrench","Outmaneuver","Injury","Concentrate","Predator","Brutality","Electrodynamics","Shame","Pain","Doubt","Thunderclap","Underhanded Strike","Accuracy+1","Writhe"],"relics":["Burning Blood","Regal Pillow","Ancient Tea Set","Golden Idol","Calling Bell","Pen Nib","Frozen Egg 2","WingedGreaves","Juzu Bracelet","Membership Card","Pantograph"],"potions_floor_usage":[16,18,20,20],"damage_taken":[{"damage":0,"enemies":"2 Louse","floor":1,"turns":3},{"damage":0,"enemies":"Jaw Worm","floor":2,"turns":3},{"damage":0,"enemies":"Small Slimes","floor":3,"turns":3},{"damage":4,"enemies":"Looter","floor":4,"turns":3},{"damage":31,"enemies":"Gremlin Nob","floor":7,"turns":5},{"damage":0,"enemies":"Exordium Wildlife","floor":11,"turns":2},{"damage":0,"enemies":"3 Louse","floor":13,"turns":2},{"damage":6,"enemies":"Blue Slaver","floor":14,"turns":3},{"damage":66,"enemies":"Hexaghost","floor":16,"turns":9},{"damage":30,"enemies":"3 Byrds","floor":18,"turns":3},{"damage":25,"enemies":"Chosen","floor":19,"turns":5},{"damage":58,"enemies":"Sentry and Sphere","floor":20,"turns":7},{"damage":12,"enemies":"Slavers","floor":23,"turns":1}],"seed_played":"-2686576537532084886","potions_obtained":[{"floor":2,"key":"Regen Potion"},{"floor":3,"key":"LiquidBronze"},{"floor":4,"key":"BloodPotion"},{"floor":16,"key":"Explosive Potion"},{"floor":19,"key":"Regen Potion"}],"is_trial":true,"path_per_floor":["M","M","M","M","?","R","E","R","T","?","M","R","M","M","R","B",null,"M","M","M","$","?","E"],"character_chosen":"IRONCLAD","items_purchased":["Juzu Bracelet","Membership Card"],"campfire_rested":1,"item_purchase_floors":[21,21],"current_hp_per_floor":[80,80,80,80,73,73,48,80,80,80,80,80,80,80,80,35,80,56,37,8,8,8,0],"gold":74,"neow_bonus":"","is_prod":false,"is_daily":false,"chose_seed":false,"campfire_upgraded":3,"win_rate":0,"timestamp":1554924576,"path_taken":["M","M","M","M","?","R","E","R","T","?","M","R","M","M","R","BOSS","M","M","M","$","?","E"],"build_version":"2019-01-23","purchased_purges":0,"victory":false,"max_hp_per_floor":[80,80,80,80,80,80,80,80,80,80,80,80,80,80,80,80,80,80,80,80,80,80,80],"card_choices":[{"not_picked":["Acrobatics","Second Wind"],"picked":"Choke","floor":1},{"not_picked":["Reprogram","Shrug It Off"],"picked":"Dash","floor":2},{"not_picked":["Anger","Hologram"],"picked":"Rage","floor":3},{"not_picked":["Compile Driver","Clothesline"],"picked":"Entrench","floor":4},{"not_picked":["Cold Snap","Havoc"],"picked":"Outmaneuver","floor":7},{"not_picked":["Perfected Strike","Warcry"],"picked":"Concentrate","floor":11},{"not_picked":["Iron Wave","Sweeping Beam"],"picked":"Predator","floor":13},{"not_picked":["Clothesline","Sever Soul"],"picked":"Brutality","floor":14},{"not_picked":["Rainbow","Feed"],"picked":"Electrodynamics","floor":16},{"not_picked":["Compile Driver","Gash"],"picked":"Thunderclap","floor":18},{"not_picked":["Cloak And Dagger","Sweeping Beam"],"picked":"Underhanded Strike","floor":19},{"not_picked":["Stack+1","Escape Plan"],"picked":"Accuracy+1","floor":20}],"player_experience":99697,"relics_obtained":[{"floor":7,"key":"Regal Pillow"},{"floor":9,"key":"Ancient Tea Set"},{"floor":17,"key":"Pen Nib"},{"floor":17,"key":"Frozen Egg 2"},{"floor":17,"key":"WingedGreaves"}],"event_choices":[{"cards_removed":["Defend_B"],"damage_healed":0,"gold_gain":0,"player_choice":"Card Removal","damage_taken":7,"max_hp_gain":0,"max_hp_loss":0,"event_name":"Golden Wing","floor":5,"gold_loss":0},{"damage_healed":0,"gold_gain":0,"player_choice":"Take Wound","damage_taken":0,"relics_obtained":["Golden Idol"],"max_hp_gain":0,"max_hp_loss":0,"event_name":"Golden Idol","floor":10,"gold_loss":0,"cards_obtained":["Injury"]},{"damage_healed":0,"gold_gain":0,"player_choice":"Opened","damage_taken":0,"relics_obtained":["Pantograph"],"max_hp_gain":0,"max_hp_loss":0,"event_name":"The Mausoleum","floor":22,"gold_loss":0,"cards_obtained":["Writhe"]}],"is_beta":false,"boss_relics":[{"not_picked":["Orrery","Astrolabe"],"picked":"Calling Bell"}],"items_purged_floors":[],"is_endless":false,"potions_floor_spawned":[2,3,4,11,16,19],"killed_by":"Slavers","ascension_level":0}