{"gold_per_floor":[118,129,141,141,141,170,170,170,170,170,184,204,279,279,279,410,410,430,430,27,27,42,82,95,95,95,95,220,220,244,244,244,370,370,389,27,0,0,13,13,31,156,156,156,156,172,191,191,191,191],"floor_reached":51,"playtime":2475,"items_purged":["Regret"],"score":788,"play_id":"19d2569c-81c0-4aad-82e9-b772871b9b1f","local_time":"20190421165142","is_ascension_mode":false,"campfire_choices":[{"data":"Body Slam","floor":7,"key":"SMITH"},{"data":"Hemokinesis","floor":15,"key":"SMITH"},{"floor":25,"key":"REST"},{"floor":27,"key":"REST"},{"floor":29,"key":"REST"},{"floor":32,"key":"REST"},{"data":"Barricade","floor":40,"key":"SMITH"},{"data":"Burning Pact","floor":44,"key":"SMITH"},{"data":"Bash","floor":49,"key":"SMITH"}],"neow_cost":"NONE","seed_source_timestamp":509707894445800,"circlet_count":0,"master_deck":["Strike_R","Defend_R","Defend_R","Defend_R+1","Defend_R+1","Bash+1","Hemokinesis+1","Burning Pact+1","Searing Blow","Feel No Pain","Body Slam+1","Thunderclap+1","Iron Wave+1","Bludgeon+1","Fiend Fire+1","Warcry+1","RitualDagger+1","Rupture","Whirlwind+1","Blood for Blood+1","Flame Barrier+1","PanicButton+1","Impatience+1","Barricade+1","Seeing Red+1","Decay","Parasite"],"relics":["Burning Blood","War Paint","Bag of Preparation","Golden Idol","Molten Egg 2","Toxic Egg 2","Cursed Key","FossilizedHelix","Ancient Tea Set","Bottled Lightning","Mango","Paper Frog","Busted Crown","Unceasing Top","Red Mask","Incense Burner","Blood Vial","Sundial"],"potions_floor_usage":[6,16,16,18,33,39,42],"damage_taken":[{"damage":1,"enemies":"Cultist","floor":1,"turns":3},{"damage":1,"enemies":"2 Louse","floor":2,"turns":3},{"damage":3,"enemies":"Small Slimes","floor":3,"turns":3},{"damage":25,"enemies":"Gremlin Nob","floor":6,"turns":5},{"damage":3,"enemies":"3 Louse","floor":11,"turns":2},{"damage":3,"enemies":"Gremlin Gang","floor":12,"turns":4},{"damage":46,"enemies":"The Guardian","floor":16,"turns":9},{"damage":19,"enemies":"3 Byrds","floor":18,"turns":4},{"damage":5,"enemies":"Shell Parasite","floor":22,"turns":3},{"damage":43,"enemies":"Book of Stabbing","floor":23,"turns":6},{"damage":20,"enemies":"Cultist and Chosen","floor":24,"turns":5},{"damage":1,"enemies":"Colosseum Slavers","floor":28,"turns":3},{"damage":12,"enemies":"Colosseum Nobs","floor":28,"turns":4},{"damage":0,"enemies":"Snecko","floor":30,"turns":2},{"damage":71,"enemies":"Champ","floor":33,"turns":11},{"damage":0,"enemies":"3 Shapes","floor":35,"turns":4},{"damage":0,"enemies":"3 Darklings","floor":39,"turns":2},{"damage":0,"enemies":"Sphere and 2 Shapes","floor":41,"turns":2},{"damage":16,"enemies":"Mind Bloom Boss Battle","floor":42,"turns":4},{"damage":0,"enemies":"Spire Growth","floor":46,"turns":5},{"damage":35,"enemies":"4 Shapes","floor":47,"turns":3},{"damage":46,"enemies":"Awakened One","floor":50,"turns":10}],"seed_played":"-558513331604249195","potions_obtained":[{"floor":2,"key":"Dexterity Potion"},{"floor":3,"key":"Weak Potion"},{"floor":12,"key":"Explosive Potion"},{"floor":16,"key":"LiquidBronze"},{"floor":23,"key":"BloodPotion"},{"floor":33,"key":"Strength Potion"},{"floor":35,"key":"Energy Potion"},{"floor":41,"key":"PowerPotion"}],"is_trial":false,"path_per_floor":["M","M","M","?","?","E","R","?","T","?","M","M","?","T","R","B",null,"M","?","$","?","M","E","M","R","T","R","?","R","M","?","R","B",null,"M","$","?","?","M","R","M","?","T","R","T","M","M","?","R","B",null],"character_chosen":"IRONCLAD","items_purchased":["Rupture","FossilizedHelix","Whirlwind+1","Unceasing Top"],"campfire_rested":4,"item_purchase_floors":[20,20,20,36],"current_hp_per_floor":[80,80,80,80,85,66,66,66,66,66,69,72,61,61,61,21,79,66,60,60,60,61,24,10,33,33,56,69,93,93,66,93,37,93,93,93,93,93,93,93,93,83,83,83,83,91,64,81,81,41],"gold":191,"neow_bonus":"RANDOM_COMMON_RELIC","is_prod":false,"is_daily":false,"chose_seed":false,"campfire_upgraded":5,"win_rate":0,"timestamp":1555879902,"path_taken":["M","?","M","?","?","E","R","?","T","?","?","M","?","?","R","BOSS","M","?","$","?","M","E","?","R","T","R","?","R","M","?","R","BOSS","M","$","?","?","?","R","M","?","T","R","?","M","M","?","R","BOSS"],"build_version":"2019-01-23","purchased_purges":1,"victory":true,"max_hp_per_floor":[80,80,80,80,85,85,85,79,79,79,79,79,79,79,79,79,79,79,79,79,79,79,79,79,79,79,79,93,93,93,93,93,93,93,93,93,93,93,93,93,93,93,93,93,93,93,93,81,81,81],"card_choices":[{"not_picked":["Wild Strike","Cleave"],"picked":"Hemokinesis","floor":1},{"not_picked":["Cleave","Havoc"],"picked":"Burning Pact","floor":2},{"not_picked":["Reckless Charge","Second Wind"],"picked":"Searing Blow","floor":3},{"not_picked":["Iron Wave","Twin Strike"],"picked":"Body Slam","floor":6},{"not_picked":["Shockwave","Pummel+1"],"picked":"Iron Wave+1","floor":11},{"not_picked":["Uppercut+1","Warcry"],"picked":"Bludgeon+1","floor":12},{"not_picked":["Dark Embrace","Double Tap+1"],"picked":"Fiend Fire+1","floor":16},{"not_picked":["Havoc+1","Hemokinesis+1"],"picked":"Warcry+1","floor":18},{"not_picked":["Clash+1","Cleave+1","Carnage+1"],"picked":"SKIP","floor":22},{"not_picked":["Rampage+1","Headbutt+1"],"picked":"Blood for Blood+1","floor":23},{"not_picked":["Heavy Blade+1","Clash+1","Perfected Strike+1"],"picked":"SKIP","floor":24},{"not_picked":["Flex+1","Armaments+1"],"picked":"Flame Barrier+1","floor":28},{"not_picked":["Carnage+1","Iron Wave+1","Havoc+1"],"picked":"SKIP","floor":30},{"not_picked":["Offering+1","Juggernaut"],"picked":"Barricade","floor":33},{"not_picked":["Intimidate+1"],"picked":"SKIP","floor":35},{"not_picked":["Hemokinesis+1"],"picked":"SKIP","floor":39},{"not_picked":["Armaments+1"],"picked":"SKIP","floor":41},{"not_picked":["Clothesline+1"],"picked":"SKIP","floor":46},{"not_picked":["Clothesline+1"],"picked":"SKIP","floor":47}],"player_experience":200075,"relics_obtained":[{"floor":6,"key":"Bag of Preparation"},{"floor":9,"key":"Molten Egg 2"},{"floor":14,"key":"Toxic Egg 2"},{"floor":23,"key":"Ancient Tea Set"},{"floor":26,"key":"Bottled Lightning"},{"floor":28,"key":"Mango"},{"floor":28,"key":"Paper Frog"},{"floor":42,"key":"Incense Burner"},{"floor":43,"key":"Blood Vial"},{"floor":45,"key":"Sundial"}],"event_choices":[{"damage_healed":0,"gold_gain":0,"cards_transformed":["Strike_R"],"player_choice":"Change","damage_taken":0,"max_hp_gain":0,"max_hp_loss":0,"event_name":"Living Wall","floor":4,"gold_loss":0,"cards_obtained":["Feel No Pain"]},{"damage_healed":0,"gold_gain":0,"player_choice":"Donut","damage_taken":0,"max_hp_gain":5,"max_hp_loss":0,"event_name":"Big Fish","floor":5,"gold_loss":0},{"damage_healed":0,"gold_gain":0,"player_choice":"Lose Max HP","damage_taken":0,"relics_obtained":["Golden Idol"],"max_hp_gain":0,"max_hp_loss":6,"event_name":"Golden Idol","floor":8,"gold_loss":0},{"damage_healed":0,"gold_gain":0,"cards_transformed":["Strike_R"],"player_choice":"Transformed","damage_taken":0,"max_hp_gain":0,"max_hp_loss":0,"event_name":"Transmorgrifier","floor":10,"gold_loss":0,"cards_obtained":["Thunderclap"]},{"damage_healed":0,"gold_gain":75,"player_choice":"Gather Gold","damage_taken":11,"max_hp_gain":0,"max_hp_loss":0,"event_name":"World of Goop","floor":13,"gold_loss":0},{"damage_healed":0,"gold_gain":0,"player_choice":"Joined the Cult","damage_taken":6,"max_hp_gain":0,"max_hp_loss":0,"event_name":"Nest","floor":19,"gold_loss":0,"cards_obtained":["RitualDagger"]},{"cards_removed":["Strike_R"],"damage_healed":0,"gold_gain":0,"player_choice":"Purged","damage_taken":0,"max_hp_gain":0,"max_hp_loss":0,"event_name":"Purifier","floor":21,"gold_loss":0},{"damage_healed":0,"gold_gain":0,"player_choice":"Fight","damage_taken":0,"max_hp_gain":0,"max_hp_loss":0,"event_name":"Colosseum","floor":28,"gold_loss":0},{"damage_healed":0,"gold_gain":0,"player_choice":"Fought Nobs","damage_taken":0,"max_hp_gain":0,"max_hp_loss":0,"event_name":"Colosseum","floor":28,"gold_loss":0},{"damage_healed":0,"gold_gain":0,"player_choice":"CARD CARD ","damage_taken":27,"max_hp_gain":0,"max_hp_loss":0,"event_name":"Knowing Skull","floor":31,"potions_obtained":[],"gold_loss":0,"cards_obtained":["PanicButton","Impatience"]},{"damage_healed":0,"gold_gain":0,"player_choice":"Paid","damage_taken":0,"relics_obtained":["Red Mask"],"max_hp_gain":0,"max_hp_loss":0,"event_name":"Tomb of Lord Red Mask","floor":37,"gold_loss":27},{"damage_healed":0,"gold_gain":0,"cards_transformed":["Strike_R"],"player_choice":"Transformed","damage_taken":0,"max_hp_gain":0,"max_hp_loss":0,"event_name":"Transmorgrifier","floor":38,"gold_loss":0,"cards_obtained":["Seeing Red"]},{"damage_healed":0,"gold_gain":0,"player_choice":"Fight","damage_taken":0,"max_hp_gain":0,"max_hp_loss":0,"event_name":"MindBloom","floor":42,"gold_loss":0},{"damage_healed":81,"gold_gain":0,"player_choice":"Heal","damage_taken":0,"max_hp_gain":0,"max_hp_loss":12,"event_name":"The Moai Head","floor":48,"gold_loss":0}],"is_beta":false,"boss_relics":[{"not_picked":["Calling Bell","Black Star"],"picked":"Cursed Key"},{"not_picked":["Astrolabe","Runic Pyramid"],"picked":"Busted Crown"}],"items_purged_floors":[36],"is_endless":false,"potions_floor_spawned":[2,3,12,16,23,28,33,35,41],"ascension_level":0}