{"gold_per_floor":[119,138,138,138,157,187,197,228,252,252,73,99,99,118,118,222,222,236,236,236,255,7,7,32,32,59,59,73,73,73,93,93,198,198,213,213,229,248,248,283,87,121,121,132,132,0,100,100,100,100],"floor_reached":51,"playtime":3432,"items_purged":["Pain"],"score":741,"play_id":"e6914f1a-4b9f-4f26-b76a-fc0f2a590c94","local_time":"20190409132604","is_ascension_mode":false,"campfire_choices":[{"floor":10,"key":"REST"},{"floor":13,"key":"REST"},{"floor":15,"key":"REST"},{"data":"Apotheosis","floor":23,"key":"SMITH"},{"data":"Limit Break","floor":25,"key":"SMITH"},{"floor":32,"key":"REST"},{"floor":49,"key":"REST"}],"neow_cost":"NONE","seed_source_timestamp":1009156935983153,"circlet_count":0,"master_deck":["Strike_R+1","Strike_R+1","Strike_R+1","Strike_R+1","Defend_R+1","Defend_R+1","Defend_R+1","Bash","Inflame+1","Shockwave","Brutality","Seeing Red+1","Pommel Strike","Fire Breathing","Inflame","Iron Wave","Armaments","True Grit","Limit Break+1","Flex+1","Headbutt","Apotheosis+1","Panacea","Enlightenment","Flame Barrier+1","Impervious","Pommel Strike","Enlightenment","Carnage+1","Cleave","Impervious","Shrug It Off","Spot Weakness","Madness","Madness","Pummel+1","Combust+1"],"relics":["Burning Blood","Happy Flower","War Paint","Blood Vial","Juzu Bracelet","Anchor","Mark of Pain","WarpedTongs","PreservedInsect","Dream Catcher","Fusion Hammer","Calipers","Medical Kit","Centennial Puzzle","Omamori","Red Mask","Nunchaku"],"potions_floor_usage":[6,6,8,16,16,21,24,28,31,33,35,37,38,40,47,50],"damage_taken":[{"damage":12,"enemies":"Small Slimes","floor":1,"turns":5},{"damage":3,"enemies":"Cultist","floor":2,"turns":5},{"damage":4,"enemies":"2 Louse","floor":5,"turns":2},{"damage":14,"enemies":"Lagavulin","floor":6,"turns":5},{"damage":20,"enemies":"Gremlin Gang","floor":7,"turns":4},{"damage":20,"enemies":"Gremlin Nob","floor":8,"turns":4},{"damage":27,"enemies":"3 Sentries","floor":12,"turns":6},{"damage":5,"enemies":"Red Slaver","floor":14,"turns":5},{"damage":14,"enemies":"The Guardian","floor":16,"turns":8},{"damage":17,"enemies":"3 Byrds","floor":18,"turns":6},{"damage":4,"enemies":"Chosen","floor":21,"turns":4},{"damage":11,"enemies":"Slavers","floor":24,"turns":3},{"damage":13,"enemies":"Snecko","floor":28,"turns":4},{"damage":21,"enemies":"3 Cultists","floor":31,"turns":6},{"damage":32,"enemies":"Champ","floor":33,"turns":9},{"damage":21,"enemies":"3 Darklings","floor":35,"turns":7},{"damage":6,"enemies":"Orb Walker","floor":37,"turns":3},{"damage":20,"enemies":"Transient","floor":38,"turns":5},{"damage":8,"enemies":"Giant Head","floor":40,"turns":6},{"damage":17,"enemies":"Reptomancer","floor":42,"turns":5},{"damage":3,"enemies":"Maw","floor":44,"turns":6},{"damage":7,"enemies":"Mind Bloom Boss Battle","floor":47,"turns":8},{"damage":71,"enemies":"Donu and Deca","floor":50,"turns":9}],"seed_played":"3815667654280994292","potions_obtained":[{"floor":1,"key":"SpeedPotion"},{"floor":2,"key":"Poison Potion"},{"floor":7,"key":"Fruit Juice"},{"floor":8,"key":"Dexterity Potion"},{"floor":12,"key":"Poison Potion"},{"floor":18,"key":"Fire Potion"},{"floor":21,"key":"AttackPotion"},{"floor":27,"key":"SkillPotion"},{"floor":27,"key":"Block Potion"},{"floor":27,"key":"AttackPotion"},{"floor":31,"key":"FearPotion"},{"floor":33,"key":"PowerPotion"},{"floor":35,"key":"FearPotion"},{"floor":44,"key":"AttackPotion"},{"floor":47,"key":"AttackPotion"}],"is_trial":false,"path_per_floor":["M","M","?","?","M","E","M","E","T","R","$","E","R","M","R","B",null,"M","?","?","M","$","R","E","R","T","?","M","?","$","M","R","B",null,"M","?","M","M","?","E","$","E","T","M","?","?","?","?","R","B",null],"character_chosen":"IRONCLAD","items_purchased":["Juzu Bracelet","Iron Wave","Apotheosis","Medical Kit"],"campfire_rested":5,"item_purchase_floors":[11,11,22,41],"current_hp_per_floor":[74,77,61,61,63,55,41,32,32,57,57,38,63,66,85,77,85,74,74,74,78,78,78,75,75,75,75,70,38,38,25,50,26,85,70,70,72,60,60,60,60,51,51,56,45,45,46,46,71,8],"gold":100,"neow_bonus":"REMOVE_CARD","is_prod":false,"is_daily":false,"chose_seed":false,"campfire_upgraded":2,"win_rate":0,"timestamp":1554830764,"path_taken":["M","M","?","?","M","E","?","E","T","R","$","E","R","M","R","BOSS","M","?","?","M","$","R","E","R","T","?","M","?","?","M","R","BOSS","M","?","M","M","?","E","$","E","T","M","?","?","?","?","R","BOSS"],"build_version":"2019-01-23","purchased_purges":1,"victory":true,"max_hp_per_floor":[80,80,80,80,80,80,80,85,85,85,85,85,85,85,85,85,85,85,85,85,85,85,85,85,85,85,85,85,85,85,85,85,85,85,85,85,85,85,85,85,85,85,85,85,85,85,85,85,85,85],"card_choices":[{"not_picked":["Thunderclap","Clash"],"picked":"Inflame","floor":1},{"not_picked":["Cleave","Iron Wave"],"picked":"Shockwave","floor":2},{"not_picked":["Twin Strike","Clash"],"picked":"Seeing Red","floor":5},{"not_picked":["Dual Wield","Havoc"],"picked":"Pommel Strike","floor":6},{"not_picked":["Clothesline","Body Slam"],"picked":"Fire Breathing","floor":7},{"not_picked":["Reaper","Sentinel"],"picked":"Inflame","floor":8},{"not_picked":["Anger","Pummel"],"picked":"Armaments","floor":12},{"not_picked":["Corruption","Bloodletting"],"picked":"True Grit","floor":14},{"not_picked":["Feed","Immolate"],"picked":"Limit Break","floor":16},{"not_picked":["Headbutt","Perfected Strike"],"picked":"Flex+1","floor":18},{"not_picked":["Bludgeon","Thunderclap"],"picked":"Headbutt","floor":21},{"not_picked":["Disarm","Thunderclap"],"picked":"Rage","floor":24},{"not_picked":["Clash","Armaments+1","Havoc+1"],"picked":"SKIP","floor":28},{"not_picked":["Pommel Strike+1","Corruption+1"],"picked":"Flame Barrier+1","floor":31},{"not_picked":["Brutality","Bludgeon"],"picked":"Impervious","floor":33},{"not_picked":["Thunderclap","Intimidate"],"picked":"Pommel Strike","floor":35},{"not_picked":["Madness","HandOfGreed"],"picked":"Enlightenment","floor":36},{"not_picked":["Havoc+1","Warcry+1"],"picked":"Carnage+1","floor":37},{"not_picked":["Disarm","Sword Boomerang+1"],"picked":"Cleave","floor":38},{"not_picked":["Second Wind","Sentinel","Headbutt"],"picked":"SKIP","floor":40},{"not_picked":["Iron Wave","Fiend Fire"],"picked":"Shrug It Off","floor":42},{"not_picked":["Heavy Blade","Clash"],"picked":"Spot Weakness","floor":44},{"not_picked":["Armaments","Uppercut+1"],"picked":"Pummel+1","floor":47},{"not_picked":["Shrug It Off","Fiend Fire"],"picked":"Combust+1","floor":49}],"player_experience":76840,"relics_obtained":[{"floor":6,"key":"Happy Flower"},{"floor":8,"key":"War Paint"},{"floor":9,"key":"Blood Vial"},{"floor":12,"key":"Anchor"},{"floor":24,"key":"PreservedInsect"},{"floor":26,"key":"Dream Catcher"},{"floor":40,"key":"Calipers"},{"floor":42,"key":"Centennial Puzzle"},{"floor":43,"key":"Omamori"},{"floor":47,"key":"Nunchaku"}],"event_choices":[{"damage_healed":0,"gold_gain":0,"player_choice":"Entered Light","damage_taken":16,"max_hp_gain":0,"max_hp_loss":0,"event_name":"Shining Light","floor":3,"gold_loss":0,"cards_upgraded":["Inflame","Strike_R"]},{"cards_removed":["Defend_R"],"damage_healed":0,"gold_gain":0,"player_choice":"Took Card","damage_taken":0,"max_hp_gain":0,"max_hp_loss":0,"event_name":"NoteForYourself","floor":4,"gold_loss":0,"cards_obtained":["Brutality"]},{"damage_healed":0,"gold_gain":0,"player_choice":"Simplicity","damage_taken":0,"max_hp_gain":0,"max_hp_loss":0,"event_name":"Back to Basics","floor":19,"gold_loss":0,"cards_upgraded":["Strike_R","Strike_R","Strike_R","Defend_R","Defend_R"]},{"damage_healed":0,"gold_gain":0,"player_choice":"Rummage","damage_taken":0,"relics_obtained":["WarpedTongs"],"max_hp_gain":0,"max_hp_loss":0,"event_name":"Accursed Blacksmith","floor":20,"gold_loss":0,"cards_obtained":["Pain"]},{"damage_healed":0,"gold_gain":0,"player_choice":"Got Potions","damage_taken":0,"max_hp_gain":0,"max_hp_loss":0,"event_name":"Lab","floor":27,"gold_loss":0},{"damage_healed":0,"gold_gain":0,"player_choice":"CARD CARD POTION ","damage_taken":32,"max_hp_gain":0,"max_hp_loss":0,"event_name":"Knowing Skull","floor":29,"potions_obtained":["FearPotion"],"gold_loss":0,"cards_obtained":["Panacea","Enlightenment"]},{"damage_healed":0,"gold_gain":0,"player_choice":"Memory 1","damage_taken":0,"max_hp_gain":0,"max_hp_loss":0,"event_name":"SensoryStone","floor":36,"gold_loss":0},{"damage_healed":0,"gold_gain":0,"player_choice":"Copied","damage_taken":0,"max_hp_gain":0,"max_hp_loss":0,"event_name":"Duplicator","floor":39,"gold_loss":0,"cards_obtained":["Impervious"]},{"damage_healed":0,"gold_gain":0,"player_choice":"Embrace Madness","damage_taken":11,"max_hp_gain":0,"max_hp_loss":0,"event_name":"Winding Halls","floor":45,"gold_loss":0,"cards_obtained":["Madness","Madness"]},{"damage_healed":0,"gold_gain":0,"player_choice":"Paid","damage_taken":0,"relics_obtained":["Red Mask"],"max_hp_gain":0,"max_hp_loss":0,"event_name":"Tomb of Lord Red Mask","floor":46,"gold_loss":132},{"damage_healed":0,"gold_gain":0,"player_choice":"Fight","damage_taken":0,"max_hp_gain":0,"max_hp_loss":0,"event_name":"MindBloom","floor":47,"gold_loss":0},{"cards_removed":["Rage"],"damage_healed":0,"gold_gain":0,"player_choice":"Removed Skill","damage_taken":0,"max_hp_gain":0,"max_hp_loss":0,"event_name":"Falling","floor":48,"gold_loss":0}],"is_beta":false,"boss_relics":[{"not_picked":["Runic Cube","Runic Dome"],"picked":"Mark of Pain"},{"not_picked":["Empty Cage","Velvet Choker"],"picked":"Fusion Hammer"}],"items_purged_floors":[22],"is_endless":false,"potions_floor_spawned":[1,2,7,8,12,18,21,31,33,35,44,47],"ascension_level":0}