{"gold_per_floor":[112,187,31,31,46,76,76,93,93,120,120,140,154,154,154,278,278,303,303,303,321,321,355,355,374,374,390,425,166,231,255,255,381,381,405,405,425,123,137,137],"floor_reached":40,"playtime":1798,"items_purged":["Doubt","Defend_R"],"score":505,"play_id":"27fae5c5-44b3-4f22-8a79-9d6ca457fcb7","local_time":"20190410134107","is_ascension_mode":true,"campfire_choices":[{"data":"Bash","floor":7,"key":"SMITH"},{"data":"Whirlwind","floor":11,"key":"SMITH"},{"data":"Rage","floor":15,"key":"SMITH"},{"data":"Anger","floor":24,"key":"SMITH"},{"floor":32,"key":"REST"}],"neow_cost":"NONE","seed_source_timestamp":65280774513347,"circlet_count":0,"master_deck":["Strike_R","Strike_R","Strike_R","Strike_R","Defend_R","Defend_R","Defend_R","Bash+1","Rage+1","Perfected Strike","Offering","Infernal Blade","Whirlwind+1","Anger","Infernal Blade","Offering","Wild Strike+1","Anger+1","Sever Soul+1","Feed","Shockwave","Second Wind+1","Limit Break","Apotheosis","Magnetism","Transmutation"],"relics":["Burning Blood","NeowsBlessing","Vajra","Kunai","Mercury Hourglass","Pantograph","Golden Idol","Cursed Key","Pocketwatch","Gremlin Horn","Letter Opener","Tiny Chest","Snecko Eye","Toolbox"],"potions_floor_usage":[16,23,30,33,33],"damage_taken":[{"damage":0,"enemies":"2 Louse","floor":1,"turns":1},{"damage":0,"enemies":"Small Slimes","floor":5,"turns":1},{"damage":0,"enemies":"Gremlin Nob","floor":6,"turns":1},{"damage":0,"enemies":"Cultist","floor":8,"turns":3},{"damage":11,"enemies":"Lagavulin","floor":10,"turns":4},{"damage":3,"enemies":"Gremlin Gang","floor":12,"turns":2},{"damage":5,"enemies":"2 Fungi Beasts","floor":13,"turns":3},{"damage":30,"enemies":"Hexaghost","floor":16,"turns":8},{"damage":14,"enemies":"Chosen","floor":18,"turns":2},{"damage":0,"enemies":"3 Byrds","floor":21,"turns":4},{"damage":14,"enemies":"Book of Stabbing","floor":23,"turns":3},{"damage":6,"enemies":"Shelled Parasite and Fungi","floor":25,"turns":2},{"damage":0,"enemies":"Chosen and Byrds","floor":27,"turns":4},{"damage":25,"enemies":"Gremlin Leader","floor":28,"turns":3},{"damage":24,"enemies":"Slavers","floor":30,"turns":2},{"damage":6,"enemies":"Snake Plant","floor":31,"turns":2},{"damage":46,"enemies":"Automaton","floor":33,"turns":6},{"damage":18,"enemies":"Orb Walker","floor":35,"turns":3},{"damage":18,"enemies":"3 Darklings","floor":37,"turns":4},{"damage":15,"enemies":"4 Shapes","floor":39,"turns":1},{"damage":53,"enemies":"Giant Head","floor":40,"turns":5}],"seed_played":"8597117886981728886","potions_obtained":[{"floor":5,"key":"Weak Potion"},{"floor":8,"key":"Fire Potion"},{"floor":12,"key":"GamblersBrew"},{"floor":16,"key":"Swift Potion"},{"floor":21,"key":"Energy Potion"},{"floor":23,"key":"AttackPotion"},{"floor":37,"key":"Explosive Potion"}],"is_trial":false,"path_per_floor":["M","?","$","?","M","E","R","M","T","E","R","M","M","?","R","B",null,"M","?","?","M","?","E","R","M","T","M","E","$","E","M","R","B",null,"M","?","M","$","M","E"],"character_chosen":"IRONCLAD","items_purchased":["Vajra","Apotheosis","Toolbox"],"campfire_rested":1,"item_purchase_floors":[3,29,38],"current_hp_per_floor":[80,69,69,69,75,80,80,80,80,75,75,78,79,59,59,56,80,72,72,72,78,78,70,70,70,70,76,57,57,39,39,63,40,80,68,63,51,51,45,0],"gold":137,"neow_bonus":"THREE_ENEMY_KILL","is_prod":false,"is_daily":false,"chose_seed":false,"campfire_upgraded":4,"win_rate":0,"timestamp":1554918067,"path_taken":["M","?","$","?","M","E","R","M","T","E","R","?","?","?","R","BOSS","M","?","?","M","?","E","R","M","T","M","E","$","E","M","R","BOSS","M","?","M","$","M","E"],"build_version":"2019-01-23","purchased_purges":2,"victory":false,"max_hp_per_floor":[80,80,80,80,80,80,80,80,80,80,80,80,80,80,80,80,80,80,80,80,80,80,80,80,80,80,80,80,80,80,80,80,80,80,80,80,80,80,83,83],"card_choices":[{"not_picked":["Wild Strike","Heavy Blade"],"picked":"Rage","floor":1},{"not_picked":["Twin Strike","Dual Wield"],"picked":"Perfected Strike","floor":5},{"not_picked":["Iron Wave","Perfected Strike"],"picked":"Offering","floor":6},{"not_picked":["Corruption","Iron Wave"],"picked":"Infernal Blade","floor":8},{"not_picked":["Metallicize","Blood for Blood"],"picked":"Whirlwind","floor":10},{"not_picked":["Armaments","True Grit"],"picked":"Anger","floor":12},{"not_picked":["Clothesline","Disarm"],"picked":"Infernal Blade","floor":13},{"not_picked":["Bludgeon","Juggernaut"],"picked":"Offering","floor":16},{"not_picked":["Iron Wave","Headbutt"],"picked":"Wild Strike+1","floor":18},{"not_picked":["Shrug It Off+1","Searing Blow+1"],"picked":"Sever Soul+1","floor":21},{"not_picked":["Perfected Strike","Armaments"],"picked":"Feed","floor":23},{"not_picked":["Heavy Blade","Wild Strike+1"],"picked":"Shockwave","floor":25},{"not_picked":["Thunderclap","Body Slam+1"],"picked":"Second Wind+1","floor":27},{"not_picked":["True Grit","Ghostly Armor"],"picked":"Limit Break","floor":28},{"not_picked":["Barricade","Iron Wave","Rampage"],"picked":"SKIP","floor":30},{"not_picked":["Second Wind","Shrug It Off","Havoc"],"picked":"SKIP","floor":31},{"not_picked":["Pummel+1","Thunderclap+1","Iron Wave"],"picked":"SKIP","floor":35},{"not_picked":["Panacea","PanicButton"],"picked":"Magnetism","floor":36},{"not_picked":["Finesse","Forethought"],"picked":"Transmutation","floor":36},{"not_picked":["Wild Strike+1","Rage+1","Shrug It Off"],"picked":"SKIP","floor":37},{"not_picked":["Rage","Pommel Strike+1","Power Through"],"picked":"SKIP","floor":39}],"player_experience":95303,"relics_obtained":[{"floor":6,"key":"Kunai"},{"floor":9,"key":"Mercury Hourglass"},{"floor":10,"key":"Pantograph"},{"floor":23,"key":"Pocketwatch"},{"floor":26,"key":"Gremlin Horn"},{"floor":28,"key":"Letter Opener"},{"floor":30,"key":"Tiny Chest"}],"event_choices":[{"damage_healed":0,"gold_gain":75,"player_choice":"Gather Gold","damage_taken":11,"max_hp_gain":0,"max_hp_loss":0,"event_name":"World of Goop","floor":2,"gold_loss":0},{"cards_removed":["Strike_R"],"damage_healed":0,"gold_gain":0,"player_choice":"Offered Basic","damage_taken":0,"max_hp_gain":0,"max_hp_loss":0,"event_name":"Bonfire Elementals","floor":4,"gold_loss":0},{"damage_healed":0,"gold_gain":0,"player_choice":"Take Damage","damage_taken":20,"relics_obtained":["Golden Idol"],"max_hp_gain":0,"max_hp_loss":0,"event_name":"Golden Idol","floor":14,"gold_loss":0},{"damage_healed":0,"gold_gain":0,"player_choice":"Read","damage_taken":0,"max_hp_gain":0,"max_hp_loss":0,"event_name":"The Library","floor":19,"gold_loss":0,"cards_obtained":["Anger"]},{"damage_healed":0,"gold_gain":0,"player_choice":"Ignored","damage_taken":0,"max_hp_gain":0,"max_hp_loss":0,"event_name":"Ghosts","floor":20,"gold_loss":0},{"damage_healed":0,"gold_gain":0,"player_choice":"Ignored","damage_taken":0,"max_hp_gain":0,"max_hp_loss":0,"event_name":"Vampires","floor":22,"gold_loss":0},{"damage_healed":0,"gold_gain":0,"player_choice":"Memory 2","damage_taken":5,"max_hp_gain":0,"max_hp_loss":0,"event_name":"SensoryStone","floor":36,"gold_loss":0}],"is_beta":false,"boss_relics":[{"not_picked":["Runic Cube","Black Star"],"picked":"Cursed Key"},{"not_picked":["Runic Dome","Black Blood"],"picked":"Snecko Eye"}],"items_purged_floors":[29,38],"is_endless":false,"potions_floor_spawned":[5,8,12,16,18,21,23,28,37],"killed_by":"Giant Head","ascension_level":1}