{"gold_per_floor":[116,127,145,145,159,159,191,191,215,226,69,82,97,97,97,202,202,213,39,39,49,49,49,82,47,47,47,61,61,76,96,96,194,194,207,227,102,117,134,134,234,248,316,316,331,331,361,378,378,378,378,378,29,59,59],"floor_reached":55,"playtime":7245,"items_purged":["Strike_B","Defend_B","Defend_B","Strike_B"],"score":728,"play_id":"c4f2126a-a0f0-41bb-a267-0b19474377f0","local_time":"20181225112039","is_ascension_mode":false,"campfire_choices":[{"floor":6,"key":"RECALL"},{"data":"Glacier","floor":8,"key":"SMITH"},{"data":"Leap","floor":15,"key":"SMITH"},{"data":"Defragment","floor":23,"key":"SMITH"},{"data":"Ball Lightning","floor":27,"key":"SMITH"},{"data":"Chill","floor":32,"key":"SMITH"},{"data":"Reinforced Body","floor":40,"key":"SMITH"},{"data":"Thunder Strike","floor":44,"key":"SMITH"},{"data":"Conserve Battery","floor":49,"key":"SMITH"},{"data":"Thunder Strike","floor":52,"key":"SMITH"}],"neow_cost":"NONE","seed_source_timestamp":646531136557332,"circlet_count":0,"master_deck":["Strike_B","Defend_B","Defend_B","Zap","Dualcast","Consume+1","Glacier+1","Ball Lightning","Leap+1","Ball Lightning+1","Self Repair","Redo","Thunder Strike+1","Defragment+1","Conserve Battery+1","RitualDagger","Capacitor+1","Tempest","Chill+1","FTL","Thunder Strike+1","Undo+1","Ball Lightning+1","Reinforced Body+1","Conserve Battery+1","Apotheosis","Go for the Eyes+1"],"relics":["Cracked Core","PreservedInsect","Snecko Eye","Lantern","Bottled Flame","Sozu","StoneCalendar","Singing Bowl","Darkstone Periapt","HandDrill","DataDisk"],"potions_floor_usage":[5,28,28,35,38,55],"damage_taken":[{"damage":0,"enemies":"Small Slimes","floor":1,"turns":2},{"damage":0,"enemies":"Cultist","floor":2,"turns":3},{"damage":1,"enemies":"Jaw Worm","floor":3,"turns":4},{"damage":3,"enemies":"Lots of Slimes","floor":5,"turns":5},{"damage":18,"enemies":"Lagavulin","floor":7,"turns":8},{"damage":0,"enemies":"2 Fungi Beasts","floor":10,"turns":3},{"damage":0,"enemies":"Exordium Wildlife","floor":12,"turns":4},{"damage":3,"enemies":"Red Slaver","floor":13,"turns":3},{"damage":11,"enemies":"The Guardian","floor":16,"turns":9},{"damage":10,"enemies":"3 Byrds","floor":18,"turns":4},{"damage":0,"enemies":"2 Thieves","floor":21,"turns":5},{"damage":27,"enemies":"Gremlin Leader","floor":24,"turns":6},{"damage":28,"enemies":"Centurion and Healer","floor":28,"turns":6},{"damage":4,"enemies":"Snake Plant","floor":30,"turns":3},{"damage":0,"enemies":"Snecko","floor":31,"turns":5},{"damage":3,"enemies":"Champ","floor":33,"turns":10},{"damage":7,"enemies":"3 Shapes","floor":35,"turns":5},{"damage":0,"enemies":"Orb Walker","floor":36,"turns":2},{"damage":11,"enemies":"Sphere and 2 Shapes","floor":38,"turns":5},{"damage":3,"enemies":"3 Darklings","floor":39,"turns":5},{"damage":0,"enemies":"Mind Bloom Boss Battle","floor":41,"turns":6},{"damage":0,"enemies":"4 Shapes","floor":42,"turns":7},{"damage":3,"enemies":"Transient","floor":45,"turns":5},{"damage":3,"enemies":"Giant Head","floor":47,"turns":6},{"damage":0,"enemies":"3 Darklings","floor":48,"turns":5},{"damage":9,"enemies":"Time Eater","floor":50,"turns":9},{"damage":73,"enemies":"Shield and Spear","floor":54,"turns":5},{"damage":73,"enemies":"The Heart","floor":55,"turns":3}],"seed_played":"5816387710154210134","potions_obtained":[{"floor":1,"key":"SteroidPotion"},{"floor":2,"key":"AttackPotion"},{"floor":12,"key":"Ancient Potion"},{"floor":13,"key":"PowerPotion"},{"floor":24,"key":"Regen Potion"},{"floor":30,"key":"Fire Potion"},{"floor":31,"key":"Explosive Potion"}],"is_trial":false,"path_per_floor":["M","M","M","?","M","R","E","R","T","M","$","M","M","?","R","B",null,"M","$","$","M","?","R","E","$","T","R","M","$","M","M","R","B",null,"M","M","$","M","M","R","?","M","T","R","M","?","E","M","R","B",null,"R","$","E","B"],"character_chosen":"DEFECT","items_purchased":["Self Repair","Defragment","Tempest","HandDrill"],"campfire_rested":0,"item_purchase_floors":[11,19,25,53],"current_hp_per_floor":[82,82,81,81,78,78,60,60,60,60,60,67,71,71,71,67,82,79,79,79,82,76,76,56,56,56,56,49,49,45,52,52,49,82,75,75,75,71,75,75,75,82,82,82,84,78,87,89,89,90,92,92,92,29,0],"gold":59,"neow_bonus":"TEN_PERCENT_HP_BONUS","is_prod":false,"is_daily":false,"chose_seed":false,"campfire_upgraded":9,"win_rate":0,"timestamp":1545754839,"path_taken":["M","M","M","?","M","R","E","R","T","M","$","?","M","?","R","BOSS","M","?","$","M","?","R","E","$","T","R","M","?","M","?","R","BOSS","M","M","$","M","M","R","?","M","T","R","M","?","E","M","R","BOSS","R","$","E","BOSS"],"build_version":"2018-12-20","purchased_purges":4,"victory":false,"max_hp_per_floor":[82,82,82,82,82,82,82,82,82,82,82,82,82,82,82,82,82,82,82,82,82,82,82,82,82,82,82,82,82,82,82,82,82,82,82,82,82,82,82,82,82,82,82,82,84,88,90,92,92,92,92,92,92,92,92],"card_choices":[{"not_picked":["Stack","Hologram"],"picked":"Consume","floor":1},{"not_picked":["Rebound","Turbo","Force Field"],"picked":"SKIP","floor":2},{"not_picked":["Undo","Go for the Eyes"],"picked":"Glacier","floor":3},{"not_picked":["Rebound","Recycle"],"picked":"Ball Lightning","floor":5},{"not_picked":["Beam Cell","Stack"],"picked":"Leap","floor":7},{"not_picked":["Compile Driver","Sweeping Beam"],"picked":"Ball Lightning","floor":10},{"not_picked":["Redo","Hyperbeam","Sweeping Beam"],"picked":"SKIP","floor":12},{"not_picked":["Rebound","Sweeping Beam","Stack"],"picked":"SKIP","floor":13},{"not_picked":["Machine Learning","Meteor Strike"],"picked":"Thunder Strike","floor":16},{"not_picked":["Gash","Stack","Reprogram"],"picked":"SKIP","floor":18},{"not_picked":["Storm","Steam Power"],"picked":"Conserve Battery","floor":21},{"not_picked":["Chaos","Storm+1"],"picked":"Capacitor+1","floor":24},{"not_picked":["Sweeping Beam+1","Beam Cell","Stack"],"picked":"SKIP","floor":28},{"not_picked":["Reprogram","Streamline"],"picked":"Chill","floor":30},{"not_picked":["Hologram+1","Storm"],"picked":"FTL","floor":31},{"not_picked":["Core Surge","Hyperbeam"],"picked":"Thunder Strike","floor":33},{"not_picked":["Ball Lightning+1","Beam Cell+1"],"picked":"Undo+1","floor":35},{"not_picked":["Turbo+1","Streamline","Hologram"],"picked":"SKIP","floor":36},{"not_picked":["Melter","Barrage"],"picked":"Ball Lightning+1","floor":38},{"not_picked":["Ball Lightning","Conserve Battery"],"picked":"Reinforced Body","floor":39},{"not_picked":["Blizzard","Tempest+1"],"picked":"Conserve Battery+1","floor":41},{"not_picked":["Consume+1","Stack+1","Turbo+1"],"picked":"SKIP","floor":42},{"not_picked":["Go for the Eyes+1","Doom and Gloom+1","Recycle"],"picked":"Singing Bowl","floor":45},{"not_picked":["PanicButton","Dramatic Entrance"],"picked":"Apotheosis","floor":46},{"not_picked":["HandOfGreed","Finesse","Violence"],"picked":"Singing Bowl","floor":46},{"not_picked":["Enlightenment","Madness","Flash of Steel"],"picked":"Singing Bowl","floor":46},{"not_picked":["Streamline","Consume+1","Recycle+1"],"picked":"Singing Bowl","floor":47},{"not_picked":["Reprogram+1","Storm","Coolheaded"],"picked":"Singing Bowl","floor":48},{"not_picked":["White Noise","Cold Snap"],"picked":"Go for the Eyes+1","floor":54}],"player_experience":520148,"relics_obtained":[{"floor":7,"key":"PreservedInsect"},{"floor":24,"key":"Lantern"},{"floor":26,"key":"Bottled Flame"},{"floor":41,"key":"StoneCalendar"},{"floor":43,"key":"Singing Bowl"},{"floor":47,"key":"Darkstone Periapt"},{"floor":54,"key":"DataDisk"}],"event_choices":[{"damage_healed":0,"gold_gain":0,"player_choice":"Upgraded","damage_taken":0,"max_hp_gain":0,"max_hp_loss":0,"event_name":"Upgrade Shrine","floor":4,"gold_loss":0,"cards_upgraded":["Consume"]},{"damage_healed":0,"gold_gain":0,"cards_transformed":["Strike_B"],"player_choice":"Transformed","damage_taken":0,"max_hp_gain":0,"max_hp_loss":0,"event_name":"Transmorgrifier","floor":14,"gold_loss":0,"cards_obtained":["Redo"]},{"damage_healed":0,"gold_gain":0,"player_choice":"Joined the Cult","damage_taken":6,"max_hp_gain":0,"max_hp_loss":0,"event_name":"Nest","floor":22,"gold_loss":0,"cards_obtained":["RitualDagger"]},{"damage_healed":0,"gold_gain":0,"player_choice":"Fight","damage_taken":0,"max_hp_gain":0,"max_hp_loss":0,"event_name":"MindBloom","floor":41,"gold_loss":0},{"damage_healed":0,"gold_gain":0,"player_choice":"Memory 3","damage_taken":10,"max_hp_gain":0,"max_hp_loss":0,"event_name":"SensoryStone","floor":46,"gold_loss":0}],"is_beta":false,"boss_relics":[{"not_picked":["Ectoplasm","Empty Cage"],"picked":"Snecko Eye"},{"not_picked":["Calling Bell","Cursed Key"],"picked":"Sozu"}],"items_purged_floors":[11,19,37,53],"is_endless":false,"potions_floor_spawned":[1,2,12,13,24,30,31,36,38,39,41,47],"killed_by":"The Heart","ascension_level":0}