{"gold_per_floor":[114,126,137,152,170,199,199,215,295,295,245,245,261,294,294,395,395,410,420,400,419,430,430,32,44,44,54,54,54,81,81,81,180,180,191,209,309,326,236,236,271,271,321,332,332,347,397,397,397,397,397,397,56,82,82],"floor_reached":55,"playtime":3046,"items_purged":[],"score":802,"play_id":"c2411c77-cc60-4b82-8641-37503a1b8995","local_time":"20190426075313","is_ascension_mode":true,"campfire_choices":[{"data":"Crippling Poison","floor":7,"key":"SMITH"},{"floor":10,"key":"REST"},{"data":"Adrenaline","floor":12,"key":"SMITH"},{"data":"Leg Sweep","floor":15,"key":"SMITH"},{"floor":23,"key":"REST"},{"floor":29,"key":"REST"},{"floor":32,"key":"REST"},{"data":"Footwork","floor":40,"key":"SMITH"},{"data":"After Image","floor":42,"key":"SMITH"},{"data":"Cloak And Dagger","floor":45,"key":"SMITH"},{"floor":49,"key":"RECALL"},{"data":"1","floor":52,"key":"LIFT"}],"neow_cost":"NONE","seed_source_timestamp":47868350718873,"circlet_count":0,"master_deck":["Defend_G+1","Defend_G+1","Defend_G+1","Defend_G+1","Strike_G+1","Survivor","Neutralize","Crippling Poison+1","Terror","Bouncing Flask","Deadly Poison","Adrenaline+1","PiercingWail","Cloak And Dagger+1","Leg Sweep+1","Corpse Explosion","Crippling Poison","Cloak And Dagger+1","Footwork+1","Wraith Form v2","After Image+1","Escape Plan","Calculated Gamble","Wraith Form v2+1","Backstab","Cloak And Dagger+1","Accuracy+1","All Out Attack+1","Noxious Fumes+1","Footwork+1","Noxious Fumes+1","Dodge and Roll","Night Terror"],"relics":["Ring of the Snake","Matryoshka","Bag of Preparation","Question Card","The Specimen","Eternal Feather","Shuriken","Pear","Ninja Scroll","Frozen Egg 2","Mango","Empty Cage","Incense Burner","PreservedInsect","Girya","Bottled Tornado","Pen Nib"],"potions_floor_usage":[5,13,14,47,50,50],"damage_taken":[{"damage":2,"enemies":"Cultist","floor":1,"turns":5},{"damage":1,"enemies":"Small Slimes","floor":2,"turns":4},{"damage":3,"enemies":"2 Louse","floor":3,"turns":3},{"damage":4,"enemies":"Exordium Wildlife","floor":4,"turns":5},{"damage":7,"enemies":"3 Louse","floor":5,"turns":4},{"damage":9,"enemies":"Lagavulin","floor":6,"turns":6},{"damage":17,"enemies":"Large Slime","floor":8,"turns":7},{"damage":0,"enemies":"Lots of Slimes","floor":13,"turns":3},{"damage":12,"enemies":"Gremlin Nob","floor":14,"turns":4},{"damage":20,"enemies":"The Guardian","floor":16,"turns":11},{"damage":21,"enemies":"Chosen","floor":18,"turns":6},{"damage":13,"enemies":"3 Byrds","floor":19,"turns":3},{"damage":12,"enemies":"3 Cultists","floor":21,"turns":3},{"damage":9,"enemies":"Centurion and Healer","floor":22,"turns":6},{"damage":14,"enemies":"Cultist and Chosen","floor":25,"turns":7},{"damage":3,"enemies":"Chosen and Byrds","floor":27,"turns":5},{"damage":38,"enemies":"Gremlin Leader","floor":30,"turns":6},{"damage":55,"enemies":"Automaton","floor":33,"turns":10},{"damage":0,"enemies":"3 Shapes","floor":35,"turns":6},{"damage":4,"enemies":"Orb Walker","floor":36,"turns":6},{"damage":0,"enemies":"Mind Bloom Boss Battle","floor":37,"turns":9},{"damage":11,"enemies":"Spire Growth","floor":38,"turns":9},{"damage":6,"enemies":"Reptomancer","floor":41,"turns":7},{"damage":7,"enemies":"Sphere and 2 Shapes","floor":44,"turns":7},{"damage":9,"enemies":"Maw","floor":46,"turns":9},{"damage":37,"enemies":"2 Orb Walkers","floor":47,"turns":6},{"damage":66,"enemies":"Awakened One","floor":50,"turns":17},{"damage":30,"enemies":"Shield and Spear","floor":54,"turns":6},{"damage":64,"enemies":"The Heart","floor":55,"turns":12}],"seed_played":"-2374394148979583457","potions_obtained":[{"floor":0,"key":"EssenceOfSteel"},{"floor":0,"key":"AttackPotion"},{"floor":0,"key":"Strength Potion"},{"floor":4,"key":"Dexterity Potion"},{"floor":6,"key":"SteroidPotion"},{"floor":18,"key":"SmokeBomb"},{"floor":20,"key":"FairyPotion"},{"floor":25,"key":"GhostInAJar"},{"floor":47,"key":"Strength Potion"}],"is_trial":false,"path_per_floor":["?","?","M","?","T","?","?","M","?","?"],"character_chosen":"THE_SILENT","items_purchased":["After Image","Shuriken","Bottled Tornado","Noxious Fumes+1","Dodge and Roll"],"campfire_rested":4,"item_purchase_floors":[24,24,53,53,53],"current_hp_per_floor":[68,67,64,60,53,44,44,27,27,48,48,48,48,36,36,16,70,49,36,36,24,15,48,48,34,44,41,41,80,42,56,94,39,94,94,90,90,79,79,94,88,94,94,87,94,85,48,48,66,9,94,94,94,64,0],"gold":82,"neow_bonus":"THREE_SMALL_POTIONS","is_prod":false,"is_daily":false,"chose_seed":false,"campfire_upgraded":6,"win_rate":0,"timestamp":1556239993,"path_taken":["M","M","M","M","M","E","R","M","T","R","?","R","M","E","R","BOSS","M","M","?","M","?","R","$","M","T","M","?","R","E","?","R","BOSS","M","M","?","M","?","R","E","R","T","M","R","?","?","?","R","BOSS","R","$","E","BOSS"],"build_version":"2019-01-23","purchased_purges":0,"victory":false,"max_hp_per_floor":[70,70,70,70,70,70,70,70,70,70,70,70,70,70,70,70,70,70,70,70,70,70,70,70,70,80,80,80,80,80,94,94,94,94,94,94,94,94,94,94,94,94,94,94,94,94,94,94,94,94,94,94,94,94,94],"card_choices":[{"not_picked":["Deflect","Terror"],"picked":"Crippling Poison","floor":1},{"not_picked":["Slice","Deflect"],"picked":"Terror","floor":2},{"not_picked":["Masterful Stab","Slice"],"picked":"Bouncing Flask","floor":3},{"not_picked":["Tactician","Masterful Stab"],"picked":"Deadly Poison","floor":4},{"not_picked":["Blade Dance","Choke"],"picked":"Adrenaline","floor":5},{"not_picked":["Acrobatics","Outmaneuver"],"picked":"PiercingWail","floor":6},{"not_picked":["Deadly Poison","Blade Dance"],"picked":"Cloak And Dagger","floor":8},{"not_picked":["Caltrops","Dagger Spray","Cloak And Dagger"],"picked":"Leg Sweep","floor":13},{"not_picked":["Bouncing Flask","Prepared","Quick Slash","Outmaneuver"],"picked":"SKIP","floor":14},{"not_picked":["Envenom","Die Die Die","Adrenaline"],"picked":"Corpse Explosion","floor":16},{"not_picked":["Slice+1","Dodge and Roll","Bane"],"picked":"Crippling Poison","floor":18},{"not_picked":["Blade Dance","Flying Knee","Deflect"],"picked":"Cloak And Dagger+1","floor":19},{"not_picked":["Quick Slash","Poisoned Stab","Escape Plan"],"picked":"Footwork","floor":21},{"not_picked":["Quick Slash","Dagger Spray","Bouncing Flask+1"],"picked":"Wraith Form v2","floor":22},{"not_picked":["Caltrops+1","Underhanded Strike+1","Deadly Poison"],"picked":"Escape Plan","floor":25},{"not_picked":["All Out Attack","Cloak And Dagger","Underhanded Strike+1"],"picked":"Calculated Gamble","floor":27},{"not_picked":["Underhanded Strike","Outmaneuver+1","Expertise","Skewer"],"picked":"SKIP","floor":30},{"not_picked":["Glass Knife","Doppelganger","Adrenaline"],"picked":"Wraith Form v2+1","floor":33},{"not_picked":["Calculated Gamble","Flying Knee+1","Underhanded Strike","Choke"],"picked":"SKIP","floor":35},{"not_picked":["Outmaneuver","Distraction","Dodge and Roll"],"picked":"Backstab","floor":36},{"not_picked":["Outmaneuver","Reflex+1","Bane"],"picked":"Cloak And Dagger","floor":37},{"not_picked":["Outmaneuver+1","Calculated Gamble","Dagger Throw"],"picked":"Accuracy+1","floor":38},{"not_picked":["Riddle With Holes+1","Outmaneuver+1","Eviscerate+1"],"picked":"All Out Attack+1","floor":41},{"not_picked":["Blur+1","Accuracy+1","Underhanded Strike+1"],"picked":"Noxious Fumes+1","floor":44},{"not_picked":["Bane+1","Dagger Spray+1","Doppelganger","Flying Knee+1"],"picked":"SKIP","floor":46},{"not_picked":["Outmaneuver+1","Blade Dance+1","Prepared"],"picked":"Footwork+1","floor":47},{"not_picked":["Bane+1","Acrobatics","Blade Dance"],"picked":"Night Terror","floor":54}],"player_experience":80304,"relics_obtained":[{"floor":6,"key":"Matryoshka"},{"floor":9,"key":"Bag of Preparation"},{"floor":9,"key":"Question Card"},{"floor":14,"key":"The Specimen"},{"floor":26,"key":"Pear"},{"floor":26,"key":"Ninja Scroll"},{"floor":30,"key":"Frozen Egg 2"},{"floor":31,"key":"Mango"},{"floor":37,"key":"Incense Burner"},{"floor":41,"key":"PreservedInsect"},{"floor":47,"key":"Girya"},{"floor":54,"key":"Pen Nib"}],"event_choices":[{"cards_removed":["Strike_G"],"damage_healed":0,"gold_gain":0,"player_choice":"Card Removal","damage_taken":0,"max_hp_gain":0,"max_hp_loss":0,"event_name":"The Cleric","floor":11,"gold_loss":50},{"damage_healed":0,"gold_gain":0,"player_choice":"Bought 1 Potion","damage_taken":0,"max_hp_gain":0,"max_hp_loss":0,"event_name":"The Woman in Blue","floor":20,"gold_loss":0},{"damage_healed":0,"gold_gain":0,"player_choice":"Simplicity","damage_taken":0,"max_hp_gain":0,"max_hp_loss":0,"event_name":"Back to Basics","floor":28,"gold_loss":0,"cards_upgraded":["Defend_G","Defend_G","Defend_G","Defend_G","Defend_G","Strike_G","Strike_G","Strike_G","Strike_G"]},{"damage_healed":0,"gold_gain":0,"player_choice":"Fight","damage_taken":0,"max_hp_gain":0,"max_hp_loss":0,"event_name":"MindBloom","floor":37,"gold_loss":0},{"cards_removed":["Defend_G"],"damage_healed":0,"gold_gain":0,"player_choice":"Upgrade and Remove","damage_taken":0,"max_hp_gain":0,"max_hp_loss":0,"event_name":"Designer","floor":39,"gold_loss":90,"cards_upgraded":["Cloak And Dagger"]},{"damage_healed":0,"gold_gain":0,"player_choice":"Fight","damage_taken":0,"max_hp_gain":0,"max_hp_loss":0,"event_name":"Mysterious Sphere","floor":47,"gold_loss":0},{"cards_removed":["Strike_G"],"damage_healed":0,"gold_gain":0,"player_choice":"Removed Attack","damage_taken":0,"max_hp_gain":0,"max_hp_loss":0,"event_name":"Falling","floor":48,"gold_loss":0}],"is_beta":false,"boss_relics":[{"not_picked":["Fusion Hammer","Coffee Dripper"],"picked":"Eternal Feather"},{"not_picked":["Runic Dome","Busted Crown"],"picked":"Empty Cage"}],"items_purged_floors":[],"is_endless":false,"potions_floor_spawned":[1,4,6,18,21,25,36,46,47],"killed_by":"The Heart","ascension_level":2}