{"gold_per_floor":[118,118,5,5,18,18,28,104,127,202,219,74,74,100,100,196,196,207,207,132,132,148,148,181,181,181,181,81,106,106,124,124,219,219,238,257,257,257,357,391,15,15,65,78,78,10,45,45,45,45,45,45,45,45],"floor_reached":54,"playtime":6542,"items_purged":["Strike_B","Strike_B","Defend_B"],"score":800,"play_id":"17207e11-b2f5-4a0d-8871-1ed4e521154b","local_time":"20181225151348","is_ascension_mode":false,"campfire_choices":[{"floor":6,"key":"RECALL"},{"data":"Defragment","floor":13,"key":"SMITH"},{"data":"Loop","floor":15,"key":"SMITH"},{"data":"Fission","floor":23,"key":"SMITH"},{"data":"Glacier","floor":25,"key":"SMITH"},{"data":"Echo Form","floor":30,"key":"SMITH"},{"data":"Conserve Battery","floor":32,"key":"SMITH"},{"floor":45,"key":"REST"},{"floor":49,"key":"REST"},{"floor":52,"key":"REST"}],"neow_cost":"NONE","seed_source_timestamp":659530144765153,"circlet_count":0,"master_deck":["Defend_B","Zap","Dualcast","Fission+1","Defragment+1","Glacier+1","Conserve Battery+1","Loop+1","Seek","BootSequence","Go for the Eyes+1","Echo Form+1","Echo Form","Cold Snap+1","Ball Lightning+1","Panache","Madness+1","Bandage Up+1","Cold Snap+1","Glacier+1","Undo+1","Madness+1","Madness+1"],"relics":["Cracked Core","Letter Opener","Oddly Smooth Stone","WingedGreaves","Velvet Choker","Juzu Bracelet","Ginger","Regal Pillow","Fusion Hammer","Du-Vu Doll","Mango","Toxic Egg 2","Happy Flower","Centennial Puzzle"],"potions_floor_usage":[22,24,33,35,39,39,39,39,39,40,50],"damage_taken":[{"damage":0,"enemies":"Small Slimes","floor":1,"turns":2},{"damage":3,"enemies":"Jaw Worm","floor":5,"turns":5},{"damage":0,"enemies":"2 Louse","floor":7,"turns":5},{"damage":0,"enemies":"Looter","floor":11,"turns":3},{"damage":0,"enemies":"3 Sentries","floor":14,"turns":14},{"damage":20,"enemies":"The Guardian","floor":16,"turns":16},{"damage":0,"enemies":"Spheric Guardian","floor":18,"turns":6},{"damage":7,"enemies":"2 Thieves","floor":22,"turns":4},{"damage":14,"enemies":"Book of Stabbing","floor":24,"turns":6},{"damage":14,"enemies":"Slavers","floor":29,"turns":8},{"damage":0,"enemies":"Snecko","floor":31,"turns":6},{"damage":14,"enemies":"Automaton","floor":33,"turns":19},{"damage":0,"enemies":"3 Shapes","floor":35,"turns":7},{"damage":16,"enemies":"Orb Walker","floor":36,"turns":4},{"damage":9,"enemies":"Mind Bloom Boss Battle","floor":39,"turns":9},{"damage":4,"enemies":"Reptomancer","floor":40,"turns":6},{"damage":15,"enemies":"Maw","floor":44,"turns":7},{"damage":0,"enemies":"Giant Head","floor":47,"turns":11},{"damage":17,"enemies":"Time Eater","floor":50,"turns":14},{"damage":115,"enemies":"Shield and Spear","floor":54,"turns":11}],"seed_played":"-7112407868289338563","potions_obtained":[{"floor":1,"key":"Ancient Potion"},{"floor":14,"key":"SpeedPotion"},{"floor":16,"key":"SteroidPotion"},{"floor":21,"key":"Fruit Juice"},{"floor":21,"key":"PowerPotion"},{"floor":29,"key":"Swift Potion"},{"floor":31,"key":"Ancient Potion"},{"floor":36,"key":"EntropicBrew"},{"floor":39,"key":"PowerPotion"},{"floor":40,"key":"Ancient Potion"}],"is_trial":false,"path_per_floor":["M","?","$","?","M","R","M","T","T","?","M","$","R","E","R","B",null,"M","?","?","?","M","R","E","R","T","?","$","E","R","M","R","B",null,"M","M","?","?","?","E","$","?","T","M","R","$","E","?","R","B",null,"R","$","E"],"character_chosen":"DEFECT","items_purchased":["Defragment","Oddly Smooth Stone","Toxic Egg 2","Glacier+1"],"campfire_rested":3,"item_purchase_floors":[3,12,41,46],"current_hp_per_floor":[75,75,75,68,65,65,65,65,65,54,54,54,54,54,54,34,75,75,75,75,75,73,73,59,59,59,59,59,45,45,45,45,31,80,80,64,64,64,55,65,65,55,55,46,89,89,94,82,94,83,94,94,94,0],"gold":45,"neow_bonus":"ONE_RANDOM_RARE_CARD","is_prod":false,"is_daily":false,"chose_seed":false,"campfire_upgraded":6,"win_rate":0,"timestamp":1545768828,"path_taken":["M","?","$","?","M","R","M","?","T","?","M","?","R","E","R","BOSS","M","?","?","?","?","R","E","R","T","?","$","E","R","M","R","BOSS","M","M","?","?","?","E","$","?","T","M","R","?","E","?","R","BOSS","R","$","E"],"build_version":"2018-12-20","purchased_purges":3,"victory":false,"max_hp_per_floor":[75,75,75,75,75,75,75,75,75,75,75,75,75,75,75,75,75,75,75,75,75,80,80,80,80,80,80,80,80,80,80,80,80,80,80,80,80,80,80,94,94,94,94,94,94,94,94,94,94,94,94,94,94,94],"card_choices":[{"not_picked":["Recycle","Steam","Hologram"],"picked":"SKIP","floor":1},{"not_picked":["Steam","Gash"],"picked":"Glacier","floor":5},{"not_picked":["Leap","Rebound"],"picked":"Conserve Battery","floor":7},{"not_picked":["Stack","Leap","Barrage"],"picked":"SKIP","floor":11},{"not_picked":["Double Energy","Coolheaded"],"picked":"Loop","floor":14},{"not_picked":["Multi-Cast","Hyperbeam"],"picked":"Seek","floor":16},{"not_picked":["Hologram","Fusion"],"picked":"BootSequence","floor":18},{"not_picked":["Ball Lightning","Compile Driver","Gash"],"picked":"SKIP","floor":22},{"not_picked":["Reinforced Body","Barrage+1"],"picked":"Go for the Eyes+1","floor":24},{"not_picked":["Go for the Eyes+1","Meteor Strike"],"picked":"Echo Form","floor":29},{"not_picked":["Turbo","Chaos+1","BootSequence"],"picked":"SKIP","floor":31},{"not_picked":["Seek","Hyperbeam"],"picked":"Echo Form","floor":33},{"not_picked":["Sweeping Beam+1","Self Repair"],"picked":"Cold Snap+1","floor":35},{"not_picked":["BootSequence","White Noise"],"picked":"Beam Cell+1","floor":36},{"not_picked":["Conserve Battery","Leap"],"picked":"Ball Lightning+1","floor":40},{"not_picked":["Forethought+1","Jack Of All Trades+1"],"picked":"Panache","floor":42},{"not_picked":["Mind Blast","Panacea+1"],"picked":"Madness+1","floor":42},{"not_picked":["Swift Strike","Enlightenment+1"],"picked":"Bandage Up+1","floor":42},{"not_picked":["Tempest+1","Ball Lightning"],"picked":"Cold Snap+1","floor":44},{"not_picked":["Beam Cell","Hologram+1"],"picked":"Undo+1","floor":47}],"player_experience":533059,"relics_obtained":[{"floor":8,"key":"Letter Opener"},{"floor":14,"key":"WingedGreaves"},{"floor":24,"key":"Juzu Bracelet"},{"floor":26,"key":"Ginger"},{"floor":29,"key":"Regal Pillow"},{"floor":39,"key":"Du-Vu Doll"},{"floor":40,"key":"Mango"},{"floor":43,"key":"Happy Flower"},{"floor":47,"key":"Centennial Puzzle"}],"event_choices":[{"damage_healed":0,"gold_gain":0,"player_choice":"Ignored","damage_taken":0,"max_hp_gain":0,"max_hp_loss":0,"event_name":"Liars Game","floor":2,"gold_loss":0},{"cards_removed":["Strike_B"],"damage_healed":0,"gold_gain":0,"player_choice":"Card Removal","damage_taken":7,"max_hp_gain":0,"max_hp_loss":0,"event_name":"Golden Wing","floor":4,"gold_loss":0},{"damage_healed":0,"gold_gain":75,"player_choice":"Gather Gold","damage_taken":11,"max_hp_gain":0,"max_hp_loss":0,"event_name":"World of Goop","floor":10,"gold_loss":0},{"damage_healed":0,"gold_gain":0,"player_choice":"Ignored","damage_taken":0,"max_hp_gain":0,"max_hp_loss":0,"event_name":"Vampires","floor":19,"gold_loss":0},{"cards_removed":["Defend_B"],"damage_healed":0,"gold_gain":0,"player_choice":"Gave Gold","damage_taken":0,"max_hp_gain":0,"max_hp_loss":0,"event_name":"Beggar","floor":20,"gold_loss":75},{"damage_healed":0,"gold_gain":0,"player_choice":"Got Potions","damage_taken":0,"max_hp_gain":0,"max_hp_loss":0,"event_name":"Lab","floor":21,"gold_loss":0},{"cards_removed":["Defend_B"],"damage_healed":0,"gold_gain":0,"player_choice":"Elegance","damage_taken":0,"max_hp_gain":0,"max_hp_loss":0,"event_name":"Back to Basics","floor":27,"gold_loss":0},{"cards_removed":["Beam Cell"],"damage_healed":0,"gold_gain":0,"player_choice":"Removed Attack","damage_taken":0,"max_hp_gain":0,"max_hp_loss":0,"event_name":"Falling","floor":37,"gold_loss":0},{"cards_removed":["Strike_B"],"damage_healed":0,"gold_gain":0,"player_choice":"Card Removal","damage_taken":0,"max_hp_gain":0,"max_hp_loss":0,"event_name":"Wheel of Change","floor":38,"gold_loss":0},{"damage_healed":0,"gold_gain":0,"player_choice":"Fight","damage_taken":0,"max_hp_gain":0,"max_hp_loss":0,"event_name":"MindBloom","floor":39,"gold_loss":0},{"damage_healed":0,"gold_gain":0,"player_choice":"Memory 3","damage_taken":10,"max_hp_gain":0,"max_hp_loss":0,"event_name":"SensoryStone","floor":42,"gold_loss":0},{"damage_healed":0,"gold_gain":0,"player_choice":"Embrace Madness","damage_taken":12,"max_hp_gain":0,"max_hp_loss":0,"event_name":"Winding Halls","floor":48,"gold_loss":0,"cards_obtained":["Madness","Madness"]}],"is_beta":false,"boss_relics":[{"not_picked":["Empty Cage","Tiny House"],"picked":"Velvet Choker"},{"not_picked":["Inserter","Black Star"],"picked":"Fusion Hammer"}],"items_purged_floors":[3,28,41],"is_endless":false,"potions_floor_spawned":[1,14,16,29,31,36,39,40],"killed_by":"Shield and Spear","ascension_level":0}