{"gold_per_floor":[110,110,120,140,153,184,196,221,221,237,266,75,75,88,88,189,189,209,220,235,160,160,160,13,343,423,423,75,92,106,124,124,124],"floor_reached":33,"playtime":1973,"items_purged":[],"score":291,"play_id":"80aea671-2b35-4bf5-8ec6-3628905544cd","local_time":"20190415164700","is_ascension_mode":false,"campfire_choices":[{"floor":13,"key":"REST"},{"floor":15,"key":"REST"},{"floor":23,"key":"REST"},{"floor":32,"key":"REST"}],"neow_cost":"TEN_PERCENT_HP_LOSS","seed_source_timestamp":70402742492900,"circlet_count":0,"master_deck":["Defend_G","Defend_G","Defend_G","Defend_G","Defend_G","Strike_G","Strike_G","Strike_G","Strike_G","Survivor","Neutralize","Mind Blast","Madness+1","Deadly Poison","Catalyst","Bane","Backflip","Cloak And Dagger","Accuracy","Envenom","Sucker Punch","Caltrops","Cloak And Dagger","Storm of Steel+1","PiercingWail","Infinite Blades","J.A.X.","Bullet Time","PiercingWail","Havoc","Seek","Deadly Poison"],"relics":["Ring of the Snake","Ancient Tea Set","Mercury Hourglass","Thread and Needle","Bottled Flame","Strange Spoon","WristBlade","Old Coin","Kunai","PrismaticShard","Happy Flower"],"potions_floor_usage":[6,8,16,20,30,30,31,33],"damage_taken":[{"damage":0,"enemies":"Small Slimes","floor":1,"turns":4},{"damage":0,"enemies":"Cultist","floor":3,"turns":5},{"damage":0,"enemies":"Jaw Worm","floor":4,"turns":4},{"damage":1,"enemies":"2 Fungi Beasts","floor":5,"turns":4},{"damage":25,"enemies":"3 Sentries","floor":6,"turns":9},{"damage":1,"enemies":"3 Louse","floor":7,"turns":5},{"damage":6,"enemies":"Lagavulin","floor":8,"turns":7},{"damage":0,"enemies":"Exordium Thugs","floor":10,"turns":4},{"damage":19,"enemies":"3 Sentries","floor":11,"turns":6},{"damage":0,"enemies":"Looter","floor":14,"turns":2},{"damage":18,"enemies":"Slime Boss","floor":16,"turns":8},{"damage":7,"enemies":"Shell Parasite","floor":18,"turns":6},{"damage":0,"enemies":"3 Byrds","floor":19,"turns":4},{"damage":21,"enemies":"Snecko","floor":20,"turns":6},{"damage":16,"enemies":"Slavers","floor":25,"turns":5},{"damage":16,"enemies":"Snake Plant","floor":29,"turns":4},{"damage":5,"enemies":"Centurion and Healer","floor":30,"turns":4},{"damage":0,"enemies":"Shelled Parasite and Fungi","floor":31,"turns":6},{"damage":55,"enemies":"Automaton","floor":33,"turns":6}],"seed_played":"8988841249993945070","potions_obtained":[{"floor":4,"key":"SpeedPotion"},{"floor":5,"key":"Poison Potion"},{"floor":8,"key":"SpeedPotion"},{"floor":11,"key":"Explosive Potion"},{"floor":16,"key":"SteroidPotion"},{"floor":18,"key":"GamblersBrew"},{"floor":25,"key":"SkillPotion"},{"floor":30,"key":"EssenceOfSteel"},{"floor":31,"key":"Swift Potion"}],"is_trial":false,"path_per_floor":["M","?","M","M","M","E","M","E","T","M","E","$","R","M","R","B",null,"M","M","M","?","?","R","$","E","T","?","$","M","M","M","R","B"],"character_chosen":"THE_SILENT","items_purchased":["Strange Spoon","Bullet Time","PrismaticShard","Happy Flower"],"campfire_rested":4,"item_purchase_floors":[12,24,28,28],"current_hp_per_floor":[63,63,63,63,62,37,36,30,30,30,11,11,29,29,47,29,63,56,56,35,35,35,53,53,37,37,37,37,21,16,16,34,0],"gold":124,"neow_bonus":"RANDOM_COLORLESS_2","is_prod":false,"is_daily":false,"chose_seed":false,"campfire_upgraded":0,"win_rate":0,"timestamp":1555361220,"path_taken":["M","?","M","M","M","E","?","E","T","M","E","$","R","M","R","BOSS","M","M","M","?","?","R","$","E","T","?","$","M","M","M","R","BOSS"],"build_version":"2019-01-23","purchased_purges":0,"victory":false,"max_hp_per_floor":[63,63,63,63,63,63,63,63,63,63,63,63,63,63,63,63,63,63,63,63,63,63,63,63,63,63,63,63,63,63,63,63,63],"card_choices":[{"not_picked":["Deflect","PiercingWail"],"picked":"Deadly Poison","floor":1},{"not_picked":["Dagger Spray","Predator"],"picked":"Catalyst","floor":3},{"not_picked":["Flying Knee","Cloak And Dagger"],"picked":"Bane","floor":4},{"not_picked":["Tactician","Deadly Poison"],"picked":"Backflip","floor":5},{"not_picked":["Flying Knee","Dodge and Roll"],"picked":"Cloak And Dagger","floor":6},{"not_picked":["Dagger Throw","Quick Slash"],"picked":"Accuracy","floor":7},{"not_picked":["Choke","Flying Knee"],"picked":"Envenom","floor":8},{"not_picked":["Expertise","Dagger Spray"],"picked":"Sucker Punch","floor":10},{"not_picked":["Bane","Calculated Gamble"],"picked":"Caltrops","floor":11},{"not_picked":["Dagger Throw","Flying Knee"],"picked":"Cloak And Dagger","floor":14},{"not_picked":["Night Terror","Tools of the Trade"],"picked":"Storm of Steel","floor":16},{"not_picked":["Dagger Throw","Prepared"],"picked":"PiercingWail","floor":18},{"not_picked":["Outmaneuver","Blur","Prepared"],"picked":"SKIP","floor":19},{"not_picked":["Blade Dance","Deflect"],"picked":"Infinite Blades","floor":20},{"not_picked":["Distraction","Outmaneuver"],"picked":"PiercingWail","floor":25},{"not_picked":["Purity","Warcry"],"picked":"Havoc","floor":29},{"not_picked":["Sever Soul","Footwork"],"picked":"Seek","floor":30},{"not_picked":["Steam","Skewer"],"picked":"Deadly Poison","floor":31}],"player_experience":160397,"relics_obtained":[{"floor":6,"key":"Ancient Tea Set"},{"floor":8,"key":"Mercury Hourglass"},{"floor":9,"key":"Thread and Needle"},{"floor":11,"key":"Bottled Flame"},{"floor":25,"key":"Old Coin"},{"floor":26,"key":"Kunai"}],"event_choices":[{"damage_healed":0,"gold_gain":0,"player_choice":"Upgraded","damage_taken":0,"max_hp_gain":0,"max_hp_loss":0,"event_name":"Upgrade Shrine","floor":2,"gold_loss":0,"cards_upgraded":["Madness"]},{"cards_removed":["Strike_G"],"damage_healed":0,"gold_gain":0,"player_choice":"Gave Gold","damage_taken":0,"max_hp_gain":0,"max_hp_loss":0,"event_name":"Beggar","floor":21,"gold_loss":75},{"damage_healed":0,"gold_gain":0,"player_choice":"Obtain J.A.X.","damage_taken":0,"max_hp_gain":0,"max_hp_loss":0,"event_name":"Drug Dealer","floor":22,"gold_loss":0,"cards_obtained":["J.A.X."]},{"damage_healed":0,"gold_gain":0,"player_choice":"Upgraded","damage_taken":0,"max_hp_gain":0,"max_hp_loss":0,"event_name":"Upgrade Shrine","floor":27,"gold_loss":0,"cards_upgraded":["Storm of Steel"]}],"is_beta":false,"boss_relics":[{"not_picked":["Tiny House","Calling Bell"],"picked":"WristBlade"}],"items_purged_floors":[],"is_endless":false,"potions_floor_spawned":[4,5,8,11,16,18,25,30,31],"killed_by":"Automaton","ascension_level":0}