{"gold_per_floor":[117,117,130,143,68,68,81,107,107,107,107,107,123,123,123,222,222,236,52,151,167,185,185,185,185,185,198,113,142,142],"floor_reached":30,"playtime":845,"items_purged":["Strike_B","Strike_B"],"score":335,"play_id":"6a16b8b7-7451-4bd4-890a-023cb90af479","local_time":"20190426125649","is_ascension_mode":true,"campfire_choices":[{"data":"Zap","floor":6,"key":"SMITH"},{"data":"Genetic Algorithm","floor":10,"key":"SMITH"},{"data":"Loop","floor":12,"key":"SMITH"},{"data":"Sunder","floor":15,"key":"SMITH"},{"floor":23,"key":"REST"},{"floor":25,"key":"REST"}],"neow_cost":"NONE","seed_source_timestamp":68302520897104,"circlet_count":0,"master_deck":["Strike_B","Defend_B","Defend_B","Defend_B","Defend_B","Zap+1","Dualcast","Sunder+1","Skim","White Noise","Sweeping Beam","Genetic Algorithm+1","Loop+1","Capacitor","Cold Snap","Cold Snap","Reboot","Leap"],"relics":["Cracked Core","Pear","Fusion Hammer","MutagenicStrength","Bronze Scales","StoneCalendar","Dodecahedron"],"potions_floor_usage":[8,8,29,29],"damage_taken":[{"damage":0,"enemies":"2 Louse","floor":1,"turns":2},{"damage":1,"enemies":"Cultist","floor":3,"turns":4},{"damage":9,"enemies":"Jaw Worm","floor":4,"turns":3},{"damage":11,"enemies":"Blue Slaver","floor":7,"turns":4},{"damage":15,"enemies":"Lagavulin","floor":8,"turns":6},{"damage":8,"enemies":"Red Slaver","floor":13,"turns":4},{"damage":40,"enemies":"Slime Boss","floor":16,"turns":7},{"damage":38,"enemies":"3 Byrds","floor":18,"turns":4},{"damage":13,"enemies":"Spheric Guardian","floor":21,"turns":4},{"damage":19,"enemies":"Snake Plant","floor":22,"turns":3},{"damage":7,"enemies":"Centurion and Healer","floor":27,"turns":7},{"damage":39,"enemies":"Book of Stabbing","floor":29,"turns":4},{"damage":11,"enemies":"Chosen and Byrds","floor":30,"turns":1}],"seed_played":"9068636107112225742","potions_obtained":[{"floor":0,"key":"SkillPotion"},{"floor":0,"key":"Regen Potion"},{"floor":0,"key":"FocusPotion"},{"floor":13,"key":"Dexterity Potion"},{"floor":21,"key":"LiquidBronze"}],"is_trial":false,"path_per_floor":["?","M","M","$","M","?","?","?","?","?","M"],"character_chosen":"DEFECT","items_purchased":["Capacitor","Cold Snap"],"campfire_rested":2,"item_purchase_floors":[19,19],"current_hp_per_floor":[68,68,67,58,58,58,47,57,57,57,57,57,49,85,85,45,75,37,37,37,24,5,30,30,55,55,48,48,9,0],"gold":142,"neow_bonus":"THREE_SMALL_POTIONS","is_prod":false,"is_daily":false,"chose_seed":false,"campfire_upgraded":4,"win_rate":0,"timestamp":1556258209,"path_taken":["M","?","?","?","?","R","?","E","T","R","?","R","M","?","R","BOSS","M","$","?","M","M","R","?","R","T","M","?","E","?"],"build_version":"2019-01-23","purchased_purges":2,"victory":false,"max_hp_per_floor":[75,75,75,75,75,75,75,85,85,85,85,85,85,85,85,85,85,85,85,85,85,85,85,85,85,85,85,85,85,85],"card_choices":[{"not_picked":["Barrage","Reinforced Body"],"picked":"Sunder","floor":1},{"not_picked":["Barrage","Turbo"],"picked":"White Noise","floor":3},{"not_picked":["All For One","Streamline"],"picked":"Sweeping Beam","floor":4},{"not_picked":["Compile Driver","Blizzard"],"picked":"Genetic Algorithm","floor":7},{"not_picked":["Rip and Tear","Lockon"],"picked":"Loop","floor":8},{"not_picked":["Streamline","Go for the Eyes","Redo"],"picked":"SKIP","floor":13},{"not_picked":["Go for the Eyes","Sweeping Beam","Steam"],"picked":"SKIP","floor":18},{"not_picked":["Gash+1","Reinforced Body"],"picked":"Cold Snap","floor":21},{"not_picked":["Streamline","Aggregate","Redo"],"picked":"SKIP","floor":22},{"not_picked":["Sweeping Beam","Redo"],"picked":"Reboot","floor":27},{"not_picked":["Go for the Eyes","BootSequence"],"picked":"Leap","floor":29}],"player_experience":98537,"relics_obtained":[{"floor":8,"key":"Pear"},{"floor":26,"key":"Bronze Scales"},{"floor":29,"key":"Dodecahedron"}],"event_choices":[{"damage_healed":0,"gold_gain":0,"cards_transformed":["Strike_B"],"player_choice":"Transformed","damage_taken":0,"max_hp_gain":0,"max_hp_loss":0,"event_name":"Transmorgrifier","floor":2,"gold_loss":0,"cards_obtained":["Skim"]},{"damage_healed":0,"gold_gain":0,"player_choice":"Ignored","damage_taken":0,"max_hp_gain":0,"max_hp_loss":0,"event_name":"Liars Game","floor":11,"gold_loss":0},{"damage_healed":36,"gold_gain":0,"player_choice":"Full Heal","damage_taken":0,"max_hp_gain":0,"max_hp_loss":0,"event_name":"Wheel of Change","floor":14,"gold_loss":0},{"damage_healed":0,"gold_gain":99,"player_choice":"Stole From Cult","damage_taken":0,"max_hp_gain":0,"max_hp_loss":0,"event_name":"Nest","floor":20,"gold_loss":0},{"damage_healed":0,"gold_gain":0,"player_choice":"Inject Mutagens","damage_taken":0,"relics_obtained":["MutagenicStrength"],"max_hp_gain":0,"max_hp_loss":0,"event_name":"Drug Dealer","floor":24,"gold_loss":0},{"damage_healed":0,"gold_gain":0,"player_choice":"Obtained Relic","damage_taken":0,"relics_obtained":["StoneCalendar"],"max_hp_gain":0,"max_hp_loss":0,"event_name":"Addict","floor":28,"gold_loss":85}],"is_beta":false,"boss_relics":[{"not_picked":["Calling Bell","Coffee Dripper"],"picked":"Fusion Hammer"}],"items_purged_floors":[5,19],"is_endless":false,"potions_floor_spawned":[1,4,13,21,22],"killed_by":"Chosen and Byrds","ascension_level":7}