{"gold_per_floor":[119,136,146,162,176,206,206,239,239,255,255],"floor_reached":11,"playtime":549,"items_purged":[],"score":87,"play_id":"83e3ebd8-743e-4ce9-88ee-685dae5862ac","local_time":"20190410135029","is_ascension_mode":false,"campfire_choices":[{"floor":7,"key":"REST"}],"neow_cost":"NONE","seed_source_timestamp":67092117321603,"circlet_count":0,"master_deck":["Strike_B","Strike_B","Strike_B","Defend_B","Defend_B","Defend_B","Defend_B","Zap","Dualcast","Steam Power","Ball Lightning","Streamline","Leap","Fusion","Defragment","Sweeping Beam","Chaos","Thunder Strike"],"relics":["Cracked Core","Calipers","Question Card","Pantograph"],"potions_floor_usage":[8],"damage_taken":[{"damage":1,"enemies":"Jaw Worm","floor":1,"turns":4},{"damage":0,"enemies":"Small Slimes","floor":2,"turns":2},{"damage":0,"enemies":"2 Louse","floor":3,"turns":2},{"damage":0,"enemies":"Large Slime","floor":4,"turns":4},{"damage":2,"enemies":"2 Fungi Beasts","floor":5,"turns":4},{"damage":31,"enemies":"3 Sentries","floor":6,"turns":7},{"damage":25,"enemies":"Gremlin Nob","floor":8,"turns":4},{"damage":31,"enemies":"Gremlin Gang","floor":10,"turns":4},{"damage":12,"enemies":"Large Slime","floor":11,"turns":3}],"seed_played":"-6685409946770392414","potions_obtained":[{"floor":2,"key":"Explosive Potion"},{"floor":6,"key":"Fruit Juice"},{"floor":8,"key":"SteroidPotion"},{"floor":10,"key":"Fire Potion"}],"is_trial":false,"path_per_floor":["M","M","M","M","M","E","R","E","T","M","M"],"character_chosen":"DEFECT","items_purchased":[],"campfire_rested":1,"item_purchase_floors":[],"current_hp_per_floor":[74,74,74,74,72,41,63,43,43,12,0],"gold":255,"neow_bonus":"TRANSFORM_CARD","is_prod":false,"is_daily":false,"chose_seed":false,"campfire_upgraded":0,"win_rate":0.0,"timestamp":1554918629,"path_taken":["M","M","M","M","M","E","R","E","T","M","M"],"build_version":"2019-01-23","purchased_purges":0,"victory":false,"max_hp_per_floor":[75,75,75,75,75,75,75,80,80,80,80],"card_choices":[{"not_picked":["Compile Driver","Force Field"],"picked":"Ball Lightning","floor":1},{"not_picked":["White Noise","Consume"],"picked":"Streamline","floor":2},{"not_picked":["Recycle","Beam Cell"],"picked":"Leap","floor":3},{"not_picked":["Redo","Hologram"],"picked":"Fusion","floor":4},{"not_picked":["Storm","Stack"],"picked":"Defragment","floor":5},{"not_picked":["Turbo","Stack"],"picked":"Sweeping Beam","floor":6},{"not_picked":["Barrage","Coolheaded"],"picked":"Chaos","floor":8},{"not_picked":["Barrage","Chaos","Stack"],"picked":"Thunder Strike","floor":10}],"player_experience":97101,"relics_obtained":[{"floor":6,"key":"Calipers"},{"floor":8,"key":"Question Card"},{"floor":9,"key":"Pantograph"}],"event_choices":[],"is_beta":false,"boss_relics":[],"items_purged_floors":[],"is_endless":false,"potions_floor_spawned":[2,6,8,10],"killed_by":"Large Slime","ascension_level":0}