{"gold_per_floor":[110,9,9,9,9,9,35,46,73,103,103,432,432,455,455,554,554,565,417,428,478,496,496,516,533,533,533,533,560,560,560,560,656,656,668,668,668,686,310,310,324,343,367,367,385,399,399,399,399,399],"floor_reached":51,"playtime":1869,"items_purged":["Strike_B","Strike_B"],"score":813,"play_id":"0cf73773-cd91-42e1-b6a4-315af71d00dd","local_time":"20190425215215","is_ascension_mode":true,"campfire_choices":[{"data":"Zap","floor":6,"key":"SMITH"},{"data":"Defragment","floor":11,"key":"SMITH"},{"data":"Conserve Battery","floor":15,"key":"SMITH"},{"data":"Creative AI","floor":23,"key":"SMITH"},{"data":"Self Repair","floor":27,"key":"SMITH"},{"data":"Echo Form","floor":30,"key":"SMITH"},{"data":"Coolheaded","floor":32,"key":"SMITH"},{"floor":40,"key":"RECALL"},{"floor":47,"key":"REST"},{"floor":49,"key":"REST"}],"neow_cost":"NONE","seed_source_timestamp":13001489446733,"circlet_count":0,"master_deck":["Strike_B+1","Defend_B+1","Defend_B+1","Zap+1","Dualcast","Defragment+1","Conserve Battery+1","Doom and Gloom","Sweeping Beam+1","Self Repair+1","Creative AI+1","Conserve Battery","Coolheaded+1","Coolheaded+1","Glacier","Redo+1","Melter+1","Echo Form+1","Electrodynamics","Storm+1","Coolheaded+1","Doom and Gloom","Redo+1","Darkness+1","Biased Cognition","Hologram+1"],"relics":["Cracked Core","Bottled Lightning","Centennial Puzzle","Old Coin","Pen Nib","Lantern","Nuclear Battery","Cables","Nloth\u0027s Gift","Whetstone","Fusion Hammer","Anchor","War Paint","DataDisk"],"potions_floor_usage":[18,20,29,31],"damage_taken":[{"damage":0,"enemies":"Cultist","floor":1,"turns":1},{"damage":0,"enemies":"3 Sentries","floor":7,"turns":1},{"damage":0,"enemies":"2 Louse","floor":8,"turns":1},{"damage":5,"enemies":"Gremlin Nob","floor":12,"turns":3},{"damage":33,"enemies":"The Guardian","floor":16,"turns":8},{"damage":0,"enemies":"Chosen","floor":18,"turns":6},{"damage":22,"enemies":"2 Thieves","floor":20,"turns":4},{"damage":12,"enemies":"Centurion and Healer","floor":22,"turns":4},{"damage":4,"enemies":"Chosen and Byrds","floor":24,"turns":7},{"damage":17,"enemies":"Snecko","floor":25,"turns":7},{"damage":6,"enemies":"Book of Stabbing","floor":29,"turns":9},{"damage":0,"enemies":"Shelled Parasite and Fungi","floor":31,"turns":1},{"damage":25,"enemies":"Champ","floor":33,"turns":7},{"damage":14,"enemies":"3 Shapes","floor":35,"turns":5},{"damage":0,"enemies":"Orb Walker","floor":38,"turns":3},{"damage":2,"enemies":"3 Darklings","floor":41,"turns":3},{"damage":0,"enemies":"Spire Growth","floor":42,"turns":4},{"damage":2,"enemies":"Sphere and 2 Shapes","floor":45,"turns":2},{"damage":0,"enemies":"3 Darklings","floor":46,"turns":3},{"damage":19,"enemies":"Donu and Deca","floor":50,"turns":9}],"seed_played":"-563038975618505795","potions_obtained":[{"floor":7,"key":"Block Potion"},{"floor":16,"key":"FearPotion"},{"floor":20,"key":"EssenceOfSteel"},{"floor":22,"key":"Dexterity Potion"},{"floor":29,"key":"SmokeBomb"},{"floor":33,"key":"FearPotion"},{"floor":38,"key":"Swift Potion"}],"is_trial":false,"path_per_floor":["$","?","?","?","?","?","T","M","?","M","M","?","M","?","?","M","?","M","?"],"character_chosen":"DEFECT","items_purchased":["Conserve Battery","Coolheaded","Doom and Gloom","Anchor","War Paint"],"campfire_rested":2,"item_purchase_floors":[2,19,39,39,39],"current_hp_per_floor":[75,75,80,73,73,73,73,73,73,73,73,68,65,65,65,39,80,80,80,65,65,60,60,63,53,53,53,53,57,57,57,57,32,80,76,76,80,80,80,80,80,80,80,80,80,80,80,80,80,71],"gold":399,"neow_bonus":"THREE_ENEMY_KILL","is_prod":false,"is_daily":false,"chose_seed":false,"campfire_upgraded":7,"win_rate":0,"timestamp":1556203935,"path_taken":["M","?","?","?","?","R","E","M","T","?","R","E","?","?","R","BOSS","M","$","?","?","M","R","?","?","T","R","?","E","R","?","R","BOSS","M","?","?","M","$","R","?","M","T","?","M","?","R","?","R","BOSS"],"build_version":"2019-01-23","purchased_purges":2,"victory":true,"max_hp_per_floor":[75,75,80,80,80,80,80,80,80,80,80,80,80,80,80,80,80,80,80,80,80,80,80,80,80,80,80,80,80,80,80,80,80,80,80,80,80,80,80,80,80,80,80,80,80,80,80,80,80,80],"card_choices":[{"not_picked":["Hologram","Storm"],"picked":"Defragment","floor":1},{"not_picked":["Lockon","Seek"],"picked":"Doom and Gloom","floor":7},{"not_picked":["Static Discharge","Gash"],"picked":"Sweeping Beam","floor":8},{"not_picked":["Redo","Leap"],"picked":"Self Repair","floor":12},{"not_picked":["Multi-Cast","Core Surge"],"picked":"Creative AI","floor":16},{"not_picked":["Redo","Steam"],"picked":"Conserve Battery","floor":18},{"not_picked":["Tempest","Steam"],"picked":"Coolheaded","floor":20},{"not_picked":["Beam Cell","Streamline+1"],"picked":"Glacier","floor":22},{"not_picked":["Consume","Steam Power+1"],"picked":"Redo+1","floor":24},{"not_picked":["Sweeping Beam","Rip and Tear"],"picked":"Melter+1","floor":25},{"not_picked":["Ball Lightning+1","Buffer"],"picked":"Echo Form","floor":29},{"not_picked":["Machine Learning","Multi-Cast"],"picked":"Electrodynamics","floor":33},{"not_picked":["Turbo+1","Sweeping Beam"],"picked":"Storm+1","floor":35},{"not_picked":["Conserve Battery+1","Compile Driver+1"],"picked":"Coolheaded+1","floor":38},{"not_picked":["Turbo","Streamline"],"picked":"Redo+1","floor":41},{"not_picked":["Sweeping Beam","Redo"],"picked":"Darkness+1","floor":42},{"not_picked":["Steam","BootSequence"],"picked":"Biased Cognition","floor":45},{"not_picked":["Glacier+1","Redo+1"],"picked":"Hologram+1","floor":46}],"player_experience":45913,"relics_obtained":[{"floor":7,"key":"Bottled Lightning"},{"floor":9,"key":"Centennial Puzzle"},{"floor":12,"key":"Old Coin"},{"floor":14,"key":"Lantern"},{"floor":26,"key":"Cables"},{"floor":29,"key":"Whetstone"},{"floor":43,"key":"DataDisk"}],"event_choices":[{"damage_healed":0,"gold_gain":0,"player_choice":"Donut","damage_taken":0,"max_hp_gain":5,"max_hp_loss":0,"event_name":"Big Fish","floor":3,"gold_loss":0},{"cards_removed":["Strike_B"],"damage_healed":0,"gold_gain":0,"player_choice":"Card Removal","damage_taken":7,"max_hp_gain":0,"max_hp_loss":0,"event_name":"Golden Wing","floor":4,"gold_loss":0},{"damage_healed":0,"gold_gain":0,"player_choice":"Leave","damage_taken":0,"max_hp_gain":0,"max_hp_loss":0,"event_name":"The Cleric","floor":5,"gold_loss":0},{"damage_healed":0,"gold_gain":30,"player_choice":"Searched \u00272\u0027 times","damage_taken":0,"max_hp_gain":0,"max_hp_loss":0,"event_name":"Dead Adventurer","floor":10,"gold_loss":0},{"damage_healed":0,"gold_gain":0,"player_choice":"Success","damage_taken":3,"relics_obtained":["Pen Nib"],"max_hp_gain":0,"max_hp_loss":0,"event_name":"Scrap Ooze","floor":13,"gold_loss":0},{"damage_healed":0,"gold_gain":100,"player_choice":"Bet on Murderer","damage_taken":0,"max_hp_gain":0,"max_hp_loss":0,"event_name":"The Joust","floor":21,"gold_loss":50},{"damage_healed":0,"gold_gain":0,"player_choice":"Traded Relic","damage_taken":0,"relics_obtained":["Nloth\u0027s Gift"],"max_hp_gain":0,"max_hp_loss":0,"event_name":"N\u0027loth","floor":28,"relics_lost":["NeowsBlessing"],"gold_loss":0},{"cards_removed":["Defend_B"],"damage_healed":0,"gold_gain":0,"player_choice":"Removed Skill","damage_taken":0,"max_hp_gain":0,"max_hp_loss":0,"event_name":"Falling","floor":36,"gold_loss":0},{"damage_healed":4,"gold_gain":0,"player_choice":"Full Heal","damage_taken":0,"max_hp_gain":0,"max_hp_loss":0,"event_name":"Wheel of Change","floor":37,"gold_loss":0},{"damage_healed":0,"gold_gain":0,"player_choice":"Upgraded","damage_taken":0,"max_hp_gain":0,"max_hp_loss":0,"event_name":"Upgrade Shrine","floor":44,"gold_loss":0,"cards_upgraded":["Coolheaded"]},{"cards_removed":["Defend_B"],"damage_healed":0,"gold_gain":0,"player_choice":"Purged","damage_taken":0,"max_hp_gain":0,"max_hp_loss":0,"event_name":"Purifier","floor":48,"gold_loss":0}],"is_beta":false,"boss_relics":[{"not_picked":["Runic Dome","Orrery"],"picked":"Nuclear Battery"},{"not_picked":["Eternal Feather","Sozu"],"picked":"Fusion Hammer"}],"items_purged_floors":[2,19],"is_endless":false,"potions_floor_spawned":[7,16,20,22,29,33,38,42,45,46],"ascension_level":2}