{"gold_per_floor":[109,184,35,51,51,51,14,14,38,70,145,160,160,178,178,280,280,298,324,66,12,29,29,47,47,72,72,105,120,20,52,52,152,152,170,170,120,70,89,116,126,126,126,126,5,35,35,49,49,49],"floor_reached":51,"playtime":7424,"items_purged":["Strike_B","Reprogram+1","Defend_B","Defend_B","Defend_B"],"score":1127,"play_id":"7830a481-55ea-4154-90d9-926e7a96aabc","local_time":"20190318233004","is_ascension_mode":true,"campfire_choices":[{"data":"Chill","floor":6,"key":"SMITH"},{"data":"Loop","floor":8,"key":"SMITH"},{"data":"Defragment","floor":13,"key":"SMITH"},{"data":"Zap","floor":15,"key":"SMITH"},{"floor":23,"key":"REST"},{"data":"Defragment","floor":25,"key":"SMITH"},{"floor":27,"key":"REST"},{"data":"Coolheaded","floor":32,"key":"SMITH"},{"data":"Buffer","floor":42,"key":"SMITH"},{"data":"Capacitor","floor":44,"key":"SMITH"},{"data":"Defragment","floor":49,"key":"SMITH"}],"neow_cost":"NONE","seed_source_timestamp":1194653327115899,"circlet_count":0,"master_deck":["AscendersBane","Zap+1","Dualcast","Chill+1","Loop+1","Defragment+1","Core Surge","Steam+1","Redo+1","Defragment+1","FTL","BootSequence","Coolheaded+1","Chaos+1","Conserve Battery+1","Buffer+1","Defragment+1","Capacitor+1","Defragment+1","Core Surge"],"relics":["Cracked Core","DataDisk","Blood Vial","Ancient Tea Set","Astrolabe","Red Mask","Centennial Puzzle","Boot","Dream Catcher","Smiling Mask","Nuclear Battery","Gremlin Horn","Symbiotic Virus","Strawberry"],"potions_floor_usage":[16,16,28,33,39,46,46,50],"damage_taken":[{"damage":9,"enemies":"2 Louse","floor":1,"turns":3},{"damage":0,"enemies":"Jaw Worm","floor":4,"turns":4},{"damage":1,"enemies":"3 Sentries","floor":10,"turns":13},{"damage":0,"enemies":"Cultist","floor":12,"turns":4},{"damage":6,"enemies":"Looter","floor":14,"turns":4},{"damage":8,"enemies":"Slime Boss","floor":16,"turns":14},{"damage":1,"enemies":"Spheric Guardian","floor":18,"turns":4},{"damage":58,"enemies":"Masked Bandits","floor":19,"turns":9},{"damage":0,"enemies":"Chosen","floor":22,"turns":7},{"damage":2,"enemies":"Snake Plant","floor":24,"turns":6},{"damage":14,"enemies":"Gremlin Leader","floor":28,"turns":6},{"damage":1,"enemies":"Snecko","floor":29,"turns":9},{"damage":1,"enemies":"Book of Stabbing","floor":31,"turns":8},{"damage":42,"enemies":"Automaton","floor":33,"turns":9},{"damage":0,"enemies":"Orb Walker","floor":35,"turns":4},{"damage":0,"enemies":"3 Shapes","floor":39,"turns":6},{"damage":28,"enemies":"Giant Head","floor":40,"turns":9},{"damage":0,"enemies":"Maw","floor":41,"turns":7},{"damage":37,"enemies":"Reptomancer","floor":46,"turns":8},{"damage":0,"enemies":"Spire Growth","floor":48,"turns":6},{"damage":18,"enemies":"Awakened One","floor":50,"turns":12}],"seed_played":"3372681908395116976","potions_obtained":[{"floor":1,"key":"SteroidPotion"},{"floor":4,"key":"SkillPotion"},{"floor":14,"key":"Strength Potion"},{"floor":22,"key":"Explosive Potion"},{"floor":24,"key":"Block Potion"},{"floor":28,"key":"SteroidPotion"},{"floor":33,"key":"Poison Potion"},{"floor":35,"key":"Explosive Potion"},{"floor":40,"key":"Fire Potion"},{"floor":41,"key":"EssenceOfSteel"},{"floor":48,"key":"LiquidBronze"}],"is_trial":false,"path_per_floor":["M","?","$","M","?","R","$","R","T","E","?","M","R","M","R","B",null,"M","?","$","?","M","R","M","R","T","R","E","M","$","E","R","B",null,"M","?","$","$","M","E","M","R","T","R","$","E","?","M","R","B",null],"character_chosen":"DEFECT","items_purchased":["DataDisk","Loop","Defragment","FTL","BootSequence","Defragment"],"campfire_rested":2,"item_purchase_floors":[3,7,20,20,20,45],"current_hp_per_floor":[66,55,55,55,55,55,55,55,55,56,48,50,50,46,46,40,72,73,17,17,17,19,43,43,43,43,67,55,56,56,57,57,17,66,68,68,68,68,70,44,46,46,46,46,46,18,78,78,78,60],"gold":49,"neow_bonus":"TEN_PERCENT_HP_BONUS","is_prod":false,"is_daily":false,"chose_seed":false,"campfire_upgraded":9,"win_rate":0,"timestamp":1552966204,"path_taken":["M","?","?","?","?","R","?","R","T","E","?","?","R","M","R","BOSS","M","?","$","?","M","R","M","R","T","R","E","?","?","E","R","BOSS","M","?","?","$","M","E","M","R","T","R","$","E","?","M","R","BOSS"],"build_version":"2019-01-23","purchased_purges":5,"victory":true,"max_hp_per_floor":[82,82,82,82,82,82,82,82,82,82,82,82,82,82,82,82,82,82,82,82,82,82,82,82,82,82,82,82,82,82,82,82,82,82,82,82,82,82,82,82,82,82,82,82,82,89,78,78,78,78],"card_choices":[{"not_picked":["Skim","Steam"],"picked":"Chill","floor":1},{"not_picked":["Skim","Beam Cell","Redo"],"picked":"SKIP","floor":4},{"not_picked":["Tempest","Doom and Gloom","Force Field"],"picked":"SKIP","floor":10},{"not_picked":["Glacier","Barrage"],"picked":"Defragment","floor":12},{"not_picked":["Chaos","Consume","Redo"],"picked":"SKIP","floor":14},{"not_picked":["Reboot","Multi-Cast"],"picked":"Core Surge","floor":16},{"not_picked":["Go for the Eyes","Undo+1","Doom and Gloom"],"picked":"SKIP","floor":18},{"not_picked":["Steam","Reinforced Body"],"picked":"Coolheaded","floor":22},{"not_picked":["Sweeping Beam","Darkness"],"picked":"Chaos+1","floor":24},{"not_picked":["Reinforced Body","Hologram+1","Compile Driver"],"picked":"SKIP","floor":28},{"not_picked":["Conserve Battery","Go for the Eyes","Recycle"],"picked":"SKIP","floor":29},{"not_picked":["Turbo","Streamline"],"picked":"Conserve Battery+1","floor":31},{"not_picked":["Creative AI","Meteor Strike"],"picked":"Buffer","floor":33},{"not_picked":["Storm+1","Consume","Stack+1"],"picked":"SKIP","floor":35},{"not_picked":["Beam Cell","Compile Driver"],"picked":"Defragment+1","floor":39},{"not_picked":["Go for the Eyes","Cold Snap"],"picked":"Capacitor","floor":40},{"not_picked":["Conserve Battery","Stack","BootSequence"],"picked":"SKIP","floor":41},{"not_picked":["Conserve Battery","Doom and Gloom","Double Energy"],"picked":"SKIP","floor":46},{"not_picked":["Cold Snap","Hologram"],"picked":"Core Surge","floor":48}],"player_experience":814436,"relics_obtained":[{"floor":9,"key":"Blood Vial"},{"floor":10,"key":"Ancient Tea Set"},{"floor":19,"key":"Red Mask"},{"floor":26,"key":"Boot"},{"floor":28,"key":"Dream Catcher"},{"floor":31,"key":"Smiling Mask"},{"floor":40,"key":"Gremlin Horn"},{"floor":43,"key":"Symbiotic Virus"},{"floor":46,"key":"Strawberry"}],"event_choices":[{"damage_healed":0,"gold_gain":75,"player_choice":"Gather Gold","damage_taken":11,"max_hp_gain":0,"max_hp_loss":0,"event_name":"World of Goop","floor":2,"gold_loss":0},{"damage_healed":0,"gold_gain":0,"player_choice":"Bought 0 Potions","damage_taken":0,"max_hp_gain":0,"max_hp_loss":0,"event_name":"The Woman in Blue","floor":5,"gold_loss":0},{"damage_healed":0,"gold_gain":75,"player_choice":"Touch","damage_taken":8,"max_hp_gain":0,"max_hp_loss":0,"event_name":"FaceTrader","floor":11,"gold_loss":0},{"damage_healed":0,"gold_gain":0,"player_choice":"Fought Bandits","damage_taken":0,"max_hp_gain":0,"max_hp_loss":0,"event_name":"Masked Bandits","floor":19,"gold_loss":0},{"damage_healed":0,"gold_gain":0,"player_choice":"Paid Gold","damage_taken":0,"relics_obtained":["Centennial Puzzle"],"max_hp_gain":0,"max_hp_loss":0,"event_name":"WeMeetAgain","floor":21,"gold_loss":54},{"cards_removed":["Defend_B"],"damage_healed":0,"gold_gain":0,"player_choice":"Purged","damage_taken":0,"max_hp_gain":0,"max_hp_loss":0,"event_name":"Purifier","floor":36,"gold_loss":0},{"damage_healed":78,"gold_gain":0,"player_choice":"Heal","damage_taken":0,"max_hp_gain":0,"max_hp_loss":11,"event_name":"The Moai Head","floor":47,"gold_loss":0}],"is_beta":false,"boss_relics":[{"not_picked":["Calling Bell","Eternal Feather"],"picked":"Astrolabe"},{"not_picked":["Busted Crown","Snecko Eye"],"picked":"Nuclear Battery"}],"items_purged_floors":[20,30,37,38,45],"is_endless":false,"potions_floor_spawned":[1,4,12,14,22,24,28,33,35,40,41,48],"ascension_level":12}