{"gold_per_floor":[14,14,26,36,49,49,65,47,47,80,94,104,104,160,160,239,239,179,198,198,298,315,315,346,346,369,394,407,418,64,84,84,161,161,172,172,182,38,38,38,52,62,62,76,76,28,54,66,66,66],"floor_reached":51,"playtime":10448,"items_purged":["Strike_B"],"score":1238,"play_id":"42004fdc-fa3c-44ed-a678-761f178ac053","local_time":"20190421113729","is_ascension_mode":true,"campfire_choices":[{"data":"Glacier","floor":6.0,"key":"SMITH"},{"data":"Chill","floor":13.0,"key":"SMITH"},{"data":"Loop","floor":15.0,"key":"SMITH"},{"floor":23.0,"key":"REST"},{"floor":25.0,"key":"REST"},{"floor":32.0,"key":"REST"},{"floor":40,"key":"REST"},{"data":"Strike_B","floor":45,"key":"PURGE"},{"data":"Defend_B","floor":49,"key":"PURGE"}],"neow_cost":"NO_GOLD","seed_source_timestamp":0,"circlet_count":0,"master_deck":["AscendersBane","Defend_B","Defend_B","Defend_B","Zap","Dualcast","Loop","Skim","Core Surge","Glacier+1","Conserve Battery","Reprogram","Loop+1","Rainbow","Chill+1","Self Repair","Echo Form","Coolheaded","Chill","Blizzard","Glacier+1","Buffer","Madness","Madness","Coolheaded+1","Loop","Glacier+1","Self Repair+1","Tempest+1","White Noise"],"special_seed":0,"relics":["Cracked Core","Question Card","Bottled Flame","Happy Flower","Fusion Hammer","Nilry\u0027s Codex","Du-Vu Doll","Strawberry","Anchor","DollysMirror","Oddly Smooth Stone","Lizard Tail","Peace Pipe","Centennial Puzzle"],"potions_floor_usage":[42,44,50,50],"damage_taken":[{"damage":1.0,"enemies":"Jaw Worm","floor":1.0,"turns":5.0},{"damage":0.0,"enemies":"Cultist","floor":3.0,"turns":5.0},{"damage":0.0,"enemies":"Small Slimes","floor":4.0,"turns":4.0},{"damage":0.0,"enemies":"Blue Slaver","floor":5.0,"turns":6.0},{"damage":7.0,"enemies":"Lots of Slimes","floor":7.0,"turns":6.0},{"damage":0.0,"enemies":"Exordium Thugs","floor":8.0,"turns":4.0},{"damage":2.0,"enemies":"Lagavulin","floor":10.0,"turns":10.0},{"damage":15.0,"enemies":"Gremlin Gang","floor":11.0,"turns":8.0},{"damage":5.0,"enemies":"2 Fungi Beasts","floor":12.0,"turns":4.0},{"damage":14.0,"enemies":"3 Sentries","floor":14.0,"turns":13.0},{"damage":0.0,"enemies":"The Guardian","floor":16.0,"turns":14.0},{"damage":1.0,"enemies":"2 Thieves","floor":18.0,"turns":4.0},{"damage":6.0,"enemies":"3 Byrds","floor":19.0,"turns":8.0},{"damage":11.0,"enemies":"Snake Plant","floor":22.0,"turns":6.0},{"damage":51.0,"enemies":"Book of Stabbing","floor":24.0,"turns":13.0},{"damage":16.0,"enemies":"Snecko","floor":28.0,"turns":7.0},{"damage":5.0,"enemies":"Chosen and Byrds","floor":29.0,"turns":8.0},{"damage":5.0,"enemies":"Cultist and Chosen","floor":31.0,"turns":7.0},{"damage":42.0,"enemies":"Collector","floor":33.0,"turns":15.0},{"damage":0,"enemies":"3 Shapes","floor":35,"turns":6},{"damage":22,"enemies":"3 Darklings","floor":37,"turns":10},{"damage":0,"enemies":"4 Shapes","floor":41,"turns":9},{"damage":12,"enemies":"Jaw Worm Horde","floor":42,"turns":6},{"damage":0,"enemies":"Sphere and 2 Shapes","floor":44,"turns":11},{"damage":3,"enemies":"Giant Head","floor":47,"turns":17},{"damage":0,"enemies":"3 Darklings","floor":48,"turns":6},{"damage":46,"enemies":"Time Eater","floor":50,"turns":19}],"seed_played":"1764455482079303489","potions_obtained":[{"floor":1.0,"key":"Fire Potion"},{"floor":7.0,"key":"Regen Potion"},{"floor":8.0,"key":"FocusPotion"},{"floor":12.0,"key":"Fruit Juice"},{"floor":14.0,"key":"Weak Potion"},{"floor":16.0,"key":"Energy Potion"},{"floor":19.0,"key":"AttackPotion"},{"floor":22.0,"key":"SteroidPotion"},{"floor":29.0,"key":"Weak Potion"},{"floor":33.0,"key":"FearPotion"},{"floor":35,"key":"SpeedPotion"},{"floor":44,"key":"AttackPotion"}],"is_trial":false,"path_per_floor":["M","?","M","M","M","R","M","M","T","E","M","M","R","?","R","B",null,"M","M","?","?","M","R","E","R","T","T","M","M","$","M","R","B",null,"M","?","M","$","?","R","M","M","T","M","R","$","E","M","R","B",null],"character_chosen":"DEFECT","items_purchased":["DollysMirror","Oddly Smooth Stone","Loop","Strength Potion"],"campfire_rested":4,"item_purchase_floors":[30,30,38,46],"current_hp_per_floor":[63,63,63,63,63,63,56,56,56,69,54,54,54,47,47,54,71,76,76,60,60,63,76,32,54,61,61,52,54,54,56,80,45,74,74,64,49,49,49,73,83,78,78,83,83,83,83,83,83,54],"gold":66,"neow_bonus":"REMOVE_TWO","is_prod":false,"is_daily":false,"chose_seed":false,"campfire_upgraded":3,"win_rate":0,"timestamp":1555861049,"path_taken":["M","?","M","?","M","R","M","M","T","E","M","?","R","?","R","BOSS","M","M","?","?","?","R","E","R","T","?","?","M","$","?","R","BOSS","M","?","M","$","?","R","?","M","T","M","R","?","E","M","R","BOSS"],"build_version":"2019-01-23","purchased_purges":1,"victory":true,"max_hp_per_floor":[71,71,71,71,71,71,71,71,71,71,71,76,76,76,76,76,76,76,76,76,76,76,76,76,76,83,83,83,83,83,83,83,83,83,83,83,83,83,83,83,83,83,83,83,83,83,83,83,83,83],"card_choices":[{"not_picked":["Conserve Battery","Go for the Eyes"],"picked":"Loop","floor":1.0},{"not_picked":["Go for the Eyes","Rebound"],"picked":"Glacier","floor":3.0},{"not_picked":["Rip and Tear","Heatsinks"],"picked":"Conserve Battery","floor":4.0},{"not_picked":["Double Energy","Gash"],"picked":"Reprogram","floor":5.0},{"not_picked":["Storm","Go for the Eyes","Redo"],"picked":"SKIP","floor":7.0},{"not_picked":["Conserve Battery","Coolheaded"],"picked":"Loop","floor":8.0},{"not_picked":["Auto Shields","Conserve Battery","Beam Cell"],"picked":"Rainbow","floor":10.0},{"not_picked":["Turbo","Hello World","Cold Snap"],"picked":"Chill","floor":11.0},{"not_picked":["Go for the Eyes","Reinforced Body","Ball Lightning"],"picked":"Self Repair","floor":12.0},{"not_picked":["Fission","Hyperbeam","Amplify"],"picked":"Echo Form","floor":16.0},{"not_picked":["Auto Shields","Static Discharge","Compile Driver+1"],"picked":"Coolheaded","floor":18.0},{"not_picked":["Reprogram","Steam","Storm"],"picked":"Chill","floor":19.0},{"not_picked":["Blizzard","Turbo","Streamline","Sweeping Beam+1"],"picked":"SKIP","floor":22.0},{"not_picked":["Leap","Streamline","Darkness","Gash"],"picked":"SKIP","floor":24.0},{"not_picked":["Beam Cell+1","Go for the Eyes","Doom and Gloom","Hyperbeam"],"picked":"SKIP","floor":28.0},{"not_picked":["Storm+1","Hello World+1","Hologram"],"picked":"Blizzard","floor":29.0},{"not_picked":["Reprogram","Coolheaded","Sweeping Beam","Rebound"],"picked":"SKIP","floor":31.0},{"not_picked":["Hyperbeam","Multi-Cast","Creative AI"],"picked":"Buffer","floor":33.0},{"not_picked":["Fusion","Turbo","Go for the Eyes","Steam Power+1"],"picked":"SKIP","floor":35},{"not_picked":["Barrage","Rebound","Hello World"],"picked":"Coolheaded+1","floor":37},{"not_picked":["Force Field","Coolheaded","Leap+1","Hologram+1"],"picked":"SKIP","floor":41},{"not_picked":["Hyperbeam","Cold Snap","Redo"],"picked":"Self Repair+1","floor":42},{"not_picked":["Barrage","Compile Driver","Sunder"],"picked":"Tempest+1","floor":44},{"not_picked":["Compile Driver","Streamline","Aggregate","Redo"],"picked":"SKIP","floor":47},{"not_picked":["FTL","Steam","Aggregate+1"],"picked":"White Noise","floor":48}],"player_experience":834104,"relics_obtained":[{"floor":9.0,"key":"Question Card"},{"floor":10.0,"key":"Bottled Flame"},{"floor":20.0,"key":"Nilry\u0027s Codex"},{"floor":24.0,"key":"Du-Vu Doll"},{"floor":26.0,"key":"Strawberry"},{"floor":27.0,"key":"Anchor"},{"floor":43,"key":"Peace Pipe"},{"floor":47,"key":"Centennial Puzzle"}],"event_choices":[{"damage_healed":0.0,"max_hp_gain":0.0,"max_hp_loss":0.0,"gold_gain":0.0,"event_name":"Match and Keep!","player_choice":"2 cards matched","floor":2.0,"gold_loss":0.0,"damage_taken":0.0,"cards_obtained":["Skim","Core Surge"]},{"damage_healed":0.0,"max_hp_gain":0.0,"max_hp_loss":0.0,"gold_gain":0.0,"event_name":"Dead Adventurer","player_choice":"Searched \u00273\u0027 times","floor":14.0,"gold_loss":0.0,"damage_taken":0.0,"relics_obtained":["Happy Flower"]},{"damage_healed":0.0,"max_hp_gain":0.0,"max_hp_loss":0.0,"gold_gain":0.0,"event_name":"Cursed Tome","player_choice":"Obtained Book","floor":20.0,"gold_loss":0.0,"damage_taken":16.0},{"damage_healed":0.0,"max_hp_gain":0.0,"max_hp_loss":0.0,"gold_gain":100.0,"event_name":"Golden Shrine","player_choice":"Pray","floor":21.0,"gold_loss":0.0,"damage_taken":0.0},{"damage_healed":0,"gold_gain":0,"player_choice":"Embrace Madness","damage_taken":10,"max_hp_gain":0,"max_hp_loss":0,"event_name":"Winding Halls","floor":36,"gold_loss":0,"cards_obtained":["Madness","Madness"]},{"damage_healed":0,"gold_gain":0,"player_choice":"Copied","damage_taken":0,"max_hp_gain":0,"max_hp_loss":0,"event_name":"Duplicator","floor":39,"gold_loss":0,"cards_obtained":["Glacier"]}],"is_beta":false,"boss_relics":[{"not_picked":["Busted Crown","Eternal Feather"],"picked":"Fusion Hammer"},{"not_picked":["Tiny House","Calling Bell"],"picked":"Lizard Tail"}],"items_purged_floors":[38],"is_endless":false,"potions_floor_spawned":[1,7,8,12,14,16,19,22,29,33,35,44,48],"ascension_level":14}