{"gold_per_floor":[109,34,52,52,70,70,90,90,90,90,20,20,20,20,20,20],"floor_reached":16,"playtime":725,"items_purged":["Strike_B"],"score":154,"play_id":"113a69b4-d602-4bec-b900-7514f62be0e7","local_time":"20190421133656","is_ascension_mode":true,"campfire_choices":[{"data":"Echo Form","floor":6,"key":"SMITH"},{"floor":10,"key":"REST"},{"data":"Chill","floor":12,"key":"SMITH"},{"floor":15,"key":"REST"}],"neow_cost":"PERCENT_DAMAGE","seed_source_timestamp":618575556089479,"circlet_count":0,"master_deck":["AscendersBane","Strike_B","Defend_B","Defend_B","Defend_B","Defend_B","Zap","Dualcast","Machine Learning","Echo Form+1","Chill+1","Self Repair","Sweeping Beam"],"relics":["Cracked Core","Boot"],"potions_floor_usage":[7,16],"damage_taken":[{"damage":6,"enemies":"Cultist","floor":1,"turns":3},{"damage":3,"enemies":"2 Louse","floor":3,"turns":3},{"damage":7,"enemies":"Jaw Worm","floor":5,"turns":6},{"damage":21,"enemies":"Large Slime","floor":7,"turns":9},{"damage":56,"enemies":"Slime Boss","floor":16,"turns":12}],"seed_played":"253615280180979050","potions_obtained":[{"floor":3,"key":"SteroidPotion"},{"floor":5,"key":"Poison Potion"},{"floor":7,"key":"LiquidBronze"}],"is_trial":false,"path_per_floor":["M","$","M","?","M","R","M","?","T","R","$","R","$","?","R","B"],"character_chosen":"DEFECT","items_purchased":["Self Repair"],"campfire_rested":2,"item_purchase_floors":[11],"current_hp_per_floor":[40,40,37,37,30,30,9,9,9,30,30,30,30,30,51,0],"gold":20,"neow_bonus":"THREE_RARE_CARDS","is_prod":false,"is_daily":false,"chose_seed":false,"campfire_upgraded":2,"win_rate":0,"timestamp":1555868216,"path_taken":["M","?","M","?","M","R","M","?","T","R","$","R","?","?","R","BOSS"],"build_version":"2019-01-23","purchased_purges":1,"victory":false,"max_hp_per_floor":[71,71,71,71,71,71,71,71,71,71,71,71,71,71,71,71],"card_choices":[{"not_picked":["Meteor Strike","Thunder Strike"],"picked":"Machine Learning","floor":0},{"not_picked":["Go for the Eyes","Stack","Double Energy"],"picked":"SKIP","floor":1},{"not_picked":["Compile Driver","Hello World","Sweeping Beam"],"picked":"SKIP","floor":3},{"not_picked":["Barrage","Turbo"],"picked":"Echo Form","floor":5},{"not_picked":["Cold Snap","Gash"],"picked":"Chill","floor":7}],"player_experience":850348,"relics_obtained":[{"floor":9,"key":"Boot"}],"event_choices":[{"cards_removed":["Strike_B"],"damage_healed":0,"gold_gain":0,"player_choice":"Forget","damage_taken":0,"max_hp_gain":0,"max_hp_loss":0,"event_name":"Living Wall","floor":4,"gold_loss":0},{"damage_healed":0,"gold_gain":0,"player_choice":"Ignored","damage_taken":0,"max_hp_gain":0,"max_hp_loss":0,"event_name":"Liars Game","floor":8,"gold_loss":0},{"damage_healed":0,"gold_gain":0,"cards_transformed":["Strike_B"],"player_choice":"Transformed","damage_taken":0,"max_hp_gain":0,"max_hp_loss":0,"event_name":"Transmorgrifier","floor":14,"gold_loss":0,"cards_obtained":["Sweeping Beam"]}],"is_beta":false,"boss_relics":[],"items_purged_floors":[2],"is_endless":false,"potions_floor_spawned":[3,5,7],"killed_by":"Slime Boss","ascension_level":15}