{"gold_per_floor":[111,122,47,47,122,122,135,165,165,191,204,216,235,269,269,366,366,383,402,402,402,418,418,451,48,48,48,48,48,48,58,58,160,160,180,231,231,241,253,253,286,332,381,396,408,408,425,445,445,445],"floor_reached":50,"playtime":2719,"items_purged":["Strike_B","Strike_B"],"score":645,"play_id":"06ce056c-a5e2-4d2e-a9ec-d6228752e187","local_time":"20190425235005","is_ascension_mode":true,"campfire_choices":[{"data":"Barrage","floor":6,"key":"SMITH"},{"floor":15,"key":"REST"},{"floor":23,"key":"REST"},{"floor":27,"key":"REST"},{"floor":29,"key":"REST"},{"data":"Defragment","floor":32,"key":"SMITH"},{"floor":40,"key":"REST"},{"floor":46,"key":"REST"},{"floor":49,"key":"REST"}],"neow_cost":"TEN_PERCENT_HP_LOSS","seed_source_timestamp":19230227928070,"circlet_count":0,"master_deck":["Defend_B","Zap+1","Barrage+1","Glacier","Ball Lightning","Conserve Battery","Gash","Loop","Undo","Electrodynamics","Compile Driver+1","Steam+1","Defragment+1","Storm","Undo+1","Gash+1","Seek","Darkness+1","Glacier+1","Gash+1","Coolheaded","Hologram+1","Go for the Eyes","Reboot","Doom and Gloom+1","Parasite","White Noise+1","Heatsinks+1","Echo Form","Recycle+1","Capacitor","Coolheaded+1"],"relics":["Cracked Core","Ginger","Peace Pipe","Oddly Smooth Stone","Lantern","Black Star","Enchiridion","Blood Vial","PreservedInsect","Dream Catcher","Turnip","Pantograph","Astrolabe","Nunchaku","Pen Nib","Vajra","Potion Belt"],"potions_floor_usage":[10,14,14,16,24,36,45,50,50],"damage_taken":[{"damage":1,"enemies":"Cultist","floor":1,"turns":3},{"damage":4,"enemies":"Jaw Worm","floor":2,"turns":4},{"damage":0,"enemies":"2 Louse","floor":7,"turns":2},{"damage":24,"enemies":"Gremlin Nob","floor":8,"turns":5},{"damage":11,"enemies":"3 Sentries","floor":10,"turns":12},{"damage":0,"enemies":"Exordium Thugs","floor":11,"turns":4},{"damage":4,"enemies":"Lots of Slimes","floor":12,"turns":3},{"damage":0,"enemies":"Gremlin Gang","floor":13,"turns":6},{"damage":0,"enemies":"Lagavulin","floor":14,"turns":4},{"damage":7,"enemies":"Hexaghost","floor":16,"turns":10},{"damage":6,"enemies":"Spheric Guardian","floor":18,"turns":5},{"damage":4,"enemies":"Chosen","floor":19,"turns":4},{"damage":17,"enemies":"Sentry and Sphere","floor":22,"turns":8},{"damage":15,"enemies":"Slavers","floor":24,"turns":3},{"damage":6,"enemies":"Centurion and Healer","floor":31,"turns":6},{"damage":18,"enemies":"Collector","floor":33,"turns":8},{"damage":5,"enemies":"3 Shapes","floor":35,"turns":3},{"damage":29,"enemies":"2 Orb Walkers","floor":36,"turns":6},{"damage":0,"enemies":"Orb Walker","floor":38,"turns":3},{"damage":22,"enemies":"3 Darklings","floor":39,"turns":6},{"damage":16,"enemies":"Reptomancer","floor":41,"turns":8},{"damage":20,"enemies":"Writhing Mass","floor":44,"turns":7},{"damage":0,"enemies":"Transient","floor":45,"turns":5},{"damage":27,"enemies":"Jaw Worm Horde","floor":47,"turns":2},{"damage":7,"enemies":"4 Shapes","floor":48,"turns":3},{"damage":57,"enemies":"Time Eater","floor":50,"turns":14}],"seed_played":"2690347459579673109","potions_obtained":[{"floor":2,"key":"LiquidBronze"},{"floor":7,"key":"SpeedPotion"},{"floor":12,"key":"PowerPotion"},{"floor":14,"key":"Poison Potion"},{"floor":16,"key":"PowerPotion"},{"floor":19,"key":"GamblersBrew"},{"floor":22,"key":"FearPotion"},{"floor":38,"key":"Energy Potion"},{"floor":45,"key":"Energy Potion"},{"floor":47,"key":"EssenceOfSteel"},{"floor":48,"key":"SpeedPotion"}],"is_trial":false,"path_per_floor":["M","?","?","M","M","M","?","?","M","$","?","?","?","T","M","M","M"],"character_chosen":"DEFECT","items_purchased":["Storm","Dream Catcher","EssenceOfSteel"],"campfire_rested":7,"item_purchase_floors":[25,25,25],"current_hp_per_floor":[67,63,63,63,52,52,52,28,28,17,17,13,13,13,33,26,68,62,58,46,30,13,34,19,19,19,40,40,61,61,57,57,55,73,68,41,41,43,23,44,30,30,30,12,14,35,10,5,26,0],"gold":445,"neow_bonus":"REMOVE_TWO","is_prod":false,"is_daily":false,"chose_seed":false,"campfire_upgraded":2,"win_rate":0,"timestamp":1556211005,"path_taken":["M","?","$","?","?","R","M","E","T","E","?","?","M","E","R","BOSS","M","?","?","?","?","R","E","$","T","R","?","R","?","M","R","BOSS","M","?","?","M","M","R","E","?","T","?","M","R","?","?","R","BOSS"],"build_version":"2019-01-23","purchased_purges":2,"victory":false,"max_hp_per_floor":[68,68,68,68,68,68,68,68,68,68,68,68,68,68,68,68,68,68,68,73,73,73,73,73,73,73,73,73,73,73,73,73,73,73,73,73,73,73,73,73,73,73,73,73,73,73,73,73,73,73],"card_choices":[{"not_picked":["Stack","Streamline"],"picked":"Barrage","floor":1},{"not_picked":["Force Field","Darkness"],"picked":"Glacier","floor":2},{"not_picked":["Beam Cell","Aggregate","Tempest"],"picked":"SKIP","floor":7},{"not_picked":["Redo","Turbo","Stack"],"picked":"SKIP","floor":8},{"not_picked":["Chill","Steam"],"picked":"Ball Lightning","floor":10},{"not_picked":["Recycle","Rebound"],"picked":"Conserve Battery","floor":11},{"not_picked":["Reboot","Hologram"],"picked":"Gash","floor":12},{"not_picked":["Leap","Redo"],"picked":"Loop","floor":13},{"not_picked":["Chaos","Seek"],"picked":"Undo","floor":14},{"not_picked":["Fission","Seek"],"picked":"Electrodynamics","floor":16},{"not_picked":["Aggregate+1","Cold Snap"],"picked":"Compile Driver+1","floor":18},{"not_picked":["Hologram","Beam Cell","Darkness"],"picked":"SKIP","floor":19},{"not_picked":["Turbo","Stack+1"],"picked":"Steam+1","floor":22},{"not_picked":["Steam Power+1","Cold Snap"],"picked":"Defragment","floor":24},{"not_picked":["Steam","Sweeping Beam"],"picked":"Undo+1","floor":27},{"not_picked":["Chill+1","Ball Lightning+1"],"picked":"Gash+1","floor":29},{"not_picked":["Redo","Cold Snap","Double Energy"],"picked":"SKIP","floor":31},{"not_picked":["Meteor Strike","Biased Cognition"],"picked":"Seek","floor":33},{"not_picked":["Rebound","Compile Driver"],"picked":"Coolheaded","floor":35},{"not_picked":["Compile Driver","Redo+1"],"picked":"Hologram+1","floor":36},{"not_picked":["Consume","Stack"],"picked":"Go for the Eyes","floor":38},{"not_picked":["FTL","Beam Cell+1"],"picked":"Reboot","floor":39},{"not_picked":["Fission","Compile Driver"],"picked":"Doom and Gloom+1","floor":41},{"not_picked":["Gash+1","Rebound"],"picked":"White Noise+1","floor":44},{"not_picked":["White Noise","Coolheaded+1"],"picked":"Heatsinks+1","floor":45},{"not_picked":["Storm+1","Static Discharge+1"],"picked":"Echo Form","floor":46},{"not_picked":["Barrage","Ball Lightning"],"picked":"Recycle+1","floor":47},{"not_picked":["Turbo+1","Stack"],"picked":"Capacitor","floor":48},{"not_picked":["Stack","Barrage+1"],"picked":"Coolheaded+1","floor":49}],"player_experience":52085,"relics_obtained":[{"floor":8,"key":"Ginger"},{"floor":9,"key":"Peace Pipe"},{"floor":10,"key":"Oddly Smooth Stone"},{"floor":14,"key":"Lantern"},{"floor":21,"key":"Enchiridion"},{"floor":24,"key":"Blood Vial"},{"floor":24,"key":"PreservedInsect"},{"floor":26,"key":"Turnip"},{"floor":36,"key":"Nunchaku"},{"floor":41,"key":"Pen Nib"},{"floor":41,"key":"Vajra"},{"floor":43,"key":"Potion Belt"}],"event_choices":[{"damage_healed":0,"gold_gain":0,"player_choice":"Grow","damage_taken":0,"max_hp_gain":0,"max_hp_loss":0,"event_name":"Living Wall","floor":4,"gold_loss":0,"cards_upgraded":["Zap"]},{"damage_healed":0,"gold_gain":75,"player_choice":"Gather Gold","damage_taken":11,"max_hp_gain":0,"max_hp_loss":0,"event_name":"World of Goop","floor":5,"gold_loss":0},{"damage_healed":0,"gold_gain":0,"player_choice":"Shed Blood","damage_taken":17,"max_hp_gain":5,"max_hp_loss":0,"event_name":"Forgotten Altar","floor":20,"gold_loss":0},{"damage_healed":0,"gold_gain":0,"player_choice":"Obtained Book","damage_taken":16,"max_hp_gain":0,"max_hp_loss":0,"event_name":"Cursed Tome","floor":21,"gold_loss":0},{"damage_healed":0,"gold_gain":0,"player_choice":"Opened","damage_taken":0,"relics_obtained":["Pantograph"],"max_hp_gain":0,"max_hp_loss":0,"event_name":"The Mausoleum","floor":30,"gold_loss":0},{"damage_healed":0,"gold_gain":0,"player_choice":"Fight","damage_taken":0,"max_hp_gain":0,"max_hp_loss":0,"event_name":"Mysterious Sphere","floor":36,"gold_loss":0},{"cards_removed":["Defend_B"],"damage_healed":0,"gold_gain":0,"player_choice":"Removed Skill","damage_taken":0,"max_hp_gain":0,"max_hp_loss":0,"event_name":"Falling","floor":37,"gold_loss":0}],"is_beta":false,"boss_relics":[{"not_picked":["Tiny House","Velvet Choker"],"picked":"Black Star"},{"not_picked":["Empty Cage","Busted Crown"],"picked":"Astrolabe"}],"items_purged_floors":[3,25],"is_endless":false,"potions_floor_spawned":[2,7,12,14,16,19,22,38,45,47,48],"killed_by":"Time Eater","ascension_level":3}