{"gold_per_floor":[111,123,142,112,123,150,150,178,208,223,237,255,265,265,265,265],"floor_reached":16,"playtime":849,"items_purged":[],"score":122,"play_id":"1600e893-4cfb-418a-b5f7-04c92d55438d","local_time":"20190426025550","is_ascension_mode":true,"campfire_choices":[{"data":"Bash","floor":7,"key":"SMITH"},{"data":"Armaments","floor":15,"key":"SMITH"}],"neow_cost":"NONE","seed_source_timestamp":32248639755450,"circlet_count":0,"master_deck":["Strike_R","Strike_R","Strike_R","Strike_R","Strike_R","Defend_R","Defend_R","Defend_R","Defend_R","Bash+1","Heavy Blade","Twin Strike","Shrug It Off","Reaper","Iron Wave","Rage","Shrug It Off","Armaments+1","Flame Barrier","Fire Breathing"],"relics":["Burning Blood","Shuriken","Juzu Bracelet","Tiny Chest","Gremlin Horn"],"potions_floor_usage":[5,5,5,6,8,8,12,16],"damage_taken":[{"damage":1,"enemies":"Cultist","floor":1,"turns":4},{"damage":0,"enemies":"2 Louse","floor":2,"turns":3},{"damage":5,"enemies":"Small Slimes","floor":3,"turns":3},{"damage":0,"enemies":"Blue Slaver","floor":5,"turns":1},{"damage":32,"enemies":"3 Sentries","floor":6,"turns":15},{"damage":18,"enemies":"Lagavulin","floor":8,"turns":6},{"damage":13,"enemies":"Lots of Slimes","floor":10,"turns":5},{"damage":8,"enemies":"Red Slaver","floor":11,"turns":3},{"damage":18,"enemies":"Large Slime","floor":12,"turns":9},{"damage":6,"enemies":"Gremlin Gang","floor":13,"turns":7},{"damage":60,"enemies":"Slime Boss","floor":16,"turns":18}],"seed_played":"8543897482082652585","potions_obtained":[{"floor":3,"key":"Fire Potion"},{"floor":4,"key":"Poison Potion"},{"floor":4,"key":"EntropicBrew"},{"floor":6,"key":"Poison Potion"},{"floor":8,"key":"Explosive Potion"},{"floor":12,"key":"SpeedPotion"},{"floor":13,"key":"Energy Potion"}],"is_trial":false,"path_per_floor":["?","M","?"],"character_chosen":"IRONCLAD","items_purchased":[],"campfire_rested":0,"item_purchase_floors":[],"current_hp_per_floor":[88,88,88,88,88,66,66,54,54,59,60,52,52,52,52,0],"gold":265,"neow_bonus":"TEN_PERCENT_HP_BONUS","is_prod":false,"is_daily":false,"chose_seed":false,"campfire_upgraded":2,"win_rate":0,"timestamp":1556222150,"path_taken":["M","M","M","?","?","E","R","E","T","M","M","M","M","?","R","BOSS"],"build_version":"2019-01-23","purchased_purges":0,"victory":false,"max_hp_per_floor":[88,88,88,88,88,88,88,88,88,88,88,88,88,88,88,88],"card_choices":[{"not_picked":["Iron Wave","Perfected Strike"],"picked":"Heavy Blade","floor":1},{"not_picked":["Perfected Strike","Body Slam"],"picked":"Twin Strike","floor":2},{"not_picked":["Rage","Power Through"],"picked":"Shrug It Off","floor":3},{"not_picked":["Shockwave","Clash"],"picked":"Reaper","floor":5},{"not_picked":["Wild Strike","Twin Strike"],"picked":"Iron Wave","floor":6},{"not_picked":["Pummel","Iron Wave"],"picked":"Rage","floor":8},{"not_picked":["Sword Boomerang","Dropkick"],"picked":"Shrug It Off","floor":10},{"not_picked":["Headbutt","Wild Strike"],"picked":"Armaments","floor":11},{"not_picked":["Twin Strike","Shockwave"],"picked":"Flame Barrier","floor":12},{"not_picked":["Searing Blow","Body Slam"],"picked":"Fire Breathing","floor":13}],"player_experience":64926,"relics_obtained":[{"floor":6,"key":"Shuriken"},{"floor":8,"key":"Juzu Bracelet"},{"floor":9,"key":"Tiny Chest"}],"event_choices":[{"damage_healed":0,"gold_gain":0,"player_choice":"Bought 2 Potions","damage_taken":0,"max_hp_gain":0,"max_hp_loss":0,"event_name":"The Woman in Blue","floor":4,"gold_loss":0},{"damage_healed":0,"gold_gain":0,"player_choice":"Searched \u00272\u0027 times","damage_taken":0,"relics_obtained":["Gremlin Horn"],"max_hp_gain":0,"max_hp_loss":0,"event_name":"Dead Adventurer","floor":14,"gold_loss":0}],"is_beta":false,"boss_relics":[],"items_purged_floors":[],"is_endless":false,"potions_floor_spawned":[3,6,8,12,13],"killed_by":"Slime Boss","ascension_level":1}