{"gold_per_floor":[112,37,51,63,63,63,79,79,102,102,102,2,2,18,18,121,121,131,131,151,169,84,84,84,84,84,104,124,124,151,26,26,26],"floor_reached":33,"playtime":3590,"items_purged":["Strike_B","Strike_B","Strike_B"],"score":408,"play_id":"36324d12-623f-46b5-aec7-7733651212f5","local_time":"20181229164719","is_ascension_mode":true,"campfire_choices":[{"data":"Auto Shields","floor":6.0,"key":"SMITH"},{"data":"Zap","floor":8.0,"key":"SMITH"},{"data":"Conserve Battery","floor":11.0,"key":"SMITH"},{"floor":15.0,"key":"REST"},{"data":"Defragment","floor":23,"key":"SMITH"},{"data":"Seek","floor":29,"key":"SMITH"},{"data":"White Noise","floor":32,"key":"SMITH"}],"neow_cost":"NONE","seed_source_timestamp":0,"circlet_count":0,"master_deck":["AscendersBane","Strike_B","Defend_B+1","Defend_B","Defend_B","Defend_B+1","Zap+1","Dualcast","Conserve Battery+1","Auto Shields+1","Ball Lightning","White Noise+1","Hologram+1","Ball Lightning","Defragment+1","BootSequence","Seek+1","FTL"],"special_seed":0,"relics":["Inserter","Centennial Puzzle","Pen Nib","Runic Pyramid","DataDisk","Ancient Tea Set","Blue Candle"],"potions_floor_usage":[18,20,21,27],"damage_taken":[{"damage":6.0,"enemies":"Cultist","floor":1.0,"turns":5.0},{"damage":0.0,"enemies":"Small Slimes","floor":3.0,"turns":3.0},{"damage":7.0,"enemies":"Jaw Worm","floor":4.0,"turns":5.0},{"damage":9.0,"enemies":"Large Slime","floor":7.0,"turns":9.0},{"damage":8.0,"enemies":"Lots of Slimes","floor":14.0,"turns":3.0},{"damage":3.0,"enemies":"The Guardian","floor":16.0,"turns":12.0},{"damage":10,"enemies":"Chosen","floor":18,"turns":7},{"damage":0,"enemies":"Spheric Guardian","floor":20,"turns":7},{"damage":28,"enemies":"3 Cultists","floor":21,"turns":7},{"damage":3,"enemies":"Snake Plant","floor":27,"turns":4},{"damage":0,"enemies":"Centurion and Healer","floor":28,"turns":6},{"damage":38,"enemies":"Slavers","floor":30,"turns":5},{"damage":55,"enemies":"Collector","floor":33,"turns":7}],"seed_played":"3739487000203147559","potions_obtained":[{"floor":1.0,"key":"Energy Potion"},{"floor":4.0,"key":"Energy Potion"},{"floor":7.0,"key":"FearPotion"},{"floor":21,"key":"Energy Potion"}],"is_trial":false,"path_per_floor":["M","$","M","M","?","R","M","R","T","?","R","$","?","M","R","B",null,"M","?","M","M","?","R","?","$","T","M","M","R","E","$","R","B"],"character_chosen":"DEFECT","items_purchased":[],"campfire_rested":1,"item_purchase_floors":[],"current_hp_per_floor":[62,62,62,55,60,60,51,51,51,39,39,39,23,15,39,36,69,59,59,59,31,31,31,90,90,90,87,87,87,49,49,49,0],"gold":26,"neow_bonus":"BOSS_RELIC","is_prod":false,"is_daily":false,"chose_seed":false,"campfire_upgraded":6,"win_rate":0,"timestamp":1546120039,"path_taken":["M","$","M","?","?","R","M","R","T","?","R","$","?","?","R","BOSS","M","?","M","?","?","R","?","$","T","M","M","R","E","$","R","BOSS"],"build_version":"2018-12-20","purchased_purges":3,"victory":false,"max_hp_per_floor":[75,75,75,75,80,80,80,80,80,80,80,80,80,80,80,80,80,80,80,80,80,80,80,90,90,90,90,90,90,90,90,90,90],"card_choices":[{"not_picked":["Rip and Tear","Blizzard","Aggregate"],"picked":"SKIP","floor":1.0},{"not_picked":["Sweeping Beam","Compile Driver"],"picked":"Conserve Battery","floor":3.0},{"not_picked":["Beam Cell","Leap"],"picked":"Auto Shields","floor":4.0},{"not_picked":["Go for the Eyes","Blizzard"],"picked":"Ball Lightning","floor":7.0},{"not_picked":["Beam Cell","Rebound"],"picked":"White Noise","floor":14.0},{"not_picked":["Biased Cognition","Meteor Strike"],"picked":"Fission","floor":16.0},{"not_picked":["Redo+1","Beam Cell"],"picked":"Hologram+1","floor":18},{"not_picked":["Streamline","Multi-Cast"],"picked":"Ball Lightning","floor":20},{"not_picked":["Conserve Battery","Cold Snap+1"],"picked":"Defragment","floor":21},{"not_picked":["Turbo+1","Compile Driver"],"picked":"BootSequence","floor":27},{"not_picked":["Doom and Gloom","Coolheaded"],"picked":"Seek","floor":28},{"not_picked":["All For One","Beam Cell"],"picked":"FTL","floor":30}],"player_experience":634349,"relics_obtained":[{"floor":9.0,"key":"Centennial Puzzle"},{"floor":26,"key":"Ancient Tea Set"},{"floor":30,"key":"Blue Candle"}],"event_choices":[{"damage_healed":0.0,"max_hp_gain":5.0,"max_hp_loss":0.0,"gold_gain":0.0,"event_name":"Big Fish","player_choice":"Donut","floor":5.0,"gold_loss":0.0,"damage_taken":0.0},{"damage_healed":0.0,"max_hp_gain":0.0,"max_hp_loss":0.0,"gold_gain":0.0,"event_name":"Scrap Ooze","player_choice":"Success","floor":10.0,"gold_loss":0.0,"damage_taken":12.0,"relics_obtained":["Pen Nib"]},{"damage_healed":0.0,"max_hp_gain":0.0,"max_hp_loss":0.0,"gold_gain":0.0,"event_name":"Shining Light","player_choice":"Entered Light","floor":13.0,"gold_loss":0.0,"damage_taken":16.0,"cards_upgraded":["Defend_B","Defend_B"]},{"damage_healed":0,"gold_gain":0,"player_choice":"Upgraded","damage_taken":0,"max_hp_gain":0,"max_hp_loss":0,"event_name":"Upgrade Shrine","floor":19,"gold_loss":0,"cards_upgraded":["Fission"]},{"damage_healed":0,"gold_gain":0,"player_choice":"Obtained Relic","damage_taken":0,"relics_obtained":["DataDisk"],"max_hp_gain":0,"max_hp_loss":0,"event_name":"Addict","floor":22,"gold_loss":85},{"cards_removed":["Fission"],"damage_healed":49,"gold_gain":0,"player_choice":"Offered Rare","damage_taken":0,"max_hp_gain":10,"max_hp_loss":0,"event_name":"Bonfire Elementals","floor":24,"gold_loss":0}],"is_beta":false,"boss_relics":[{"not_picked":["Black Star","Calling Bell"],"picked":"Runic Pyramid"}],"items_purged_floors":[2,12,31],"is_endless":false,"potions_floor_spawned":[1,4,7,21],"killed_by":"Collector","ascension_level":10}