{"gold_per_floor":[211,211,136,211,224,224,254,254,254,254,254,254,265,265,265,340,390,410,420,420,439,539,539,557,557,557,557,557,557,482,502,502,581,581,600,600,600,600,624,624,640,640,640,651,651],"floor_reached":45,"playtime":2724,"items_purged":["Strike_B"],"score":759,"play_id":"9baa881a-34b4-468c-9eeb-b7b84f1e696d","local_time":"20190415154446","is_ascension_mode":true,"campfire_choices":[{"data":"Zap","floor":6,"key":"SMITH"},{"data":"Self Repair","floor":8,"key":"SMITH"},{"data":"Dualcast","floor":10,"key":"SMITH"},{"data":"Ball Lightning","floor":12,"key":"SMITH"},{"floor":15,"key":"REST"},{"floor":23,"key":"REST"},{"data":"Echo Form","floor":25,"key":"SMITH"},{"data":"Electrodynamics","floor":28,"key":"SMITH"},{"data":"Capacitor","floor":32,"key":"SMITH"},{"data":"Echo Form","floor":40,"key":"SMITH"},{"data":"Cold Snap","floor":42,"key":"SMITH"}],"neow_cost":"NONE","seed_source_timestamp":351851282103575,"circlet_count":0,"master_deck":["AscendersBane","Strike_B","Defend_B","Defend_B","Defend_B","Defend_B","Zap+1","Dualcast+1","Ball Lightning+1","Self Repair+1","Cold Snap+1","Echo Form+1","Cold Snap+1","Electrodynamics+1","Capacitor+1","Echo Form+1","Madness","Madness","Ball Lightning+1","Parasite","Defragment"],"relics":["Cracked Core","Vajra","Mercury Hourglass","Mango","Darkstone Periapt","Tiny House","Nilry\u0027s Codex","Emotion Chip","Ornamental Fan","Strawberry","Coffee Dripper","Anchor","Bottled Tornado"],"potions_floor_usage":[16,18,22,29,29,44],"damage_taken":[{"damage":2,"enemies":"2 Louse","floor":1,"turns":3},{"damage":16,"enemies":"Small Slimes","floor":5,"turns":3},{"damage":0,"enemies":"Jaw Worm","floor":13,"turns":1},{"damage":37,"enemies":"Hexaghost","floor":16,"turns":9},{"damage":0,"enemies":"Spheric Guardian","floor":18,"turns":3},{"damage":2,"enemies":"Chosen","floor":19,"turns":4},{"damage":26,"enemies":"Snake Plant","floor":21,"turns":4},{"damage":21,"enemies":"Colosseum Slavers","floor":22,"turns":3},{"damage":14,"enemies":"Colosseum Nobs","floor":22,"turns":4},{"damage":13,"enemies":"Chosen and Byrds","floor":24,"turns":4},{"damage":26,"enemies":"Book of Stabbing","floor":29,"turns":5},{"damage":14,"enemies":"3 Cultists","floor":31,"turns":4},{"damage":23,"enemies":"Automaton","floor":33,"turns":11},{"damage":33,"enemies":"3 Darklings","floor":35,"turns":3},{"damage":5,"enemies":"3 Shapes","floor":41,"turns":6},{"damage":33,"enemies":"Writhing Mass","floor":44,"turns":4},{"damage":32,"enemies":"3 Darklings","floor":45,"turns":2}],"seed_played":"-4892688034068565197","potions_obtained":[{"floor":5,"key":"Fire Potion"},{"floor":16,"key":"Ancient Potion"},{"floor":17,"key":"Explosive Potion"},{"floor":19,"key":"Fire Potion"},{"floor":22,"key":"SmokeBomb"},{"floor":24,"key":"Weak Potion"},{"floor":33,"key":"FocusPotion"},{"floor":35,"key":"SneckoOil"},{"floor":44,"key":"LiquidBronze"}],"is_trial":false,"path_per_floor":["M","?","$","?","M","R","?","R","T","R","?","R","M","T","R","B",null,"M","M","?","M","?","R","M","R","T","?","R","E","?","M","R","B",null,"M","?","?","?","T","R","M","R","T","M","M"],"character_chosen":"DEFECT","items_purchased":[],"campfire_rested":2,"item_purchase_floors":[],"current_hp_per_floor":[62,55,55,44,28,28,28,28,28,28,35,35,35,35,60,33,77,90,88,72,56,21,48,45,45,52,84,84,68,68,64,64,51,86,63,63,51,51,51,51,56,56,56,29,0],"gold":651,"neow_bonus":"HUNDRED_GOLD","is_prod":false,"is_daily":false,"chose_seed":false,"campfire_upgraded":9,"win_rate":0,"timestamp":1555357486,"path_taken":["M","?","$","?","M","R","?","R","T","R","?","R","?","?","R","BOSS","M","M","?","M","?","R","M","R","T","?","R","E","?","M","R","BOSS","M","?","?","?","?","R","M","R","T","M","?"],"build_version":"2019-01-23","purchased_purges":1,"victory":false,"max_hp_per_floor":[71,71,71,71,71,71,71,71,71,71,85,85,85,85,85,85,90,90,90,90,90,90,90,90,90,97,97,97,97,97,97,97,97,97,97,97,97,97,97,97,97,97,97,103,103],"card_choices":[{"not_picked":["Sweeping Beam","Streamline"],"picked":"Ball Lightning","floor":1},{"not_picked":["Heatsinks","Rebound"],"picked":"Self Repair","floor":5},{"not_picked":["Beam Cell","Hologram"],"picked":"Cold Snap","floor":13},{"not_picked":["Rainbow","Fission"],"picked":"Echo Form","floor":16},{"not_picked":["Compile Driver","Steam"],"picked":"Cold Snap","floor":17},{"not_picked":["Redo","Turbo"],"picked":"Electrodynamics","floor":18},{"not_picked":["Streamline+1","Go for the Eyes","Recycle"],"picked":"SKIP","floor":19},{"not_picked":["Beam Cell","Aggregate","Redo"],"picked":"SKIP","floor":21},{"not_picked":["Scrape","Gash"],"picked":"Capacitor","floor":22},{"not_picked":["Undo","Leap","Lockon"],"picked":"SKIP","floor":24},{"not_picked":["Force Field","Redo","Go for the Eyes"],"picked":"SKIP","floor":31},{"not_picked":["Buffer","Fission"],"picked":"Echo Form","floor":33},{"not_picked":["Sweeping Beam","Gash","Redo"],"picked":"SKIP","floor":35},{"not_picked":["Streamline","Genetic Algorithm"],"picked":"Ball Lightning+1","floor":41},{"not_picked":["Scrape+1","Ball Lightning"],"picked":"Defragment","floor":44}],"player_experience":830599,"relics_obtained":[{"floor":9,"key":"Mercury Hourglass"},{"floor":14,"key":"Darkstone Periapt"},{"floor":20,"key":"Nilry\u0027s Codex"},{"floor":22,"key":"Emotion Chip"},{"floor":22,"key":"Ornamental Fan"},{"floor":26,"key":"Strawberry"},{"floor":39,"key":"Anchor"},{"floor":43,"key":"Bottled Tornado"}],"event_choices":[{"cards_removed":["Strike_B"],"damage_healed":0,"gold_gain":0,"player_choice":"Card Removal","damage_taken":7,"max_hp_gain":0,"max_hp_loss":0,"event_name":"Golden Wing","floor":2,"gold_loss":0},{"damage_healed":0,"gold_gain":75,"player_choice":"Gather Gold","damage_taken":11,"max_hp_gain":0,"max_hp_loss":0,"event_name":"World of Goop","floor":4,"gold_loss":0},{"damage_healed":0,"gold_gain":30,"player_choice":"Searched \u00273\u0027 times","damage_taken":0,"relics_obtained":["Vajra"],"max_hp_gain":0,"max_hp_loss":0,"event_name":"Dead Adventurer","floor":7,"gold_loss":0},{"damage_healed":0,"gold_gain":0,"player_choice":"Success","damage_taken":7,"relics_obtained":["Mango"],"max_hp_gain":0,"max_hp_loss":0,"event_name":"Scrap Ooze","floor":11,"gold_loss":0},{"damage_healed":0,"gold_gain":0,"player_choice":"Obtained Book","damage_taken":16,"max_hp_gain":0,"max_hp_loss":0,"event_name":"Cursed Tome","floor":20,"gold_loss":0},{"damage_healed":0,"gold_gain":0,"player_choice":"Fight","damage_taken":0,"max_hp_gain":0,"max_hp_loss":0,"event_name":"Colosseum","floor":22,"gold_loss":0},{"damage_healed":0,"gold_gain":0,"player_choice":"Fought Nobs","damage_taken":0,"max_hp_gain":0,"max_hp_loss":0,"event_name":"Colosseum","floor":22,"gold_loss":0},{"damage_healed":32,"gold_gain":0,"player_choice":"Heal","damage_taken":0,"max_hp_gain":0,"max_hp_loss":0,"event_name":"The Library","floor":27,"gold_loss":0},{"cards_removed":["Strike_B"],"damage_healed":0,"gold_gain":0,"player_choice":"Gave Gold","damage_taken":0,"max_hp_gain":0,"max_hp_loss":0,"event_name":"Beggar","floor":30,"gold_loss":75},{"damage_healed":0,"gold_gain":0,"player_choice":"Ignored","damage_taken":0,"max_hp_gain":0,"max_hp_loss":0,"event_name":"Tomb of Lord Red Mask","floor":36,"gold_loss":0},{"damage_healed":0,"gold_gain":0,"player_choice":"Embrace Madness","damage_taken":12,"max_hp_gain":0,"max_hp_loss":0,"event_name":"Winding Halls","floor":37,"gold_loss":0,"cards_obtained":["Madness","Madness"]},{"damage_healed":0,"gold_gain":0,"player_choice":"Memory 1","damage_taken":0,"max_hp_gain":0,"max_hp_loss":0,"event_name":"SensoryStone","floor":38,"gold_loss":0}],"is_beta":false,"boss_relics":[{"not_picked":["Lizard Tail","Eternal Feather"],"picked":"Tiny House"},{"not_picked":["Philosopher\u0027s Stone","Nuclear Battery"],"picked":"Coffee Dripper"}],"items_purged_floors":[3],"is_endless":false,"potions_floor_spawned":[5,16,19,22,22,24,33,35,44],"killed_by":"3 Darklings","ascension_level":14}