{"gold_per_floor":[118,118,43,43,43,43,61,61,131,151,8,29,65,80,80,204,204,219,238,238,163,163],"floor_reached":22,"playtime":2035,"items_purged":["Strike_B"],"score":314,"play_id":"f3b53de6-0ffe-40e0-8a17-0972c1dc8a65","local_time":"20181229174427","is_ascension_mode":true,"campfire_choices":[{"data":"White Noise","floor":6,"key":"SMITH"},{"data":"Go for the Eyes","floor":8,"key":"SMITH"},{"data":"Buffer","floor":15,"key":"SMITH"}],"neow_cost":"NONE","seed_source_timestamp":37808634816013,"circlet_count":0,"master_deck":["AscendersBane","Strike_B","Strike_B","Defend_B+1","Defend_B","Defend_B","Defend_B","Zap","Dualcast+1","Go for the Eyes+1","White Noise+1","Cold Snap","Buffer+1","White Noise","Reboot","Loop","Ball Lightning"],"relics":["Cracked Core","Golden Idol","Singing Bowl","War Paint","Inserter","MutagenicStrength"],"potions_floor_usage":[14,16,22],"damage_taken":[{"damage":11,"enemies":"2 Louse","floor":1,"turns":3},{"damage":4,"enemies":"Small Slimes","floor":7,"turns":4},{"damage":1,"enemies":"Cultist","floor":10,"turns":3},{"damage":0,"enemies":"Red Slaver","floor":12,"turns":4},{"damage":0,"enemies":"Lagavulin","floor":13,"turns":8},{"damage":0,"enemies":"3 Louse","floor":14,"turns":4},{"damage":12,"enemies":"The Guardian","floor":16,"turns":15},{"damage":11,"enemies":"Spheric Guardian","floor":18,"turns":5},{"damage":24,"enemies":"Shell Parasite","floor":19,"turns":10},{"damage":42,"enemies":"Centurion and Healer","floor":22,"turns":10}],"seed_played":"-4485341221984668602","potions_obtained":[{"floor":7,"key":"EssenceOfSteel"},{"floor":10,"key":"Strength Potion"},{"floor":12,"key":"Dexterity Potion"},{"floor":19,"key":"Weak Potion"}],"is_trial":false,"path_per_floor":["M","?","$","?","?","R","M","R","T","M","$","M","E","M","R","B",null,"M","M","?","$","M"],"character_chosen":"DEFECT","items_purchased":["White Noise","Buffer"],"campfire_rested":0,"item_purchase_floors":[3,11],"current_hp_per_floor":[64,64,64,64,64,64,60,60,60,61,61,63,65,65,65,53,75,64,40,40,40,0],"gold":163,"neow_bonus":"TEN_PERCENT_HP_BONUS","is_prod":false,"is_daily":false,"chose_seed":false,"campfire_upgraded":3,"win_rate":0,"timestamp":1546123467,"path_taken":["M","?","$","?","?","R","M","R","T","M","$","?","E","M","R","BOSS","M","M","?","$","M"],"build_version":"2018-12-20","purchased_purges":1,"victory":false,"max_hp_per_floor":[82,82,82,76,76,76,76,76,76,78,78,80,82,82,82,82,82,82,82,82,82,82],"card_choices":[{"not_picked":["Turbo","Blizzard"],"picked":"Go for the Eyes","floor":1},{"not_picked":["BootSequence","Hologram"],"picked":"Cold Snap","floor":7},{"not_picked":["Go for the Eyes","Leap","Force Field"],"picked":"Singing Bowl","floor":10},{"not_picked":["Sweeping Beam","Leap","Hologram"],"picked":"Singing Bowl","floor":12},{"not_picked":["Tempest","Streamline","Beam Cell"],"picked":"Singing Bowl","floor":13},{"not_picked":["Coolheaded","Sweeping Beam"],"picked":"White Noise","floor":14},{"not_picked":["All For One","Hyperbeam"],"picked":"Reboot","floor":16},{"not_picked":["Fusion","FTL"],"picked":"Loop","floor":18},{"not_picked":["Leap","Rebound"],"picked":"Ball Lightning","floor":19}],"player_experience":639297,"relics_obtained":[{"floor":9,"key":"Singing Bowl"},{"floor":13,"key":"War Paint"}],"event_choices":[{"damage_healed":0,"gold_gain":0,"player_choice":"Ignored","damage_taken":0,"max_hp_gain":0,"max_hp_loss":0,"event_name":"Liars Game","floor":2,"gold_loss":0},{"damage_healed":0,"gold_gain":0,"player_choice":"Lose Max HP","damage_taken":0,"relics_obtained":["Golden Idol"],"max_hp_gain":0,"max_hp_loss":6,"event_name":"Golden Idol","floor":4,"gold_loss":0},{"cards_removed":["Strike_B"],"damage_healed":0,"gold_gain":0,"player_choice":"Offered Basic","damage_taken":0,"max_hp_gain":0,"max_hp_loss":0,"event_name":"Bonfire Elementals","floor":5,"gold_loss":0},{"damage_healed":0,"gold_gain":0,"player_choice":"Inject Mutagens","damage_taken":0,"relics_obtained":["MutagenicStrength"],"max_hp_gain":0,"max_hp_loss":0,"event_name":"Drug Dealer","floor":20,"gold_loss":0}],"is_beta":false,"boss_relics":[{"not_picked":["Orrery","Cursed Key"],"picked":"Inserter"}],"items_purged_floors":[21],"is_endless":false,"potions_floor_spawned":[7,10,12,19],"killed_by":"Centurion and Healer","ascension_level":10}