{"gold_per_floor":[110,185,205,205,218,254,254,285,334,358,30,30,50,68,68,198,198,216,236,236,335,348,348,473,473,473,473,13,36,36,36,36,167,167,191,524,624,973,985,985,999,149,149,149,164,176,176,187,187,187,187,187,1,30,30],"floor_reached":55,"playtime":3784,"items_purged":["Strike_B","Strike_B","Strike_B","Strike_B"],"score":809,"play_id":"6aa8ed01-a2a4-414f-8cdb-8b0d73bee219","local_time":"20190426092026","is_ascension_mode":true,"campfire_choices":[{"data":"Zap","floor":7,"key":"SMITH"},{"data":"Apotheosis","floor":15,"key":"SMITH"},{"data":"Defragment","floor":23,"key":"SMITH"},{"data":"Coolheaded","floor":25,"key":"SMITH"},{"data":"Hologram","floor":27,"key":"SMITH"},{"data":"Defragment","floor":32,"key":"SMITH"},{"data":"Fission","floor":40,"key":"SMITH"},{"floor":47,"key":"RECALL"},{"data":"Loop","floor":49,"key":"SMITH"},{"data":"Panache","floor":52,"key":"SMITH"}],"neow_cost":"NONE","seed_source_timestamp":52381628403327,"circlet_count":0,"master_deck":["Defend_B","Defend_B+1","Defend_B","Defend_B","Zap+1","Dualcast","Coolheaded+1","Auto Shields","Coolheaded+1","Hologram+1","FTL","Cold Snap","Self Repair","Apotheosis+1","Self Repair","Creative AI","Barrage","Electrodynamics","Steam+1","Defragment+1","Chill","Chill","Defragment+1","Fission+1","White Noise","Glacier","Coolheaded+1","Panache+1","Conserve Battery+1","Parasite","Loop+1","Capacitor","Glacier+1"],"relics":["Cracked Core","Mummified Hand","Boot","Vajra","Snecko Eye","Du-Vu Doll","Bottled Tornado","PreservedInsect","Bag of Preparation","Bag of Marbles","Runic Pyramid","Mango","Old Coin","Potion Belt","ClockworkSouvenir","Meat on the Bone","Cables"],"potions_floor_usage":[8,14,16,24,24,24,39,55,55,55,55,55],"damage_taken":[{"damage":3,"enemies":"2 Louse","floor":1,"turns":4},{"damage":2,"enemies":"Small Slimes","floor":3,"turns":4},{"damage":3,"enemies":"Jaw Worm","floor":5,"turns":4},{"damage":20,"enemies":"3 Sentries","floor":6,"turns":17},{"damage":10,"enemies":"Lagavulin","floor":8,"turns":7},{"damage":6,"enemies":"Large Slime","floor":10,"turns":7},{"damage":0,"enemies":"Looter","floor":13,"turns":3},{"damage":0,"enemies":"Blue Slaver","floor":14,"turns":2},{"damage":4,"enemies":"The Guardian","floor":16,"turns":7},{"damage":10,"enemies":"Spheric Guardian","floor":18,"turns":7},{"damage":7,"enemies":"2 Thieves","floor":19,"turns":3},{"damage":22,"enemies":"Snake Plant","floor":22,"turns":3},{"damage":0,"enemies":"Colosseum Slavers","floor":24,"turns":3},{"damage":20,"enemies":"Colosseum Nobs","floor":24,"turns":4},{"damage":8,"enemies":"Sentry and Sphere","floor":29,"turns":7},{"damage":18,"enemies":"Champ","floor":33,"turns":9},{"damage":6,"enemies":"3 Shapes","floor":35,"turns":3},{"damage":24,"enemies":"Mind Bloom Boss Battle","floor":37,"turns":8},{"damage":24,"enemies":"2 Orb Walkers","floor":38,"turns":6},{"damage":31,"enemies":"3 Darklings","floor":39,"turns":6},{"damage":0,"enemies":"Sphere and 2 Shapes","floor":41,"turns":5},{"damage":2,"enemies":"Spire Growth","floor":45,"turns":8},{"damage":12,"enemies":"Jaw Worm Horde","floor":46,"turns":5},{"damage":0,"enemies":"Writhing Mass","floor":48,"turns":7},{"damage":59,"enemies":"Time Eater","floor":50,"turns":15},{"damage":17,"enemies":"Shield and Spear","floor":54,"turns":4},{"damage":74,"enemies":"The Heart","floor":55,"turns":12}],"seed_played":"8204990035236117562","potions_obtained":[{"floor":1,"key":"Dexterity Potion"},{"floor":6,"key":"SpeedPotion"},{"floor":10,"key":"Energy Potion"},{"floor":14,"key":"Strength Potion"},{"floor":16,"key":"SkillPotion"},{"floor":19,"key":"Dexterity Potion"},{"floor":24,"key":"EssenceOfSteel"},{"floor":29,"key":"Swift Potion"},{"floor":33,"key":"Energy Potion"},{"floor":37,"key":"Dexterity Potion"},{"floor":54,"key":"GamblersBrew"}],"is_trial":false,"path_per_floor":["?","?","?","?","?","?","$","M","?","?","?","?","M","?"],"character_chosen":"DEFECT","items_purchased":["Apotheosis","Self Repair","PreservedInsect","Bag of Preparation","FocusPotion","Potion Belt","ClockworkSouvenir","Ancient Potion","Weak Potion","Poison Potion","Panache","Capacitor"],"campfire_rested":0,"item_purchase_floors":[11,11,28,28,28,42,42,42,42,42,42,53],"current_hp_per_floor":[72,61,59,59,56,36,36,26,26,20,20,6,26,36,36,49,64,69,69,69,69,67,67,59,59,59,59,59,58,58,58,58,54,65,69,69,79,75,58,58,72,72,72,72,83,83,83,83,83,53,76,76,76,73,0],"gold":30,"neow_bonus":"THREE_CARDS","is_prod":false,"is_daily":false,"chose_seed":false,"campfire_upgraded":9,"win_rate":0,"timestamp":1556245226,"path_taken":["M","?","M","?","M","E","R","E","T","M","$","?","M","M","R","BOSS","M","M","?","?","M","R","?","R","T","R","?","?","?","$","R","BOSS","M","?","?","?","M","R","?","$","T","?","M","M","R","M","R","BOSS","R","$","E","BOSS"],"build_version":"2019-01-23","purchased_purges":4,"victory":false,"max_hp_per_floor":[75,75,75,69,69,69,69,69,69,69,69,69,69,69,69,69,69,69,69,69,69,69,69,69,69,69,69,69,69,69,69,69,69,69,69,69,83,83,83,83,83,83,83,83,83,83,83,83,83,83,83,83,83,83,83],"card_choices":[{"not_picked":["Barrage","Turbo"],"picked":"Coolheaded","floor":0},{"not_picked":["Undo","Rebound"],"picked":"Auto Shields","floor":1},{"not_picked":["Streamline","Skim"],"picked":"Coolheaded","floor":3},{"not_picked":["Coolheaded","Redo"],"picked":"Hologram","floor":5},{"not_picked":["Rebound","Tempest"],"picked":"FTL","floor":6},{"not_picked":["Gash","Coolheaded"],"picked":"Cold Snap","floor":8},{"not_picked":["Go for the Eyes","Scrape"],"picked":"Self Repair","floor":10},{"not_picked":["Skim","Gash"],"picked":"Creative AI","floor":13},{"not_picked":["Reprogram","Redo"],"picked":"Barrage","floor":14},{"not_picked":["Seek","Machine Learning"],"picked":"Electrodynamics","floor":16},{"not_picked":["Blizzard","Cold Snap"],"picked":"Steam+1","floor":18},{"not_picked":["Turbo","Tempest","Coolheaded"],"picked":"SKIP","floor":19},{"not_picked":["Go for the Eyes","Hologram"],"picked":"Chill","floor":22},{"not_picked":["Rip and Tear+1","Turbo"],"picked":"Chill","floor":24},{"not_picked":["Echo Form","Hologram"],"picked":"Defragment","floor":29},{"not_picked":["Reboot","Thunder Strike"],"picked":"Fission","floor":33},{"not_picked":["Ball Lightning+1","Hologram","Redo+1"],"picked":"SKIP","floor":35},{"not_picked":["Gash","Melter"],"picked":"White Noise","floor":37},{"not_picked":["Consume","Compile Driver"],"picked":"Glacier","floor":39},{"not_picked":["Lockon","Blizzard"],"picked":"Coolheaded+1","floor":41},{"not_picked":["Rebound","Leap+1","Cold Snap+1"],"picked":"SKIP","floor":45},{"not_picked":["Sweeping Beam+1","Turbo"],"picked":"Conserve Battery+1","floor":46},{"not_picked":["BootSequence+1","FTL"],"picked":"Loop","floor":48},{"not_picked":["Cold Snap+1","Leap+1"],"picked":"Glacier+1","floor":54}],"player_experience":84742,"relics_obtained":[{"floor":6,"key":"Mummified Hand"},{"floor":8,"key":"Boot"},{"floor":9,"key":"Vajra"},{"floor":24,"key":"Du-Vu Doll"},{"floor":24,"key":"Bottled Tornado"},{"floor":37,"key":"Mango"},{"floor":38,"key":"Old Coin"},{"floor":43,"key":"Meat on the Bone"},{"floor":54,"key":"Cables"}],"event_choices":[{"damage_healed":0,"gold_gain":75,"player_choice":"Gather Gold","damage_taken":11,"max_hp_gain":0,"max_hp_loss":0,"event_name":"World of Goop","floor":2,"gold_loss":0},{"damage_healed":0,"gold_gain":0,"player_choice":"Lose Max HP","damage_taken":0,"relics_obtained":["Golden Idol"],"max_hp_gain":0,"max_hp_loss":6,"event_name":"Golden Idol","floor":4,"gold_loss":0},{"damage_healed":0,"gold_gain":0,"player_choice":"Entered Light","damage_taken":14,"max_hp_gain":0,"max_hp_loss":0,"event_name":"Shining Light","floor":12,"gold_loss":0,"cards_upgraded":["Defend_B","Coolheaded"]},{"damage_healed":0,"gold_gain":0,"player_choice":"Read","damage_taken":0,"max_hp_gain":0,"max_hp_loss":0,"event_name":"The Library","floor":20,"gold_loss":0,"cards_obtained":["Defragment"]},{"damage_healed":0,"gold_gain":99,"player_choice":"Stole From Cult","damage_taken":0,"max_hp_gain":0,"max_hp_loss":0,"event_name":"Nest","floor":21,"gold_loss":0},{"damage_healed":0,"gold_gain":0,"player_choice":"Fight","damage_taken":0,"max_hp_gain":0,"max_hp_loss":0,"event_name":"Colosseum","floor":24,"gold_loss":0},{"damage_healed":0,"gold_gain":0,"player_choice":"Fought Nobs","damage_taken":0,"max_hp_gain":0,"max_hp_loss":0,"event_name":"Colosseum","floor":24,"gold_loss":0},{"damage_healed":0,"gold_gain":0,"player_choice":"Opened","damage_taken":0,"relics_obtained":["Bag of Marbles"],"max_hp_gain":0,"max_hp_loss":0,"event_name":"The Mausoleum","floor":30,"gold_loss":0},{"damage_healed":0,"gold_gain":333,"player_choice":"Gave Idol","damage_taken":0,"max_hp_gain":0,"max_hp_loss":0,"event_name":"The Moai Head","floor":36,"relics_lost":["Golden Idol"],"gold_loss":0},{"damage_healed":0,"gold_gain":0,"player_choice":"Fight","damage_taken":0,"max_hp_gain":0,"max_hp_loss":0,"event_name":"MindBloom","floor":37,"gold_loss":0},{"damage_healed":0,"gold_gain":0,"player_choice":"Fight","damage_taken":0,"max_hp_gain":0,"max_hp_loss":0,"event_name":"Mysterious Sphere","floor":38,"gold_loss":0},{"damage_healed":0,"gold_gain":0,"player_choice":"Ignored","damage_taken":0,"max_hp_gain":0,"max_hp_loss":0,"event_name":"Tomb of Lord Red Mask","floor":44,"gold_loss":0}],"is_beta":false,"boss_relics":[{"not_picked":["Sozu","FrozenCore"],"picked":"Snecko Eye"},{"not_picked":["Coffee Dripper","Busted Crown"],"picked":"Runic Pyramid"}],"items_purged_floors":[11,28,42,53],"is_endless":false,"potions_floor_spawned":[1,6,10,14,16,19,24,29,33,37,38,48,54],"killed_by":"The Heart","ascension_level":5}