{"gold_per_floor":[114,131,131,150,166,195,195,195,495,495,506,526,539,123,123,218,218,236,248,248,267,267],"floor_reached":22,"playtime":1780,"items_purged":[],"score":190,"play_id":"6403f031-c20f-4861-bf36-45d7d52e3a60","local_time":"20190404102800","is_ascension_mode":false,"campfire_choices":[{"floor":7,"key":"REST"},{"floor":10,"key":"REST"},{"data":"Rage","floor":15,"key":"SMITH"}],"neow_cost":"NONE","seed_source_timestamp":568138126550733,"circlet_count":0,"master_deck":["Strike_R+1","Strike_R+1","Strike_R+1","Strike_R+1","Strike_R+1","Defend_R+1","Defend_R+1","Defend_R+1","Defend_R+1","Bash+1","Armaments","Dropkick","Combust","Armaments","Demon Form","Trip","Entrench","Twin Strike","Rage+1","Sentinel","Uppercut","Inflame","Flame Barrier","Barricade","Sword Boomerang+1","True Grit+1","Cleave","Whirlwind","Pummel","Iron Wave+1"],"relics":["Black Blood","Prayer Wheel","Old Coin","Lantern","HandDrill"],"potions_floor_usage":[12,16,16,21,22],"damage_taken":[{"damage":0,"enemies":"Small Slimes","floor":1,"turns":3},{"damage":1,"enemies":"Cultist","floor":2,"turns":4},{"damage":9,"enemies":"Jaw Worm","floor":4,"turns":4},{"damage":10,"enemies":"Exordium Wildlife","floor":5,"turns":5},{"damage":29,"enemies":"Gremlin Nob","floor":6,"turns":4},{"damage":12,"enemies":"Looter","floor":11,"turns":3},{"damage":5,"enemies":"2 Fungi Beasts","floor":12,"turns":3},{"damage":11,"enemies":"Exordium Wildlife","floor":13,"turns":5},{"damage":8,"enemies":"Slime Boss","floor":16,"turns":7},{"damage":32,"enemies":"Shell Parasite","floor":18,"turns":11},{"damage":13,"enemies":"3 Byrds","floor":19,"turns":5},{"damage":46,"enemies":"Shelled Parasite and Fungi","floor":21,"turns":9},{"damage":32,"enemies":"Snecko","floor":22,"turns":5}],"seed_played":"4119484974796080743","potions_obtained":[{"floor":2,"key":"Explosive Potion"},{"floor":6,"key":"GamblersBrew"},{"floor":11,"key":"Fire Potion"},{"floor":12,"key":"Fruit Juice"},{"floor":18,"key":"BloodPotion"},{"floor":19,"key":"LiquidBronze"}],"is_trial":false,"path_per_floor":["M","M","?","M","M","E","R","?","T","R","M","M","M","$","R","B",null,"M","M","?","M","M"],"character_chosen":"IRONCLAD","items_purchased":["Lantern","HandDrill","Flame Barrier"],"campfire_rested":2,"item_purchase_floors":[14,14,14],"current_hp_per_floor":[80,80,64,61,57,34,58,58,58,80,74,80,75,75,75,73,85,63,60,60,32,0],"gold":267,"neow_bonus":"UPGRADE_CARD","is_prod":false,"is_daily":false,"chose_seed":false,"campfire_upgraded":1,"win_rate":0,"timestamp":1554388080,"path_taken":["M","M","?","M","M","E","R","?","T","R","?","M","M","$","R","BOSS","M","M","?","M","M"],"build_version":"2019-01-23","purchased_purges":0,"victory":false,"max_hp_per_floor":[80,80,80,80,80,80,80,80,80,80,80,85,85,85,85,85,85,85,85,85,85,85],"card_choices":[{"not_picked":["Body Slam","Clash"],"picked":"Armaments","floor":1},{"not_picked":["Second Wind","Ghostly Armor"],"picked":"Dropkick","floor":2},{"not_picked":["Battle Trance","Sever Soul"],"picked":"Combust","floor":4},{"not_picked":["Sword Boomerang","Pommel Strike"],"picked":"Armaments","floor":5},{"not_picked":["Perfected Strike","Combust"],"picked":"Demon Form","floor":6},{"not_picked":["Second Wind","Pommel Strike"],"picked":"Twin Strike","floor":11},{"not_picked":["Pommel Strike","Twin Strike"],"picked":"Rage","floor":11},{"not_picked":["Anger","Wild Strike"],"picked":"Sentinel","floor":12},{"not_picked":["Pommel Strike","Cleave","Heavy Blade"],"picked":"SKIP","floor":12},{"not_picked":["Battle Trance","Hemokinesis"],"picked":"Uppercut","floor":13},{"not_picked":["Clash","Pommel Strike"],"picked":"Inflame","floor":13},{"not_picked":["Limit Break","Impervious"],"picked":"Barricade","floor":16},{"not_picked":["Hemokinesis+1","Wild Strike"],"picked":"Sword Boomerang+1","floor":18},{"not_picked":["Thunderclap","Headbutt+1"],"picked":"True Grit+1","floor":18},{"not_picked":["Twin Strike","Wild Strike"],"picked":"Cleave","floor":19},{"not_picked":["Rage","Body Slam+1"],"picked":"Whirlwind","floor":19},{"not_picked":["Flex","Body Slam"],"picked":"Pummel","floor":21},{"not_picked":["Hemokinesis+1","Wild Strike"],"picked":"Iron Wave+1","floor":21}],"player_experience":36005,"relics_obtained":[{"floor":6,"key":"Prayer Wheel"},{"floor":9,"key":"Old Coin"}],"event_choices":[{"damage_healed":0,"gold_gain":0,"player_choice":"Entered Light","damage_taken":16,"max_hp_gain":0,"max_hp_loss":0,"event_name":"Shining Light","floor":3,"gold_loss":0,"cards_upgraded":["Defend_R","Strike_R"]},{"damage_healed":0,"gold_gain":0,"player_choice":"2 cards matched","damage_taken":0,"max_hp_gain":0,"max_hp_loss":0,"event_name":"Match and Keep!","floor":8,"gold_loss":0,"cards_obtained":["Trip","Entrench"]},{"damage_healed":0,"gold_gain":0,"player_choice":"2 cards matched","damage_taken":0,"max_hp_gain":0,"max_hp_loss":0,"event_name":"Match and Keep!","floor":8,"gold_loss":0,"cards_obtained":["Trip","Entrench"]},{"damage_healed":0,"gold_gain":0,"player_choice":"Simplicity","damage_taken":0,"max_hp_gain":0,"max_hp_loss":0,"event_name":"Back to Basics","floor":20,"gold_loss":0,"cards_upgraded":["Strike_R","Strike_R","Strike_R","Strike_R","Defend_R","Defend_R","Defend_R"]}],"is_beta":false,"boss_relics":[{"not_picked":["Calling Bell","Sozu"],"picked":"Black Blood"}],"items_purged_floors":[],"is_endless":false,"potions_floor_spawned":[2,6,11,12,18,19],"killed_by":"Snecko","ascension_level":0}