{"gold_per_floor":[109,109,109,36,47,47,73,73,73,73,101,101,114,114,114,242,242,267,267,291,291,314,314,338,338,338,34,34,34,48,61,61,61],"floor_reached":33,"playtime":1351,"items_purged":[],"score":278,"play_id":"a9f45fd0-1998-4aad-8a44-c5b9b3b7586d","local_time":"20190426095825","is_ascension_mode":true,"campfire_choices":[{"data":"Spot Weakness","floor":6,"key":"SMITH"},{"floor":10,"key":"REST"},{"data":"Shrug It Off","floor":12,"key":"SMITH"},{"data":"Heavy Blade","floor":15,"key":"SMITH"},{"data":"True Grit","floor":23,"key":"SMITH"},{"data":"Armaments","floor":25,"key":"SMITH"},{"floor":32,"key":"REST"}],"neow_cost":"NONE","seed_source_timestamp":57083812332451,"circlet_count":0,"master_deck":["Strike_R+1","Strike_R+1","Strike_R+1","Strike_R+1","Defend_R+1","Defend_R+1","Defend_R+1","Defend_R+1","Bash+1","Heavy Blade+1","Spot Weakness+1","Shrug It Off+1","Twin Strike","Feel No Pain","Carnage","Iron Wave","Inflame","Feed","Shrug It Off","Shrug It Off","Intimidate","Armaments+1","Metallicize","Shockwave","True Grit+1","Headbutt+1","Armaments+1","Inflame+1","Offering","True Grit+1","Anger"],"relics":["Burning Blood","Orichalcum","Nunchaku","Question Card","Omamori","Golden Idol","Orrery","Frozen Egg 2","Pen Nib","Dodecahedron"],"potions_floor_usage":[5,5,7,11,16,22,22,24],"damage_taken":[{"damage":3,"enemies":"Jaw Worm","floor":1,"turns":4},{"damage":2,"enemies":"Small Slimes","floor":5,"turns":3},{"damage":39,"enemies":"Lagavulin","floor":7,"turns":8},{"damage":9,"enemies":"3 Sentries","floor":11,"turns":6},{"damage":0,"enemies":"Cultist","floor":13,"turns":2},{"damage":21,"enemies":"Hexaghost","floor":16,"turns":8},{"damage":4,"enemies":"Shell Parasite","floor":18,"turns":8},{"damage":32,"enemies":"Spheric Guardian","floor":20,"turns":7},{"damage":12,"enemies":"Snecko","floor":22,"turns":7},{"damage":21,"enemies":"Snake Plant","floor":24,"turns":6},{"damage":22,"enemies":"Centurion and Healer","floor":30,"turns":7},{"damage":12,"enemies":"Cultist and Chosen","floor":31,"turns":9},{"damage":74,"enemies":"Collector","floor":33,"turns":7}],"seed_played":"-118022841053313439","potions_obtained":[{"floor":1,"key":"EntropicBrew"},{"floor":3,"key":"SpeedPotion"},{"floor":3,"key":"SteroidPotion"},{"floor":11,"key":"Block Potion"},{"floor":16,"key":"Block Potion"},{"floor":20,"key":"Regen Potion"}],"is_trial":false,"path_per_floor":["?","?","M","?","?","?","?","$","T","M"],"character_chosen":"IRONCLAD","items_purchased":["Shrug It Off","Twin Strike","Inflame+1","Offering","Pen Nib"],"campfire_rested":2,"item_purchase_floors":[4,4,27,27,27],"current_hp_per_floor":[80,64,64,64,68,68,35,10,10,34,31,31,37,37,37,22,74,74,74,51,51,60,60,45,45,45,45,45,45,32,29,53,0],"gold":61,"neow_bonus":"TRANSFORM_CARD","is_prod":false,"is_daily":false,"chose_seed":false,"campfire_upgraded":5,"win_rate":0,"timestamp":1556247505,"path_taken":["M","?","?","$","?","R","E","?","T","R","E","R","M","?","R","BOSS","M","?","M","?","M","R","M","R","T","?","$","?","?","M","R","BOSS"],"build_version":"2019-01-23","purchased_purges":0,"victory":false,"max_hp_per_floor":[80,80,80,80,80,80,80,80,80,80,80,80,80,74,74,74,74,74,74,77,77,77,77,77,77,77,77,77,77,80,83,83,83],"card_choices":[{"not_picked":["Disarm","Armaments"],"picked":"Spot Weakness","floor":1},{"not_picked":["Wild Strike","Perfected Strike"],"picked":"Feel No Pain","floor":5},{"not_picked":["Second Wind","Evolve"],"picked":"Carnage","floor":7},{"not_picked":["Bloodletting","Entrench","Cleave"],"picked":"Iron Wave","floor":11},{"not_picked":["Rage","Reckless Charge","Perfected Strike"],"picked":"Inflame","floor":13},{"not_picked":["Double Tap","Juggernaut","Immolate"],"picked":"Feed","floor":16},{"not_picked":["Warcry","Limit Break","True Grit"],"picked":"Shrug It Off","floor":17},{"not_picked":["True Grit","Wild Strike","Sever Soul"],"picked":"Shrug It Off","floor":17},{"not_picked":["Heavy Blade","Twin Strike","Infernal Blade"],"picked":"Intimidate","floor":17},{"not_picked":["True Grit","Iron Wave","Clothesline"],"picked":"Armaments","floor":17},{"not_picked":["Clash","Anger","Sword Boomerang+1"],"picked":"Metallicize","floor":18},{"not_picked":["Double Tap","Wild Strike","Flex"],"picked":"Shockwave","floor":20},{"not_picked":["Dropkick","Wild Strike","Twin Strike"],"picked":"Headbutt+1","floor":22},{"not_picked":["Hemokinesis+1","Heavy Blade+1","Perfected Strike"],"picked":"Armaments+1","floor":24},{"not_picked":["Perfected Strike","Thunderclap","Warcry+1"],"picked":"True Grit+1","floor":30},{"not_picked":["Flex","Rupture+1","Body Slam"],"picked":"Anger","floor":31}],"player_experience":88526,"relics_obtained":[{"floor":7,"key":"Orichalcum"},{"floor":9,"key":"Question Card"},{"floor":11,"key":"Omamori"},{"floor":26,"key":"Frozen Egg 2"},{"floor":29,"key":"Dodecahedron"}],"event_choices":[{"damage_healed":0,"gold_gain":0,"player_choice":"Entered Light","damage_taken":16,"max_hp_gain":0,"max_hp_loss":0,"event_name":"Shining Light","floor":2,"gold_loss":0,"cards_upgraded":["Defend_R","Bash"]},{"damage_healed":0,"gold_gain":0,"player_choice":"Got Potions","damage_taken":0,"max_hp_gain":0,"max_hp_loss":0,"event_name":"Lab","floor":3,"gold_loss":0},{"damage_healed":0,"gold_gain":0,"player_choice":"Success","damage_taken":25,"relics_obtained":["Nunchaku"],"max_hp_gain":0,"max_hp_loss":0,"event_name":"Scrap Ooze","floor":8,"gold_loss":0},{"damage_healed":0,"gold_gain":0,"player_choice":"Lose Max HP","damage_taken":0,"relics_obtained":["Golden Idol"],"max_hp_gain":0,"max_hp_loss":6,"event_name":"Golden Idol","floor":14,"gold_loss":0},{"damage_healed":0,"gold_gain":0,"player_choice":"Simplicity","damage_taken":0,"max_hp_gain":0,"max_hp_loss":0,"event_name":"Back to Basics","floor":19,"gold_loss":0,"cards_upgraded":["Strike_R","Strike_R","Strike_R","Strike_R","Defend_R","Defend_R","Defend_R"]},{"damage_healed":0,"gold_gain":0,"player_choice":"Read","damage_taken":0,"max_hp_gain":0,"max_hp_loss":0,"event_name":"The Library","floor":21,"gold_loss":0,"cards_obtained":["True Grit"]}],"is_beta":false,"boss_relics":[{"not_picked":["Philosopher\u0027s Stone","Coffee Dripper"],"picked":"Orrery"}],"items_purged_floors":[],"is_endless":false,"potions_floor_spawned":[1,11,16,18,20],"killed_by":"Collector","ascension_level":2}