{"gold_per_floor":[118,118,130,143,158,158,186,204,204,204,129,129,147,159,159,256,256,273,256,269,285,298,331,331,256,338,66,66,77,93,93,93,192,192,211,230,230,249,249,249,264,275,275,295,226,226,3,22,22,22],"floor_reached":51,"playtime":35240,"items_purged":["Decay","Strike_R","Pain"],"score":652,"play_id":"5003ad14-6f86-415c-9c91-6e77ca842b0e","local_time":"20190425161029","is_ascension_mode":false,"campfire_choices":[{"data":"Bash","floor":6.0,"key":"SMITH"},{"data":"True Grit","floor":10.0,"key":"SMITH"},{"data":"Rage","floor":12.0,"key":"SMITH"},{"data":"True Grit","floor":15.0,"key":"SMITH"},{"data":"Pommel Strike","floor":24.0,"key":"SMITH"},{"data":"Demon Form","floor":32.0,"key":"SMITH"},{"floor":40,"key":"REST"},{"data":"Whirlwind","floor":46,"key":"SMITH"},{"floor":49,"key":"REST"}],"neow_cost":"NONE","seed_source_timestamp":0,"circlet_count":0,"master_deck":["Strike_R","Strike_R","Strike_R","Defend_R","Defend_R","Defend_R","Bash+1","Metallicize","Flame Barrier","Dropkick","True Grit+1","Pommel Strike+1","Body Slam","Rage+1","Rampage","True Grit+1","Impervious","Secret Technique+1","Demon Form+1","RitualDagger","Brutality","Pummel","Feel No Pain","Warcry+1","Whirlwind+1","Shrug It Off","Parasite"],"special_seed":0,"relics":["Burning Blood","Anchor","Self Forming Clay","Busted Crown","Letter Opener","Darkstone Periapt","Orrery","WarpedTongs","Pear"],"potions_floor_usage":[41,42,44,50,50],"damage_taken":[{"damage":5.0,"enemies":"Jaw Worm","floor":1.0,"turns":4.0},{"damage":6.0,"enemies":"Cultist","floor":3.0,"turns":4.0},{"damage":7.0,"enemies":"Small Slimes","floor":4.0,"turns":4.0},{"damage":7.0,"enemies":"2 Fungi Beasts","floor":5.0,"turns":4.0},{"damage":22.0,"enemies":"Lagavulin","floor":7.0,"turns":6.0},{"damage":3.0,"enemies":"Gremlin Gang","floor":8.0,"turns":7.0},{"damage":0.0,"enemies":"3 Louse","floor":13.0,"turns":4.0},{"damage":0.0,"enemies":"Blue Slaver","floor":14.0,"turns":3.0},{"damage":34.0,"enemies":"Hexaghost","floor":16.0,"turns":10.0},{"damage":15.0,"enemies":"3 Byrds","floor":18.0,"turns":6.0},{"damage":2.0,"enemies":"2 Thieves","floor":19.0,"turns":4.0},{"damage":1.0,"enemies":"Snake Plant","floor":20.0,"turns":5.0},{"damage":5.0,"enemies":"Centurion and Healer","floor":21.0,"turns":7.0},{"damage":17.0,"enemies":"Snecko","floor":22.0,"turns":7.0},{"damage":17.0,"enemies":"Slavers","floor":23.0,"turns":9.0},{"damage":0.0,"enemies":"Snake Plant","floor":29.0,"turns":3.0},{"damage":1.0,"enemies":"Centurion and Healer","floor":30.0,"turns":7.0},{"damage":61.0,"enemies":"Automaton","floor":33.0,"turns":11.0},{"damage":4.0,"enemies":"3 Shapes","floor":35.0,"turns":5.0},{"damage":6.0,"enemies":"Orb Walker","floor":36.0,"turns":5.0},{"damage":48.0,"enemies":"Spire Growth","floor":38.0,"turns":6.0},{"damage":24,"enemies":"Sphere and 2 Shapes","floor":41,"turns":7},{"damage":20,"enemies":"Transient","floor":42,"turns":5},{"damage":3,"enemies":"4 Shapes","floor":44,"turns":6},{"damage":26,"enemies":"Writhing Mass","floor":48,"turns":7},{"damage":61,"enemies":"Awakened One","floor":50,"turns":12}],"seed_played":"8375990351745116784","potions_obtained":[{"floor":1.0,"key":"Dexterity Potion"},{"floor":5.0,"key":"Fire Potion"},{"floor":13.0,"key":"Strength Potion"},{"floor":16.0,"key":"FairyPotion"},{"floor":23.0,"key":"Weak Potion"},{"floor":29.0,"key":"Energy Potion"},{"floor":38,"key":"Explosive Potion"},{"floor":41,"key":"SpeedPotion"},{"floor":42,"key":"PowerPotion"},{"floor":44,"key":"GamblersBrew"}],"is_trial":false,"path_per_floor":["M","?","M","M","M","R","E","M","T","R","$","R","M","M","R","B",null,"M","M","M","M","M","E","R","?","T","$","?","M","M","?","R","B",null,"M","M","?","M","?","R","M","M","T","M","$","R","$","M","R","B",null],"character_chosen":"IRONCLAD","items_purchased":["Secret Technique","Whirlwind","Shrug It Off","Strength Potion"],"campfire_rested":2,"item_purchase_floors":[27,45,47,47],"current_hp_per_floor":[80,80,80,79,78,78,62,65,65,65,65,65,71,77,77,49,80,71,75,80,80,69,58,58,58,58,58,58,64,69,63,63,8,80,80,80,86,44,44,69,51,37,47,50,50,50,50,36,66,11],"gold":22,"neow_bonus":"TRANSFORM_CARD","is_prod":false,"is_daily":false,"chose_seed":false,"campfire_upgraded":7,"win_rate":0.0,"timestamp":1556201429,"path_taken":["M","?","M","?","M","R","E","M","T","R","$","R","M","M","R","BOSS","M","M","?","M","M","E","R","?","T","$","?","?","M","?","R","BOSS","M","M","?","?","?","R","M","M","T","M","?","R","$","M","R","BOSS"],"build_version":"2019-01-23","purchased_purges":3,"victory":true,"max_hp_per_floor":[80,80,80,80,80,80,80,80,80,80,80,80,80,80,80,80,80,80,80,80,80,80,80,80,80,80,80,80,80,80,80,80,80,80,80,80,86,86,86,86,86,86,96,96,96,96,96,102,102,102],"card_choices":[{"not_picked":["Searing Blow","Bloodletting"],"picked":"Flame Barrier","floor":1.0},{"not_picked":["Sword Boomerang","Clash"],"picked":"Dropkick","floor":3.0},{"not_picked":["Clothesline","Pummel"],"picked":"True Grit","floor":4.0},{"not_picked":["Armaments","Shrug It Off"],"picked":"Pommel Strike","floor":5.0},{"not_picked":["Warcry","Headbutt"],"picked":"Body Slam","floor":7.0},{"not_picked":["Anger","Brutality"],"picked":"Rage","floor":8.0},{"not_picked":["Sever Soul","Flex"],"picked":"Rampage","floor":13.0},{"not_picked":["Burning Pact","Dropkick"],"picked":"True Grit","floor":14.0},{"not_picked":["Fiend Fire","Bludgeon"],"picked":"Impervious","floor":16.0},{"not_picked":["Clothesline+1"],"picked":"SKIP","floor":18.0},{"not_picked":["Twin Strike"],"picked":"SKIP","floor":19.0},{"not_picked":["Twin Strike"],"picked":"SKIP","floor":19.0},{"not_picked":["Rupture+1"],"picked":"SKIP","floor":20.0},{"not_picked":["Rupture+1"],"picked":"SKIP","floor":20.0},{"not_picked":["Anger"],"picked":"SKIP","floor":21.0},{"not_picked":["Armaments"],"picked":"SKIP","floor":22.0},{"not_picked":["Iron Wave"],"picked":"SKIP","floor":23.0},{"not_picked":[],"picked":"Demon Form","floor":29.0},{"not_picked":["Pommel Strike"],"picked":"SKIP","floor":30.0},{"not_picked":[],"picked":"Brutality","floor":33.0},{"not_picked":[],"picked":"Pummel","floor":34.0},{"not_picked":[],"picked":"Feel No Pain","floor":34.0},{"not_picked":["Searing Blow"],"picked":"SKIP","floor":35.0},{"not_picked":["Thunderclap"],"picked":"SKIP","floor":36.0},{"not_picked":["Armaments+1"],"picked":"SKIP","floor":38},{"not_picked":["Perfected Strike"],"picked":"SKIP","floor":41},{"not_picked":["Anger"],"picked":"SKIP","floor":42},{"not_picked":[],"picked":"Warcry+1","floor":44},{"not_picked":["Pommel Strike"],"picked":"SKIP","floor":48}],"player_experience":9154,"relics_obtained":[{"floor":7.0,"key":"Anchor"},{"floor":9.0,"key":"Self Forming Clay"},{"floor":23.0,"key":"Letter Opener"},{"floor":26.0,"key":"Darkstone Periapt"},{"floor":43,"key":"Pear"}],"event_choices":[{"damage_healed":0.0,"max_hp_gain":0.0,"max_hp_loss":0.0,"gold_gain":0.0,"event_name":"Wheel of Change","player_choice":"Cursed","floor":2.0,"gold_loss":0.0,"damage_taken":0.0,"cards_obtained":["Decay"]},{"cards_removed":["Defend_R"],"damage_healed":0.0,"max_hp_gain":0.0,"max_hp_loss":0.0,"gold_gain":0.0,"event_name":"Beggar","player_choice":"Gave Gold","floor":25.0,"gold_loss":75.0,"damage_taken":0.0},{"damage_healed":0.0,"max_hp_gain":0.0,"max_hp_loss":0.0,"gold_gain":0.0,"event_name":"Upgrade Shrine","player_choice":"Upgraded","floor":28.0,"gold_loss":0.0,"damage_taken":0.0,"cards_upgraded":["Secret Technique"]},{"damage_healed":0.0,"max_hp_gain":0.0,"max_hp_loss":0.0,"gold_gain":0.0,"event_name":"Nest","player_choice":"Joined the Cult","floor":31.0,"gold_loss":0.0,"damage_taken":6.0,"cards_obtained":["RitualDagger"]},{"damage_healed":0.0,"max_hp_gain":0.0,"max_hp_loss":0.0,"gold_gain":0.0,"event_name":"Accursed Blacksmith","player_choice":"Rummage","floor":37.0,"gold_loss":0.0,"damage_taken":0.0,"relics_obtained":["WarpedTongs"],"cards_obtained":["Pain"]},{"damage_healed":0,"gold_gain":0,"player_choice":"Memory 1","damage_taken":0,"max_hp_gain":0,"max_hp_loss":0,"event_name":"SensoryStone","floor":39,"gold_loss":0}],"is_beta":false,"boss_relics":[{"not_picked":["Tiny House","Snecko Eye"],"picked":"Busted Crown"},{"not_picked":["Runic Dome","Black Blood"],"picked":"Orrery"}],"items_purged_floors":[11,27,47],"is_endless":false,"potions_floor_spawned":[1,5,13,16,21,23,29,38,41,42,44,48],"ascension_level":0}