{"gold_per_floor":[110,122,122,122,54,87,87,117,141,155,173,173,207,224,224,323,323,337,356,336,136,32,58,58,76,121,136,155,155,155,175,175,278,328,339,38,58,76,76,104,104,204,229,229],"floor_reached":44,"playtime":2590,"items_purged":["Strike_R"],"score":503,"play_id":"b80b90b2-96d2-40b7-9d1c-037732edc49e","local_time":"20190408193523","is_ascension_mode":false,"campfire_choices":[{"floor":7,"key":"REST"},{"data":"Pommel Strike","floor":12,"key":"SMITH"},{"floor":15,"key":"REST"},{"data":"Strike_R","floor":24,"key":"PURGE"},{"data":"Flame Barrier","floor":29,"key":"SMITH"},{"floor":32,"key":"REST"},{"data":"Defend_R","floor":41,"key":"PURGE"}],"neow_cost":"TEN_PERCENT_HP_LOSS","seed_source_timestamp":945768520172650,"circlet_count":0,"master_deck":["Strike_R","Strike_R","Strike_R","Defend_R+1","Defend_R","Defend_R","Bash","Cleave+1","Pommel Strike+1","Flame Barrier+1","Second Wind","Reaper","Metallicize","Sever Soul","Dropkick","Reckless Charge","Immolate","Anger","Clothesline","Combust+1","Flex+1","Headbutt+1","Body Slam+1","Combust+1","Rupture+1","Rampage","Impervious","True Grit","Feel No Pain+1","Havoc+1","Double Tap","Jack Of All Trades","Dramatic Entrance","Havoc+1"],"relics":["Burning Blood","Ginger","Peace Pipe","Bag of Marbles","Omamori","Smiling Mask","Regal Pillow","Cursed Key","ClockworkSouvenir","Strawberry","War Paint","Tiny House","Sundial","Dodecahedron","FossilizedHelix","Dream Catcher"],"potions_floor_usage":[6,14,16,16,33,33,33,37,42,44,44],"damage_taken":[{"damage":10,"enemies":"Cultist","floor":1,"turns":4},{"damage":11,"enemies":"Jaw Worm","floor":2,"turns":3},{"damage":29,"enemies":"Lagavulin","floor":6,"turns":6},{"damage":14,"enemies":"3 Sentries","floor":8,"turns":6},{"damage":0,"enemies":"Small Slimes","floor":10,"turns":3},{"damage":11,"enemies":"Exordium Thugs","floor":11,"turns":5},{"damage":28,"enemies":"Lagavulin","floor":13,"turns":6},{"damage":7,"enemies":"3 Louse","floor":14,"turns":2},{"damage":43,"enemies":"The Guardian","floor":16,"turns":8},{"damage":14,"enemies":"Shell Parasite","floor":18,"turns":4},{"damage":10,"enemies":"2 Thieves","floor":19,"turns":3},{"damage":0,"enemies":"Gremlin Leader","floor":23,"turns":5},{"damage":12,"enemies":"Snecko","floor":25,"turns":3},{"damage":10,"enemies":"Sentry and Sphere","floor":27,"turns":3},{"damage":28,"enemies":"Centurion and Healer","floor":28,"turns":4},{"damage":14,"enemies":"Shelled Parasite and Fungi","floor":31,"turns":4},{"damage":70,"enemies":"Collector","floor":33,"turns":7},{"damage":6,"enemies":"3 Shapes","floor":35,"turns":1},{"damage":5,"enemies":"Orb Walker","floor":37,"turns":2},{"damage":18,"enemies":"4 Shapes","floor":38,"turns":3},{"damage":12,"enemies":"Reptomancer","floor":40,"turns":6},{"damage":7,"enemies":"Mind Bloom Boss Battle","floor":42,"turns":5},{"damage":127,"enemies":"Giant Head","floor":44,"turns":8}],"seed_played":"5265295327293539274","potions_obtained":[{"floor":1,"key":"AttackPotion"},{"floor":6,"key":"Strength Potion"},{"floor":8,"key":"Fire Potion"},{"floor":10,"key":"Explosive Potion"},{"floor":13,"key":"PowerPotion"},{"floor":16,"key":"SpeedPotion"},{"floor":20,"key":"SteroidPotion"},{"floor":23,"key":"Strength Potion"},{"floor":25,"key":"Swift Potion"},{"floor":33,"key":"Fruit Juice"},{"floor":34,"key":"SneckoOil"},{"floor":37,"key":"BloodPotion"},{"floor":38,"key":"Regen Potion"}],"is_trial":false,"path_per_floor":["M","M","T","?","$","E","R","E","T","M","M","R","E","M","R","B",null,"M","M","?","$","$","E","R","M","T","M","M","R","?","M","R","B",null,"M","$","M","M","?","E","R","?","T","E"],"character_chosen":"IRONCLAD","items_purchased":["Flame Barrier","ClockworkSouvenir","Combust","Flex","Sundial"],"campfire_rested":3,"item_purchase_floors":[5,21,22,22,36],"current_hp_per_floor":[68,63,63,63,63,40,61,53,53,71,67,67,45,44,72,49,72,64,60,60,60,60,79,79,73,73,73,59,59,44,36,76,12,89,89,89,94,85,80,82,82,94,94,0],"gold":229,"neow_bonus":"ONE_RARE_RELIC","is_prod":false,"is_daily":false,"chose_seed":false,"campfire_upgraded":2,"win_rate":0,"timestamp":1554766523,"path_taken":["M","M","?","?","$","E","R","E","T","M","?","R","E","M","R","BOSS","M","M","?","?","$","E","R","M","T","M","M","R","?","?","R","BOSS","M","$","M","M","?","E","R","?","T","E"],"build_version":"2019-01-23","purchased_purges":1,"victory":false,"max_hp_per_floor":[72,72,72,72,72,72,72,72,72,72,72,72,72,72,72,72,72,72,72,72,72,72,79,79,79,79,79,79,79,84,84,84,84,89,89,89,94,94,94,94,94,94,94,94],"card_choices":[{"not_picked":["Headbutt","Hemokinesis"],"picked":"Cleave","floor":1},{"not_picked":["Wild Strike","Havoc"],"picked":"Pommel Strike","floor":2},{"not_picked":["Twin Strike","Body Slam"],"picked":"Second Wind","floor":6},{"not_picked":["Feel No Pain","Twin Strike"],"picked":"Reaper","floor":8},{"not_picked":["Havoc","Warcry"],"picked":"Metallicize","floor":10},{"not_picked":["Evolve","Twin Strike"],"picked":"Sever Soul","floor":11},{"not_picked":["Brutality","Thunderclap"],"picked":"Dropkick","floor":13},{"not_picked":["Rupture","Armaments"],"picked":"Reckless Charge","floor":14},{"not_picked":["Dark Embrace","Offering"],"picked":"Immolate","floor":16},{"not_picked":["Thunderclap","Armaments"],"picked":"Anger","floor":18},{"not_picked":["Sword Boomerang","Second Wind"],"picked":"Clothesline","floor":19},{"not_picked":["Burning Pact","Sword Boomerang"],"picked":"Headbutt+1","floor":23},{"not_picked":["Havoc","Corruption"],"picked":"Body Slam+1","floor":25},{"not_picked":["Headbutt+1","Shrug It Off"],"picked":"Combust+1","floor":27},{"not_picked":["Sword Boomerang","Blood for Blood"],"picked":"Rupture+1","floor":28},{"not_picked":["Dropkick","Warcry"],"picked":"Rampage","floor":31},{"not_picked":["Reaper","Bludgeon"],"picked":"Impervious","floor":33},{"not_picked":["Havoc","Warcry"],"picked":"True Grit","floor":34},{"not_picked":["Heavy Blade+1","Cleave"],"picked":"Feel No Pain+1","floor":35},{"not_picked":["Headbutt","Heavy Blade+1"],"picked":"Havoc+1","floor":37},{"not_picked":["Thunderclap","Body Slam+1"],"picked":"Double Tap","floor":38},{"not_picked":["PanicButton","Swift Strike"],"picked":"Jack Of All Trades","floor":39},{"not_picked":["HandOfGreed","Mind Blast"],"picked":"Dramatic Entrance","floor":39},{"not_picked":["Iron Wave+1","Headbutt+1"],"picked":"Havoc+1","floor":40}],"player_experience":74250,"relics_obtained":[{"floor":3,"key":"Peace Pipe"},{"floor":6,"key":"Bag of Marbles"},{"floor":8,"key":"Omamori"},{"floor":9,"key":"Smiling Mask"},{"floor":13,"key":"Regal Pillow"},{"floor":23,"key":"Strawberry"},{"floor":26,"key":"War Paint"},{"floor":40,"key":"Dodecahedron"},{"floor":42,"key":"FossilizedHelix"},{"floor":43,"key":"Dream Catcher"}],"event_choices":[{"damage_healed":0,"gold_gain":0,"player_choice":"Forge","damage_taken":0,"max_hp_gain":0,"max_hp_loss":0,"event_name":"Accursed Blacksmith","floor":4,"gold_loss":0,"cards_upgraded":["Cleave"]},{"damage_healed":0,"gold_gain":0,"player_choice":"Bought 1 Potion","damage_taken":0,"max_hp_gain":0,"max_hp_loss":0,"event_name":"The Woman in Blue","floor":20,"gold_loss":0},{"damage_healed":0,"gold_gain":0,"player_choice":"Shed Blood","damage_taken":20,"max_hp_gain":5,"max_hp_loss":0,"event_name":"Forgotten Altar","floor":30,"gold_loss":0},{"damage_healed":0,"gold_gain":0,"player_choice":"Memory 2","damage_taken":5,"max_hp_gain":0,"max_hp_loss":0,"event_name":"SensoryStone","floor":39,"gold_loss":0},{"damage_healed":0,"gold_gain":0,"player_choice":"Fight","damage_taken":0,"max_hp_gain":0,"max_hp_loss":0,"event_name":"MindBloom","floor":42,"gold_loss":0}],"is_beta":false,"boss_relics":[{"not_picked":["Runic Pyramid","Ectoplasm"],"picked":"Cursed Key"},{"not_picked":["Runic Dome","Coffee Dripper"],"picked":"Tiny House"}],"items_purged_floors":[36],"is_endless":false,"potions_floor_spawned":[1,6,8,10,13,16,23,25,28,33,37,38],"killed_by":"Giant Head","ascension_level":0}