{"gold_per_floor":[10,110,123,135,147,181,181,208,233,245,320,377,408,73,73,73],"floor_reached":16,"playtime":678,"items_purged":["Strike_R"],"score":120,"play_id":"4fec8627-8103-4c37-9919-0d5b77ffb779","local_time":"20190409193700","is_ascension_mode":false,"campfire_choices":[{"floor":15,"key":"REST"}],"neow_cost":"NO_GOLD","seed_source_timestamp":1353036974366,"circlet_count":0,"master_deck":["Strike_R","Strike_R","Strike_R","Defend_R","Defend_R","Defend_R","Bash","Immolate","Double Tap","Uppercut","Cleave","Second Wind","Pommel Strike","Flame Barrier","Rampage","Evolve","Sever Soul","Immolate"],"relics":["Burning Blood","Blue Candle","Anchor","Juzu Bracelet","Bag of Preparation","Dead Branch","Darkstone Periapt","Gremlin Horn"],"potions_floor_usage":[16,16,16],"damage_taken":[{"damage":7,"enemies":"Small Slimes","floor":1,"turns":3},{"damage":0,"enemies":"Cultist","floor":3,"turns":2},{"damage":3,"enemies":"Jaw Worm","floor":4,"turns":2},{"damage":0,"enemies":"Exordium Wildlife","floor":5,"turns":2},{"damage":10,"enemies":"Gremlin Nob","floor":6,"turns":3},{"damage":23,"enemies":"Lagavulin","floor":8,"turns":8},{"damage":3,"enemies":"Exordium Thugs","floor":10,"turns":5},{"damage":0,"enemies":"3 Sentries","floor":12,"turns":2},{"damage":18,"enemies":"3 Sentries","floor":13,"turns":3},{"damage":69,"enemies":"Hexaghost","floor":16,"turns":9}],"seed_played":"-5829721534716807982","potions_obtained":[{"floor":3,"key":"Weak Potion"},{"floor":5,"key":"Block Potion"},{"floor":8,"key":"Energy Potion"},{"floor":13,"key":"SkillPotion"}],"is_trial":false,"path_per_floor":["M","?","M","M","M","E","?","E","T","M","?","?","E","$","R","B"],"character_chosen":"IRONCLAD","items_purchased":["Gremlin Horn"],"campfire_rested":1,"item_purchase_floors":[14],"current_hp_per_floor":[79,79,80,80,80,76,73,56,56,59,48,54,42,42,66,0],"gold":73,"neow_bonus":"TRANSFORM_TWO_CARDS","is_prod":false,"is_daily":false,"chose_seed":false,"campfire_upgraded":0,"win_rate":0,"timestamp":1554853020,"path_taken":["M","?","?","M","M","E","?","E","T","M","?","?","E","$","R","BOSS"],"build_version":"2019-01-23","purchased_purges":1,"victory":false,"max_hp_per_floor":[80,80,80,80,80,80,80,80,80,80,80,80,80,80,80,80],"card_choices":[{"not_picked":["Iron Wave","Evolve"],"picked":"Uppercut","floor":1},{"not_picked":["Wild Strike","Intimidate"],"picked":"Cleave","floor":3},{"not_picked":["Shockwave","Pommel Strike"],"picked":"Second Wind","floor":4},{"not_picked":["Clash","Entrench"],"picked":"Pommel Strike","floor":5},{"not_picked":["Blood for Blood","True Grit"],"picked":"Flame Barrier","floor":6},{"not_picked":["Body Slam","Warcry"],"picked":"Rampage","floor":8},{"not_picked":["Heavy Blade","Warcry"],"picked":"Evolve","floor":10},{"not_picked":["Metallicize","Bloodletting"],"picked":"Sever Soul","floor":12},{"not_picked":["Intimidate","Twin Strike"],"picked":"Immolate","floor":13}],"player_experience":89984,"relics_obtained":[{"floor":6,"key":"Blue Candle"},{"floor":8,"key":"Juzu Bracelet"},{"floor":9,"key":"Bag of Preparation"},{"floor":13,"key":"Darkstone Periapt"}],"event_choices":[{"damage_healed":0,"gold_gain":100,"player_choice":"Pray","damage_taken":0,"max_hp_gain":0,"max_hp_loss":0,"event_name":"Golden Shrine","floor":2,"gold_loss":0},{"damage_healed":0,"gold_gain":0,"player_choice":"Success","damage_taken":3,"relics_obtained":["Anchor"],"max_hp_gain":0,"max_hp_loss":0,"event_name":"Scrap Ooze","floor":7,"gold_loss":0},{"damage_healed":0,"gold_gain":75,"player_choice":"Gather Gold","damage_taken":11,"max_hp_gain":0,"max_hp_loss":0,"event_name":"World of Goop","floor":11,"gold_loss":0},{"damage_healed":0,"gold_gain":0,"player_choice":"Searched \u00273\u0027 times","damage_taken":0,"relics_obtained":["Dead Branch"],"max_hp_gain":0,"max_hp_loss":0,"event_name":"Dead Adventurer","floor":12,"gold_loss":0}],"is_beta":false,"boss_relics":[],"items_purged_floors":[14],"is_endless":false,"potions_floor_spawned":[3,5,8,13],"killed_by":"Hexaghost","ascension_level":0}