{"gold_per_floor":[111,111,138,213,233,233,247,247,247,281,281,292,292,307,307,409,409,426,426,525,184,184,184,194,213,213,213,232,73,73,99,99,202,202,218,238,338,355,372,399,413,413,436,171,181,181,181,7,7,7,7,7,7,42,42],"floor_reached":56,"playtime":7335,"items_purged":["Strike_B","Strike_B","Defend_B","Defend_B"],"score":1200,"play_id":"03c787e4-625a-4008-aa94-24abb760471e","local_time":"20181227140706","is_ascension_mode":false,"campfire_choices":[{"data":"Seek","floor":6,"key":"SMITH"},{"data":"Zap","floor":8,"key":"SMITH"},{"floor":13,"key":"REST"},{"floor":15,"key":"REST"},{"data":"Apotheosis","floor":23,"key":"SMITH"},{"floor":27,"key":"REST"},{"data":"Coolheaded","floor":30,"key":"SMITH"},{"data":"Loop","floor":32,"key":"SMITH"},{"floor":42,"key":"REST"},{"floor":47,"key":"RECALL"},{"data":"Defragment","floor":49,"key":"SMITH"},{"data":"Seek","floor":52,"key":"SMITH"}],"neow_cost":"TEN_PERCENT_HP_LOSS","seed_source_timestamp":716848375172360,"circlet_count":0,"master_deck":["Strike_B","Strike_B","Defend_B","Defend_B","Zap+1","Dualcast","Seek+1","Loop+1","Capacitor","Conserve Battery","Electrodynamics","Apotheosis+1","Cold Snap","Coolheaded+1","Glacier+1","Reinforced Body","Self Repair","FTL","Chill+1","Creative AI","Coolheaded+1","Conserve Battery+1","Capacitor+1","Parasite","Lockon+1","Barrage+1","Dark Shackles+1","Seek+1","Core Surge","Defragment+1","Double Energy+1"],"relics":["FrozenCore","Matryoshka","Bronze Scales","Lantern","Smiling Mask","Dodecahedron","DataDisk","Runic Dome","Pantograph","Art of War","MawBank","Juzu Bracelet","War Paint"],"potions_floor_usage":[10,10,16,16,38,38,55,55,55],"damage_taken":[{"damage":0,"enemies":"Small Slimes","floor":1,"turns":2},{"damage":0,"enemies":"Jaw Worm","floor":5,"turns":3},{"damage":0,"enemies":"2 Louse","floor":7,"turns":2},{"damage":28,"enemies":"Gremlin Nob","floor":10,"turns":5},{"damage":0,"enemies":"2 Fungi Beasts","floor":12,"turns":3},{"damage":0,"enemies":"Looter","floor":14,"turns":2},{"damage":16,"enemies":"Hexaghost","floor":16,"turns":9},{"damage":13,"enemies":"Shell Parasite","floor":18,"turns":4},{"damage":0,"enemies":"3 Byrds","floor":24,"turns":3},{"damage":6,"enemies":"Snecko","floor":25,"turns":5},{"damage":3,"enemies":"Snake Plant","floor":28,"turns":4},{"damage":13,"enemies":"Slavers","floor":31,"turns":2},{"damage":43,"enemies":"Champ","floor":33,"turns":18},{"damage":17,"enemies":"3 Darklings","floor":35,"turns":4},{"damage":0,"enemies":"Orb Walker","floor":36,"turns":5},{"damage":0,"enemies":"4 Shapes","floor":38,"turns":2},{"damage":0,"enemies":"Writhing Mass","floor":39,"turns":8},{"damage":21,"enemies":"Reptomancer","floor":40,"turns":10},{"damage":8,"enemies":"3 Darklings","floor":41,"turns":5},{"damage":0,"enemies":"Sphere and 2 Shapes","floor":45,"turns":4},{"damage":0,"enemies":"Donu and Deca","floor":50,"turns":9},{"damage":17,"enemies":"Shield and Spear","floor":54,"turns":6},{"damage":39,"enemies":"The Heart","floor":55,"turns":10}],"seed_played":"-6920583370103968184","potions_obtained":[{"floor":1,"key":"FearPotion"},{"floor":5,"key":"Block Potion"},{"floor":12,"key":"Dexterity Potion"},{"floor":14,"key":"Swift Potion"},{"floor":18,"key":"Explosive Potion"},{"floor":33,"key":"Explosive Potion"},{"floor":36,"key":"SpeedPotion"},{"floor":38,"key":"Poison Potion"},{"floor":41,"key":"AttackPotion"}],"is_trial":false,"path_per_floor":["M","?","T","?","M","R","M","R","T","E","?","M","R","M","R","B",null,"M","?","?","$","?","R","M","M","T","R","M","$","R","E","R","B",null,"M","M","?","M","M","E","M","R","T","$","M","?","R","$","R","B",null,"R","$","E","B",null],"character_chosen":"DEFECT","items_purchased":["Apotheosis","Cold Snap","Coolheaded","Self Repair","FTL","Dark Shackles","Seek","Defragment","Weak Potion"],"campfire_rested":4,"item_purchase_floors":[21,21,21,29,29,44,44,48,48],"current_hp_per_floor":[68,65,65,54,54,54,54,54,54,26,26,26,46,46,66,50,68,55,55,55,55,55,55,55,49,49,68,65,65,65,62,62,35,68,61,61,61,68,68,57,59,68,68,68,68,68,68,68,68,68,68,68,68,61,39],"gold":42,"neow_bonus":"THREE_RARE_CARDS","is_prod":false,"is_daily":false,"chose_seed":false,"campfire_upgraded":7,"win_rate":0,"timestamp":1545937626,"path_taken":["M","?","?","?","M","R","M","R","T","E","?","M","R","M","R","BOSS","M","?","?","$","?","R","M","M","T","R","?","$","R","E","R","BOSS","M","M","?","?","M","E","M","R","T","$","M","?","R","$","R","BOSS","R","$","E","BOSS"],"build_version":"2018-12-20","purchased_purges":4,"victory":true,"max_hp_per_floor":[68,68,68,68,68,68,68,68,68,68,68,68,68,68,68,68,68,68,68,68,68,68,68,68,68,68,68,68,68,68,68,68,68,68,68,68,68,68,68,68,68,68,68,68,68,68,68,68,68,68,68,68,68,68,68],"card_choices":[{"not_picked":["Thunder Strike","Amplify"],"picked":"Seek","floor":0},{"not_picked":["Force Field","Barrage"],"picked":"Loop","floor":1},{"not_picked":["Gash","Steam"],"picked":"Capacitor","floor":5},{"not_picked":["Blizzard","Beam Cell","Gash"],"picked":"SKIP","floor":7},{"not_picked":["Go for the Eyes","Rebound","Turbo"],"picked":"SKIP","floor":10},{"not_picked":["Compile Driver","Sweeping Beam"],"picked":"Conserve Battery","floor":12},{"not_picked":["Redo","Fusion","Rebound"],"picked":"SKIP","floor":14},{"not_picked":["Thunder Strike","Reboot"],"picked":"Electrodynamics","floor":16},{"not_picked":["Sweeping Beam","Barrage","Go for the Eyes"],"picked":"SKIP","floor":18},{"not_picked":["Melter","Sweeping Beam"],"picked":"Glacier+1","floor":24},{"not_picked":["Sunder","Rip and Tear","Turbo+1"],"picked":"SKIP","floor":25},{"not_picked":["Rebound+1","Compile Driver"],"picked":"Reinforced Body","floor":28},{"not_picked":["Stack","Lockon+1"],"picked":"Chill","floor":31},{"not_picked":["Thunder Strike","Amplify"],"picked":"Creative AI","floor":33},{"not_picked":["Hologram","Turbo"],"picked":"Coolheaded+1","floor":35},{"not_picked":["Lockon","Redo"],"picked":"Conserve Battery+1","floor":36},{"not_picked":["Sweeping Beam","Barrage+1"],"picked":"Capacitor+1","floor":38},{"not_picked":["Stack","Beam Cell+1","Redo+1"],"picked":"SKIP","floor":39},{"not_picked":["Steam","Cold Snap"],"picked":"Lockon+1","floor":40},{"not_picked":["Cold Snap","Conserve Battery+1"],"picked":"Barrage+1","floor":41},{"not_picked":["Rip and Tear","Rebound+1"],"picked":"Core Surge","floor":45},{"not_picked":["Redo","Sweeping Beam"],"picked":"Double Energy+1","floor":54}],"player_experience":586032,"relics_obtained":[{"floor":3,"key":"Bronze Scales"},{"floor":3,"key":"Lantern"},{"floor":9,"key":"Smiling Mask"},{"floor":9,"key":"Dodecahedron"},{"floor":10,"key":"DataDisk"},{"floor":31,"key":"Pantograph"},{"floor":40,"key":"Art of War"},{"floor":43,"key":"MawBank"},{"floor":54,"key":"War Paint"}],"event_choices":[{"damage_healed":0,"gold_gain":0,"player_choice":"Success","damage_taken":3,"relics_obtained":["Matryoshka"],"max_hp_gain":0,"max_hp_loss":0,"event_name":"Scrap Ooze","floor":2,"gold_loss":0},{"damage_healed":0,"gold_gain":75,"player_choice":"Gather Gold","damage_taken":11,"max_hp_gain":0,"max_hp_loss":0,"event_name":"World of Goop","floor":4,"gold_loss":0},{"damage_healed":0,"gold_gain":0,"player_choice":"Ignored","damage_taken":0,"max_hp_gain":0,"max_hp_loss":0,"event_name":"Liars Game","floor":11,"gold_loss":0},{"damage_healed":0,"gold_gain":0,"player_choice":"Ignored","damage_taken":0,"max_hp_gain":0,"max_hp_loss":0,"event_name":"Ghosts","floor":19,"gold_loss":0},{"damage_healed":0,"gold_gain":99,"player_choice":"Stole From Cult","damage_taken":0,"max_hp_gain":0,"max_hp_loss":0,"event_name":"Nest","floor":20,"gold_loss":0},{"damage_healed":0,"gold_gain":0,"player_choice":"Ignored","damage_taken":0,"max_hp_gain":0,"max_hp_loss":0,"event_name":"The Mausoleum","floor":22,"gold_loss":0},{"damage_healed":0,"gold_gain":100,"player_choice":"Pray","damage_taken":0,"max_hp_gain":0,"max_hp_loss":0,"event_name":"Golden Shrine","floor":37,"gold_loss":0},{"damage_healed":0,"gold_gain":0,"player_choice":"Gave Potion","damage_taken":0,"relics_obtained":["Juzu Bracelet"],"max_hp_gain":0,"max_hp_loss":0,"event_name":"WeMeetAgain","floor":46,"gold_loss":0}],"is_beta":false,"boss_relics":[{"not_picked":["Philosopher\u0027s Stone","Empty Cage"],"picked":"Runic Dome"},{"not_picked":["White Beast Statue","Orrery"],"picked":"FrozenCore"}],"items_purged_floors":[21,29,44,48],"is_endless":false,"potions_floor_spawned":[1,5,12,14,18,33,36,38,41],"ascension_level":0}