{"gold_per_floor":[110,110,60,9,23,48,60,60,60,60,80,90,90,106,106,208,208,223,223,255,255,269,269,40,40,116,116,127,147,178,189,189,289,289,299,299,309,323,31,59,59,76,76,46,46,63,63,5,5,5],"floor_reached":51,"playtime":14628,"items_purged":["Strike_B","Defend_B"],"score":697,"play_id":"8bc3cb44-3997-48ef-8ce2-9b7608344ffc","local_time":"20190224182856","is_ascension_mode":false,"campfire_choices":[{"floor":8,"key":"REST"},{"data":"Cold Snap","floor":10,"key":"SMITH"},{"data":"White Noise","floor":13,"key":"SMITH"},{"data":"Zap","floor":15,"key":"SMITH"},{"floor":23,"key":"REST"},{"data":"Self Repair","floor":25,"key":"SMITH"},{"data":"Force Field","floor":27,"key":"SMITH"},{"floor":32,"key":"REST"},{"data":"Echo Form","floor":41,"key":"SMITH"},{"data":"Reinforced Body","floor":45,"key":"SMITH"},{"data":"Thunder Strike","floor":47,"key":"SMITH"},{"data":"Sunder","floor":49,"key":"SMITH"}],"neow_cost":"NONE","seed_source_timestamp":694310908042634,"circlet_count":0,"master_deck":["Strike_B","Strike_B+1","Defend_B","Defend_B","Zap+1","Dualcast","Capacitor+1","Cold Snap+1","Chill","White Noise+1","Go for the Eyes","Electrodynamics","Redo+1","Capacitor+1","Force Field+1","Self Repair+1","Glacier+1","Thunder Strike+1","Reinforced Body+1","Echo Form+1","Barrage+1","Iron Wave","Force Field+1","Sunder+1","Parasite","Loop+1"],"relics":["Cracked Core","Matryoshka","Happy Flower","Sundial","The Courier","Snecko Eye","MutagenicStrength","Red Mask","Bag of Preparation","Tiny Chest","PreservedInsect","Anchor","Inserter","Runic Capacitor","Meat on the Bone","Pantograph"],"potions_floor_usage":[11,12,20,20,28,33,33,40,40,46,50,50,50,50,50,50],"damage_taken":[{"damage":0,"enemies":"2 Louse","floor":1,"turns":2},{"damage":2,"enemies":"Small Slimes","floor":5,"turns":4},{"damage":30,"enemies":"Lagavulin","floor":6,"turns":8},{"damage":0,"enemies":"Cultist","floor":7,"turns":3},{"damage":19,"enemies":"Gremlin Gang","floor":11,"turns":6},{"damage":0,"enemies":"Large Slime","floor":12,"turns":6},{"damage":3,"enemies":"Looter","floor":14,"turns":4},{"damage":6,"enemies":"Slime Boss","floor":16,"turns":7},{"damage":8,"enemies":"Chosen","floor":18,"turns":6},{"damage":15,"enemies":"Masked Bandits","floor":20,"turns":5},{"damage":13,"enemies":"Shell Parasite","floor":22,"turns":10},{"damage":0,"enemies":"Snake Plant","floor":28,"turns":6},{"damage":39,"enemies":"Cultist and Chosen","floor":29,"turns":13},{"damage":6,"enemies":"Book of Stabbing","floor":30,"turns":4},{"damage":2,"enemies":"Centurion and Healer","floor":31,"turns":9},{"damage":1,"enemies":"Collector","floor":33,"turns":10},{"damage":21,"enemies":"3 Shapes","floor":35,"turns":4},{"damage":19,"enemies":"3 Darklings","floor":37,"turns":5},{"damage":10,"enemies":"Spire Growth","floor":38,"turns":4},{"damage":4,"enemies":"Nemesis","floor":40,"turns":7},{"damage":0,"enemies":"Writhing Mass","floor":42,"turns":8},{"damage":0,"enemies":"Sphere and 2 Shapes","floor":46,"turns":4},{"damage":0,"enemies":"Time Eater","floor":50,"turns":10}],"seed_played":"-947070812988911217","potions_obtained":[{"floor":6,"key":"SkillPotion"},{"floor":11,"key":"Regen Potion"},{"floor":14,"key":"SpeedPotion"},{"floor":16,"key":"Weak Potion"},{"floor":20,"key":"Strength Potion"},{"floor":22,"key":"SkillPotion"},{"floor":29,"key":"FocusPotion"},{"floor":31,"key":"AttackPotion"},{"floor":33,"key":"Explosive Potion"},{"floor":38,"key":"SpeedPotion"},{"floor":44,"key":"EntropicBrew"},{"floor":44,"key":"Energy Potion"},{"floor":46,"key":"Dexterity Potion"}],"is_trial":false,"path_per_floor":["M","?","?","?","M","E","M","R","T","R","M","M","R","M","R","B",null,"M","?","?","?","M","R","$","R","T","R","M","M","E","M","R","B",null,"M","?","M","M","$","E","R","M","T","?","R","M","R","$","R","B",null],"character_chosen":"DEFECT","items_purchased":["Bag of Preparation","Self Repair","Runic Capacitor","Sunder","FocusPotion"],"campfire_rested":3,"item_purchase_floors":[24,24,39,39,48],"current_hp_per_floor":[75,60,60,60,58,28,28,50,50,50,31,46,46,43,43,37,75,67,67,52,38,25,49,49,49,49,49,59,30,34,42,66,75,80,69,69,70,70,70,80,80,80,80,80,80,80,80,80,80,80],"gold":5,"neow_bonus":"THREE_CARDS","is_prod":false,"is_daily":false,"chose_seed":false,"campfire_upgraded":9,"win_rate":0,"timestamp":1551029336,"path_taken":["M","?","?","?","M","E","M","R","T","R","?","?","R","M","R","BOSS","M","?","?","?","M","R","$","R","T","R","?","M","E","M","R","BOSS","M","?","?","M","$","E","R","M","T","?","R","?","R","?","R","BOSS"],"build_version":"2019-01-23","purchased_purges":2,"victory":true,"max_hp_per_floor":[75,75,75,75,75,75,75,75,75,75,75,75,75,75,75,75,75,75,75,75,80,80,80,80,80,80,80,80,80,80,80,80,80,80,80,80,80,80,80,80,80,80,80,80,80,80,80,80,80,80],"card_choices":[{"not_picked":["Sweeping Beam","Steam"],"picked":"Capacitor","floor":1},{"not_picked":["Chaos","Beam Cell","Static Discharge"],"picked":"SKIP","floor":5},{"not_picked":["Doom and Gloom","Stack","Steam"],"picked":"SKIP","floor":6},{"not_picked":["Heatsinks","Turbo"],"picked":"Cold Snap","floor":7},{"not_picked":["Ball Lightning","Chaos"],"picked":"Chill","floor":11},{"not_picked":["Ball Lightning","Redo"],"picked":"White Noise","floor":12},{"not_picked":["Fusion","Amplify"],"picked":"Go for the Eyes","floor":14},{"not_picked":["Core Surge","Fission"],"picked":"Electrodynamics","floor":16},{"not_picked":["Static Discharge","Scrape"],"picked":"Redo+1","floor":18},{"not_picked":["Go for the Eyes","Cold Snap"],"picked":"Capacitor+1","floor":20},{"not_picked":["Conserve Battery","Reinforced Body"],"picked":"Force Field","floor":22},{"not_picked":["Rebound","Capacitor"],"picked":"Glacier+1","floor":28},{"not_picked":["Hologram","Compile Driver"],"picked":"Thunder Strike","floor":29},{"not_picked":["Stack+1","Beam Cell"],"picked":"Reinforced Body","floor":30},{"not_picked":["Turbo","Steam","Go for the Eyes"],"picked":"SKIP","floor":31},{"not_picked":["Reboot","Amplify"],"picked":"Echo Form","floor":33},{"not_picked":["Gash+1","Beam Cell+1"],"picked":"Barrage+1","floor":35},{"not_picked":["Heatsinks","Hologram+1","Lockon+1"],"picked":"SKIP","floor":37},{"not_picked":["Steam+1","Reinforced Body"],"picked":"Force Field+1","floor":38},{"not_picked":["Cold Snap","Fusion","Sweeping Beam"],"picked":"SKIP","floor":40},{"not_picked":["Rebound","Cold Snap+1","BootSequence+1"],"picked":"SKIP","floor":42},{"not_picked":["Leap+1","Steam+1"],"picked":"Loop+1","floor":46}],"player_experience":676584,"relics_obtained":[{"floor":6,"key":"Happy Flower"},{"floor":9,"key":"Sundial"},{"floor":9,"key":"The Courier"},{"floor":20,"key":"Red Mask"},{"floor":26,"key":"Tiny Chest"},{"floor":26,"key":"PreservedInsect"},{"floor":30,"key":"Anchor"},{"floor":40,"key":"Meat on the Bone"},{"floor":43,"key":"Pantograph"}],"event_choices":[{"damage_healed":0,"gold_gain":0,"player_choice":"Entered Light","damage_taken":15,"max_hp_gain":0,"max_hp_loss":0,"event_name":"Shining Light","floor":2,"gold_loss":0,"cards_upgraded":["Strike_B","Capacitor"]},{"cards_removed":["Strike_B"],"damage_healed":0,"gold_gain":0,"player_choice":"Card Removal","damage_taken":0,"max_hp_gain":0,"max_hp_loss":0,"event_name":"The Cleric","floor":3,"gold_loss":50},{"damage_healed":0,"gold_gain":0,"player_choice":"Paid Gold","damage_taken":0,"relics_obtained":["Matryoshka"],"max_hp_gain":0,"max_hp_loss":0,"event_name":"WeMeetAgain","floor":4,"gold_loss":51},{"damage_healed":0,"gold_gain":0,"player_choice":"Inject Mutagens","damage_taken":0,"relics_obtained":["MutagenicStrength"],"max_hp_gain":0,"max_hp_loss":0,"event_name":"Drug Dealer","floor":19,"gold_loss":0},{"damage_healed":0,"gold_gain":0,"player_choice":"Fought Bandits","damage_taken":0,"max_hp_gain":0,"max_hp_loss":0,"event_name":"Masked Bandits","floor":20,"gold_loss":0},{"damage_healed":0,"gold_gain":0,"player_choice":"Shed Blood","damage_taken":19,"max_hp_gain":5,"max_hp_loss":0,"event_name":"Forgotten Altar","floor":21,"gold_loss":0},{"cards_removed":["Defend_B"],"damage_healed":0,"gold_gain":0,"player_choice":"Took Card","damage_taken":0,"max_hp_gain":0,"max_hp_loss":0,"event_name":"NoteForYourself","floor":36,"gold_loss":0,"cards_obtained":["Iron Wave"]},{"damage_healed":0,"gold_gain":0,"player_choice":"Bought 2 Potions","damage_taken":0,"max_hp_gain":0,"max_hp_loss":0,"event_name":"The Woman in Blue","floor":44,"gold_loss":0}],"is_beta":false,"boss_relics":[{"not_picked":["Calling Bell","Ectoplasm"],"picked":"Snecko Eye"},{"not_picked":["White Beast Statue","Philosopher\u0027s Stone"],"picked":"Inserter"}],"items_purged_floors":[24,39],"is_endless":false,"potions_floor_spawned":[6,11,14,16,20,22,29,31,33,38,46],"ascension_level":0}