{"gold_per_floor":[115,115,130,130,143,143,172,184,184,212,59,29,39,53,53,151,151,170,180,196,211,211,242,293,293,365,380,405,51,51,63,63,165,165,175,198,223,248,9,9,35,54,54,66,66,91,109,127,127,127],"floor_reached":51,"playtime":3824,"items_purged":[],"score":865,"play_id":"3982ec10-8be7-4ba5-b35a-52ae26c39938","local_time":"20190408184810","daily_mods":["SealedDeck","Vintage","Diverse"],"is_ascension_mode":false,"campfire_choices":[{"floor":6,"key":"REST"},{"data":"Turbo","floor":15,"key":"SMITH"},{"floor":32,"key":"REST"},{"floor":40,"key":"REST"},{"floor":49,"key":"REST"}],"neow_cost":"","seed_source_timestamp":0,"circlet_count":0,"master_deck":["Clothesline+1","All Out Attack","Armaments+1","Gash","Dagger Spray","Iron Wave+1","Dodge and Roll","Pommel Strike","Turbo+1","Finisher","Deflect+1","Conserve Battery","Hyperbeam","Flechettes+1","Whirlwind+1","Mayhem","Coolheaded","Berserk","Poisoned Stab","FTL","Whirlwind","Iron Wave+1","Dramatic Entrance","Transmutation","Impatience","Glass Knife","Rip and Tear+1"],"relics":["Burning Blood","Bag of Marbles","Shuriken","Bronze Scales","Centennial Puzzle","Potion Belt","Strawberry","Paper Frog","Vajra","Ancient Tea Set","Dream Catcher","Fusion Hammer","Self Forming Clay","Juzu Bracelet","Sundial","Regal Pillow","Lantern","Blood Vial","Bottled Flame","Incense Burner","Smiling Mask","Happy Flower","Oddly Smooth Stone","Orrery","MawBank","Whetstone","Bag of Preparation","FossilizedHelix","Singing Bowl","Mercury Hourglass","Question Card","Omamori","War Paint","Bottled Tornado","Boot","Pen Nib"],"potions_floor_usage":[7,16,33,33,50],"damage_taken":[{"damage":0,"enemies":"Cultist","floor":1,"turns":2},{"damage":0,"enemies":"Small Slimes","floor":3,"turns":1},{"damage":0,"enemies":"2 Louse","floor":5,"turns":1},{"damage":4,"enemies":"Lagavulin","floor":7,"turns":3},{"damage":0,"enemies":"Lots of Slimes","floor":8,"turns":1},{"damage":5,"enemies":"3 Sentries","floor":10,"turns":3},{"damage":0,"enemies":"2 Fungi Beasts","floor":13,"turns":2},{"damage":0,"enemies":"Exordium Wildlife","floor":14,"turns":1},{"damage":25,"enemies":"The Guardian","floor":16,"turns":4},{"damage":0,"enemies":"Chosen","floor":18,"turns":3},{"damage":0,"enemies":"Shell Parasite","floor":19,"turns":2},{"damage":0,"enemies":"Snake Plant","floor":20,"turns":1},{"damage":0,"enemies":"Shelled Parasite and Fungi","floor":21,"turns":1},{"damage":2,"enemies":"Book of Stabbing","floor":23,"turns":3},{"damage":6,"enemies":"Cultist and Chosen","floor":27,"turns":2},{"damage":0,"enemies":"Slavers","floor":28,"turns":2},{"damage":0,"enemies":"Centurion and Healer","floor":31,"turns":1},{"damage":0,"enemies":"Collector","floor":33,"turns":4},{"damage":0,"enemies":"Orb Walker","floor":35,"turns":1},{"damage":12,"enemies":"3 Shapes","floor":36,"turns":1},{"damage":3,"enemies":"Spire Growth","floor":37,"turns":3},{"damage":3,"enemies":"Transient","floor":38,"turns":5},{"damage":10,"enemies":"Giant Head","floor":41,"turns":6},{"damage":0,"enemies":"Maw","floor":42,"turns":4},{"damage":0,"enemies":"3 Darklings","floor":44,"turns":1},{"damage":0,"enemies":"Reptomancer","floor":46,"turns":4},{"damage":3,"enemies":"Sphere and 2 Shapes","floor":47,"turns":2},{"damage":0,"enemies":"Jaw Worm Horde","floor":48,"turns":1},{"damage":19,"enemies":"Donu and Deca","floor":50,"turns":4}],"seed_played":"9005130285241513611","potions_obtained":[{"floor":1,"key":"BloodPotion"},{"floor":5,"key":"AttackPotion"},{"floor":8,"key":"Poison Potion"},{"floor":12,"key":"Swift Potion"},{"floor":12,"key":"Energy Potion"},{"floor":14,"key":"Dexterity Potion"},{"floor":16,"key":"SteroidPotion"},{"floor":33,"key":"SpeedPotion"},{"floor":36,"key":"GamblersBrew"},{"floor":47,"key":"AttackPotion"}],"is_trial":true,"path_per_floor":["M","?","M","?","M","R","E","M","T","E","$","?","M","M","R","B",null,"M","M","M","M","?","E","T","?","T","M","E","$","?","M","R","B",null,"M","M","M","M","$","R","E","M","T","M","?","E","M","M","R","B",null],"character_chosen":"IRONCLAD","items_purchased":["Vajra","Mayhem","Happy Flower","Singing Bowl"],"campfire_rested":4,"item_purchase_floors":[11,29,29,39],"current_hp_per_floor":[80,80,80,80,80,80,80,80,87,87,87,87,87,87,87,68,87,87,87,87,87,70,74,74,74,74,76,84,84,84,92,92,92,92,92,86,91,92,92,94,90,94,94,94,84,92,94,94,94,81],"gold":127,"neow_bonus":"","is_prod":false,"is_daily":false,"chose_seed":false,"campfire_upgraded":1,"win_rate":0,"timestamp":1554763690,"path_taken":["M","?","?","?","M","R","E","M","T","E","$","?","M","?","R","BOSS","M","M","M","M","?","E","?","?","T","M","E","?","?","M","R","BOSS","M","M","M","M","$","R","E","M","T","M","?","E","M","M","R","BOSS"],"build_version":"2019-01-23","purchased_purges":0,"victory":true,"max_hp_per_floor":[80,80,80,80,80,80,80,80,87,87,87,87,87,87,87,87,87,87,87,87,87,92,92,92,92,92,92,92,92,92,92,92,92,92,92,92,92,92,92,94,94,94,94,94,94,94,94,94,94,94],"card_choices":[{"not_picked":["Heel Hook","Aggregate"],"picked":"Deflect","floor":7},{"not_picked":["Rebound","PiercingWail"],"picked":"Conserve Battery","floor":10},{"not_picked":["Tools of the Trade","Night Terror"],"picked":"Hyperbeam","floor":16},{"not_picked":["Rebound","Caltrops+1"],"picked":"Flechettes+1","floor":23},{"not_picked":["Storm+1","Acrobatics"],"picked":"Whirlwind+1","floor":28},{"not_picked":["Pommel Strike","Havoc"],"picked":"Coolheaded","floor":32},{"not_picked":["Creative AI","Night Terror"],"picked":"Berserk","floor":33},{"not_picked":["Recycle","Bane+1"],"picked":"Poisoned Stab","floor":34},{"not_picked":["Corruption","Coolheaded+1"],"picked":"FTL","floor":34},{"not_picked":["Wild Strike","Consume+1"],"picked":"Whirlwind","floor":34},{"not_picked":["Underhanded Strike","Noxious Fumes+1","Shrug It Off"],"picked":"Singing Bowl","floor":40},{"not_picked":["Expertise","Pommel Strike"],"picked":"Iron Wave+1","floor":41},{"not_picked":["Good Instincts","Deep Breath","Mind Blast"],"picked":"Dramatic Entrance","floor":45},{"not_picked":["Panacea","Sadistic Nature","Flash of Steel"],"picked":"Transmutation","floor":45},{"not_picked":["Dramatic Entrance","Chrysalis","Finesse"],"picked":"Impatience","floor":45},{"not_picked":["Poisoned Stab+1","Feel No Pain","Escape Plan"],"picked":"Glass Knife","floor":46},{"not_picked":["Wild Strike","BootSequence+1","Cold Snap"],"picked":"Rip and Tear+1","floor":49}],"player_experience":70426,"relics_obtained":[{"floor":1,"key":"Bag of Marbles"},{"floor":3,"key":"Shuriken"},{"floor":5,"key":"Bronze Scales"},{"floor":7,"key":"Centennial Puzzle"},{"floor":8,"key":"Potion Belt"},{"floor":9,"key":"Strawberry"},{"floor":10,"key":"Paper Frog"},{"floor":13,"key":"Ancient Tea Set"},{"floor":14,"key":"Dream Catcher"},{"floor":18,"key":"Self Forming Clay"},{"floor":19,"key":"Juzu Bracelet"},{"floor":20,"key":"Sundial"},{"floor":21,"key":"Regal Pillow"},{"floor":23,"key":"Lantern"},{"floor":24,"key":"Blood Vial"},{"floor":26,"key":"Bottled Flame"},{"floor":27,"key":"Incense Burner"},{"floor":28,"key":"Smiling Mask"},{"floor":31,"key":"Oddly Smooth Stone"},{"floor":35,"key":"MawBank"},{"floor":36,"key":"Whetstone"},{"floor":37,"key":"Bag of Preparation"},{"floor":38,"key":"FossilizedHelix"},{"floor":41,"key":"Mercury Hourglass"},{"floor":42,"key":"Question Card"},{"floor":43,"key":"Omamori"},{"floor":44,"key":"War Paint"},{"floor":46,"key":"Bottled Tornado"},{"floor":47,"key":"Boot"},{"floor":48,"key":"Pen Nib"}],"event_choices":[{"damage_healed":0,"gold_gain":0,"cards_transformed":["Armaments"],"player_choice":"Transformed","damage_taken":0,"max_hp_gain":0,"max_hp_loss":0,"event_name":"Transmorgrifier","floor":2,"gold_loss":0,"cards_obtained":["Finisher"]},{"damage_healed":0,"gold_gain":0,"player_choice":"Ignored","damage_taken":0,"max_hp_gain":0,"max_hp_loss":0,"event_name":"Liars Game","floor":4,"gold_loss":0},{"damage_healed":0,"gold_gain":0,"player_choice":"Bought 2 Potions","damage_taken":0,"max_hp_gain":0,"max_hp_loss":0,"event_name":"The Woman in Blue","floor":12,"gold_loss":0},{"damage_healed":0,"gold_gain":0,"player_choice":"Shed Blood","damage_taken":22,"max_hp_gain":5,"max_hp_loss":0,"event_name":"Forgotten Altar","floor":22,"gold_loss":0},{"damage_healed":0,"gold_gain":0,"player_choice":"Ignored","damage_taken":0,"max_hp_gain":0,"max_hp_loss":0,"event_name":"Ghosts","floor":25,"gold_loss":0},{"damage_healed":0,"gold_gain":0,"player_choice":"Memory 3","damage_taken":10,"max_hp_gain":0,"max_hp_loss":0,"event_name":"SensoryStone","floor":45,"gold_loss":0}],"is_beta":false,"boss_relics":[{"not_picked":["Runic Pyramid","Snecko Eye"],"picked":"Fusion Hammer"},{"not_picked":["Empty Cage","Calling Bell"],"picked":"Orrery"}],"items_purged_floors":[],"is_endless":false,"potions_floor_spawned":[1,5,8,14,16,19,20,28,33,36,44,46,47],"ascension_level":0}