{"gold_per_floor":[13,13,13,13,23,23,37,56,56,75,89,14,14,32,32,32],"floor_reached":16,"playtime":1412,"items_purged":["Strike_B"],"score":146,"play_id":"4324aa76-9f25-4f7a-8b9b-b8a71a79120f","local_time":"20190225211108","is_ascension_mode":true,"campfire_choices":[{"data":"Defragment","floor":6,"key":"SMITH"},{"floor":13,"key":"REST"},{"data":"Conserve Battery","floor":15,"key":"SMITH"}],"neow_cost":"NO_GOLD","seed_source_timestamp":746560906618175,"circlet_count":0,"master_deck":["AscendersBane","Defend_B","Defend_B","Defend_B","Defend_B","Zap","Dualcast","Defragment+1","Self Repair","Conserve Battery+1","Coolheaded"],"relics":["Cracked Core","Gambling Chip","Bottled Tornado"],"potions_floor_usage":[7,10,14,16],"damage_taken":[{"damage":3,"enemies":"2 Louse","floor":1,"turns":2},{"damage":7,"enemies":"Jaw Worm","floor":5,"turns":5},{"damage":6,"enemies":"Small Slimes","floor":7,"turns":6},{"damage":6,"enemies":"Exordium Wildlife","floor":8,"turns":6},{"damage":6,"enemies":"2 Fungi Beasts","floor":10,"turns":6},{"damage":1,"enemies":"Large Slime","floor":11,"turns":9},{"damage":0,"enemies":"3 Louse","floor":14,"turns":6},{"damage":70,"enemies":"Hexaghost","floor":16,"turns":16}],"seed_played":"-7896301197017727523","potions_obtained":[{"floor":1,"key":"Weak Potion"},{"floor":5,"key":"Energy Potion"},{"floor":10,"key":"EssenceOfSteel"},{"floor":11,"key":"Weak Potion"}],"is_trial":false,"path_per_floor":["M","?","?","?","M","R","M","M","T","M","M","$","R","M","R","B"],"character_chosen":"DEFECT","items_purchased":[],"campfire_rested":1,"item_purchase_floors":[],"current_hp_per_floor":[65,58,51,51,44,44,38,32,32,33,39,39,61,68,68,0],"gold":32,"neow_bonus":"REMOVE_TWO","is_prod":false,"is_daily":false,"chose_seed":false,"campfire_upgraded":2,"win_rate":0,"timestamp":1551125468,"path_taken":["M","?","?","?","M","R","M","M","T","M","M","$","R","?","R","BOSS"],"build_version":"2019-01-23","purchased_purges":1,"victory":false,"max_hp_per_floor":[75,75,75,75,75,75,75,75,75,75,75,75,75,75,75,75],"card_choices":[{"not_picked":["Fusion","Stack","Scrape"],"picked":"SKIP","floor":1},{"not_picked":["Redo","Streamline"],"picked":"Defragment","floor":5},{"not_picked":["Aggregate","Streamline","Chaos"],"picked":"SKIP","floor":7},{"not_picked":["Ball Lightning","Beam Cell"],"picked":"Self Repair","floor":8},{"not_picked":["Turbo","Streamline"],"picked":"Conserve Battery","floor":10},{"not_picked":["Barrage","Hologram","Gash"],"picked":"SKIP","floor":11},{"not_picked":["Hello World","Sweeping Beam"],"picked":"Coolheaded","floor":14}],"player_experience":703778,"relics_obtained":[{"floor":9,"key":"Bottled Tornado"}],"event_choices":[{"cards_removed":["Strike_B"],"damage_healed":0,"gold_gain":0,"player_choice":"Card Removal","damage_taken":7,"max_hp_gain":0,"max_hp_loss":0,"event_name":"Golden Wing","floor":2,"gold_loss":0},{"damage_healed":0,"gold_gain":0,"player_choice":"Success","damage_taken":7,"relics_obtained":["Gambling Chip"],"max_hp_gain":0,"max_hp_loss":0,"event_name":"Scrap Ooze","floor":3,"gold_loss":0},{"damage_healed":0,"gold_gain":0,"player_choice":"Leave","damage_taken":0,"max_hp_gain":0,"max_hp_loss":0,"event_name":"The Cleric","floor":4,"gold_loss":0}],"is_beta":false,"boss_relics":[],"items_purged_floors":[12],"is_endless":false,"potions_floor_spawned":[1,5,10,11],"killed_by":"Hexaghost","ascension_level":11}