{"gold_per_floor":[113,125,136,13,28,28,56,56,56,70,84,100,100,19,19,91,91,110,10,109,109,109,109,109],"floor_reached":24,"playtime":1141,"items_purged":["Strike_G","Strike_G"],"score":323,"play_id":"a995b09f-d4e7-4714-9d7b-5668d0781396","local_time":"20190425192745","is_ascension_mode":true,"campfire_choices":[{"data":"Adrenaline","floor":6.0,"key":"SMITH"},{"floor":8.0,"key":"REST"},{"floor":13.0,"key":"REST"},{"data":"Footwork","floor":15.0,"key":"SMITH"},{"floor":23,"key":"REST"}],"neow_cost":"NONE","seed_source_timestamp":34224929771101,"circlet_count":0,"master_deck":["AscendersBane","Defend_G","Defend_G","Defend_G","Defend_G","Defend_G","Strike_G","Strike_G","Survivor","Neutralize","Bouncing Flask","Acrobatics","Adrenaline+1","PiercingWail","Tactician","Skewer","Noxious Fumes","Footwork+1","Corpse Explosion","Acrobatics"],"special_seed":0,"relics":["Ring of the Snake","Ice Cream","Torii","Black Star"],"potions_floor_usage":[16],"damage_taken":[{"damage":3.0,"enemies":"Cultist","floor":1.0,"turns":6.0},{"damage":1.0,"enemies":"2 Louse","floor":2.0,"turns":2.0},{"damage":4.0,"enemies":"Jaw Worm","floor":3.0,"turns":3.0},{"damage":8.0,"enemies":"Gremlin Gang","floor":5.0,"turns":6.0},{"damage":36.0,"enemies":"Gremlin Nob","floor":7.0,"turns":5.0},{"damage":0.0,"enemies":"Large Slime","floor":10.0,"turns":5.0},{"damage":4.0,"enemies":"Lots of Slimes","floor":11.0,"turns":4.0},{"damage":2.0,"enemies":"Blue Slaver","floor":12.0,"turns":4.0},{"damage":31,"enemies":"Slime Boss","floor":16,"turns":15},{"damage":27,"enemies":"2 Thieves","floor":18,"turns":5},{"damage":10,"enemies":"Colosseum Slavers","floor":22,"turns":5},{"damage":43,"enemies":"Slavers","floor":24,"turns":3}],"seed_played":"-4470914335282956644","potions_obtained":[{"floor":1.0,"key":"GamblersBrew"},{"floor":10.0,"key":"Ancient Potion"},{"floor":12.0,"key":"FearPotion"},{"floor":16,"key":"Ancient Potion"}],"is_trial":false,"path_per_floor":["M","M","M","$","M","R","E","R","T","M","M","M","R","$","R","B",null,"M","$","?","$","?","R","E"],"character_chosen":"THE_SILENT","items_purchased":["Energy Potion","Footwork"],"campfire_rested":3,"item_purchase_floors":[4,14],"current_hp_per_floor":[60,59,55,55,47,47,11,32,32,32,28,26,47,47,47,16,57,30,30,30,30,20,41,0],"gold":109,"neow_bonus":"REMOVE_CARD","is_prod":false,"is_daily":false,"chose_seed":false,"campfire_upgraded":2,"win_rate":0,"timestamp":1556188065,"path_taken":["M","M","M","$","M","R","E","R","T","M","M","M","R","$","R","BOSS","M","?","?","$","?","R","E"],"build_version":"2019-01-23","purchased_purges":2,"victory":false,"max_hp_per_floor":[70,70,70,70,70,70,70,70,70,70,70,70,70,70,70,70,70,70,70,70,70,70,70,70],"card_choices":[{"not_picked":["Masterful Stab","Sucker Punch"],"picked":"Bouncing Flask","floor":1.0},{"not_picked":["All Out Attack","Blade Dance"],"picked":"Acrobatics","floor":2.0},{"not_picked":["Cloak And Dagger","Dagger Spray"],"picked":"Adrenaline","floor":3.0},{"not_picked":["Terror","Slice"],"picked":"PiercingWail","floor":5.0},{"not_picked":["Heel Hook","Slice","Eviscerate"],"picked":"SKIP","floor":7.0},{"not_picked":["Quick Slash","Expertise"],"picked":"Tactician","floor":10.0},{"not_picked":["Quick Slash","Slice"],"picked":"Skewer","floor":11.0},{"not_picked":["Flying Knee","Flechettes"],"picked":"Noxious Fumes","floor":12.0},{"not_picked":["Wraith Form v2","Envenom"],"picked":"Corpse Explosion","floor":16},{"not_picked":["Cloak And Dagger+1","Expertise"],"picked":"Acrobatics","floor":18}],"player_experience":696623,"relics_obtained":[{"floor":7.0,"key":"Ice Cream"},{"floor":9.0,"key":"Torii"}],"event_choices":[{"damage_healed":0,"gold_gain":99,"player_choice":"Stole From Cult","damage_taken":0,"max_hp_gain":0,"max_hp_loss":0,"event_name":"Nest","floor":20,"gold_loss":0},{"damage_healed":0,"gold_gain":0,"player_choice":"Fight","damage_taken":0,"max_hp_gain":0,"max_hp_loss":0,"event_name":"Colosseum","floor":22,"gold_loss":0},{"damage_healed":0,"gold_gain":0,"player_choice":"Fled From Nobs","damage_taken":0,"max_hp_gain":0,"max_hp_loss":0,"event_name":"Colosseum","floor":22,"gold_loss":0}],"is_beta":false,"boss_relics":[{"not_picked":["Orrery","Tiny House"],"picked":"Black Star"}],"items_purged_floors":[4,19],"is_endless":false,"potions_floor_spawned":[1,10,12,16,22],"killed_by":"Slavers","ascension_level":13}