{"gold_per_floor":[115,134,152,152,165,165,165,165,191,191,222,237,249,267,267,368,368,355,355,5,17,17,17,17,43,43,43,43],"floor_reached":28,"playtime":3089,"items_purged":[],"score":263,"play_id":"c4e0abc0-79aa-439c-b8e5-583601558266","local_time":"20181225000833","is_ascension_mode":false,"campfire_choices":[{"data":"Spot Weakness","floor":6,"key":"SMITH"},{"data":"Spot Weakness","floor":8,"key":"SMITH"},{"data":"Bash","floor":10,"key":"SMITH"},{"data":"Flame Barrier","floor":15,"key":"SMITH"},{"data":"Limit Break","floor":24,"key":"SMITH"}],"neow_cost":"TEN_PERCENT_HP_LOSS","seed_source_timestamp":635846525413596,"circlet_count":0,"master_deck":["Defend_R","Defend_R+1","Defend_R","Defend_R+1","Bash+1","Spot Weakness+1","Spot Weakness+1","Flame Barrier","Flame Barrier+1","Impervious","Ghostly Armor","Bite","Bite","Bite","Bite","Bite","Limit Break","Limit Break+1"],"relics":["Black Blood","Pocketwatch","War Paint","PreservedInsect","DollysMirror","Oddly Smooth Stone","Gremlin Horn"],"potions_floor_usage":[18,25,25,28,28,28],"damage_taken":[{"damage":0,"enemies":"Small Slimes","floor":1,"turns":4},{"damage":1,"enemies":"Jaw Worm","floor":2,"turns":6},{"damage":0,"enemies":"2 Louse","floor":3,"turns":2},{"damage":12,"enemies":"2 Fungi Beasts","floor":5,"turns":4},{"damage":11,"enemies":"3 Sentries","floor":11,"turns":7},{"damage":1,"enemies":"Large Slime","floor":12,"turns":8},{"damage":3,"enemies":"Exordium Thugs","floor":13,"turns":6},{"damage":9,"enemies":"Lots of Slimes","floor":14,"turns":6},{"damage":12,"enemies":"Hexaghost","floor":16,"turns":11},{"damage":4,"enemies":"2 Thieves","floor":18,"turns":4},{"damage":0,"enemies":"3 Byrds","floor":21,"turns":5},{"damage":35,"enemies":"Slavers","floor":25,"turns":5},{"damage":30,"enemies":"3 Cultists","floor":28,"turns":5}],"seed_played":"2300514284424458649","potions_obtained":[{"floor":1,"key":"LiquidBronze"},{"floor":5,"key":"GamblersBrew"},{"floor":14,"key":"EntropicBrew"}],"is_trial":false,"path_per_floor":["M","M","M","?","M","R","?","R","T","R","E","M","M","M","R","B",null,"M","?","$","M","?","?","R","E","T","?","M"],"character_chosen":"IRONCLAD","items_purchased":["Limit Break","DollysMirror"],"campfire_rested":0,"item_purchase_floors":[20,20],"current_hp_per_floor":[72,72,72,65,59,59,59,59,59,59,54,59,62,59,59,53,72,72,50,50,50,50,42,42,27,27,27,0],"gold":43,"neow_bonus":"ONE_RARE_RELIC","is_prod":false,"is_daily":false,"chose_seed":false,"campfire_upgraded":5,"win_rate":0,"timestamp":1545714513,"path_taken":["M","M","M","?","M","R","?","R","T","R","E","M","M","M","R","BOSS","M","?","$","M","?","?","R","E","T","?","M"],"build_version":"2018-12-20","purchased_purges":0,"victory":false,"max_hp_per_floor":[72,72,72,72,72,72,72,72,72,72,72,72,72,72,72,72,72,72,50,50,50,50,55,55,55,55,55,55],"card_choices":[{"not_picked":["Perfected Strike","Body Slam"],"picked":"Spot Weakness","floor":1},{"not_picked":["Cleave","Body Slam","Twin Strike"],"picked":"SKIP","floor":2},{"not_picked":["Heavy Blade","Wild Strike","Clothesline"],"picked":"SKIP","floor":3},{"not_picked":["Pummel","Sword Boomerang"],"picked":"Spot Weakness","floor":5},{"not_picked":["Cleave","Havoc"],"picked":"Flame Barrier","floor":11},{"not_picked":["Infernal Blade","Armaments","Perfected Strike"],"picked":"SKIP","floor":12},{"not_picked":["Carnage","Corruption"],"picked":"Flame Barrier","floor":13},{"not_picked":["Dual Wield","Havoc","Cleave"],"picked":"SKIP","floor":14},{"not_picked":["Juggernaut","Brutality"],"picked":"Impervious","floor":16},{"not_picked":["Twin Strike","Clash+1"],"picked":"Ghostly Armor","floor":18},{"not_picked":["Evolve","Bloodletting","Blood for Blood+1"],"picked":"SKIP","floor":21},{"not_picked":["Body Slam","Havoc","Berserk"],"picked":"SKIP","floor":25}],"player_experience":510026,"relics_obtained":[{"floor":9,"key":"War Paint"},{"floor":11,"key":"PreservedInsect"},{"floor":25,"key":"Oddly Smooth Stone"},{"floor":26,"key":"Gremlin Horn"}],"event_choices":[{"cards_removed":["Strike_R"],"damage_healed":0,"gold_gain":0,"player_choice":"Card Removal","damage_taken":7,"max_hp_gain":0,"max_hp_loss":0,"event_name":"Golden Wing","floor":4,"gold_loss":0},{"damage_healed":0,"gold_gain":0,"player_choice":"Ignored","damage_taken":0,"max_hp_gain":0,"max_hp_loss":0,"event_name":"Liars Game","floor":7,"gold_loss":0},{"damage_healed":0,"gold_gain":0,"player_choice":"Became a vampire","damage_taken":0,"max_hp_gain":0,"max_hp_loss":22,"event_name":"Vampires","floor":19,"gold_loss":0,"cards_obtained":["Bite","Bite","Bite","Bite","Bite"]},{"damage_healed":0,"gold_gain":0,"player_choice":"Shed Blood","damage_taken":13,"max_hp_gain":5,"max_hp_loss":0,"event_name":"Forgotten Altar","floor":23,"gold_loss":0},{"damage_healed":0,"gold_gain":0,"player_choice":"Ignored","damage_taken":0,"max_hp_gain":0,"max_hp_loss":0,"event_name":"The Mausoleum","floor":27,"gold_loss":0}],"is_beta":false,"boss_relics":[{"not_picked":["Pandora\u0027s Box","White Beast Statue"],"picked":"Black Blood"}],"items_purged_floors":[],"is_endless":false,"potions_floor_spawned":[1,5,14,16],"killed_by":"3 Cultists","ascension_level":0}