{"gold_per_floor":[114,130,149,99,118,118,132,144,144,158,158,158,158,14,14,86,86,96,11,0,0,14,14,34,34],"floor_reached":25,"playtime":1271,"items_purged":[],"score":322,"play_id":"fddb5bcb-8559-44c0-a05d-e50a5c74a253","local_time":"20190426121716","is_ascension_mode":true,"campfire_choices":[{"floor":6.0,"key":"REST"},{"data":"Deadly Poison","floor":11.0,"key":"SMITH"},{"data":"Well Laid Plans","floor":13.0,"key":"SMITH"},{"data":"Burst","floor":15.0,"key":"SMITH"},{"floor":23,"key":"REST"}],"neow_cost":"PERCENT_DAMAGE","seed_source_timestamp":7660657357761,"circlet_count":0,"master_deck":["AscendersBane","Survivor","Neutralize","Burst+1","Deadly Poison+1","PiercingWail","Footwork","Bane","Well Laid Plans+1","Acrobatics","Backflip","Flechettes","Venomology","Finisher","Sucker Punch","Glass Knife","Adrenaline","Slice","Blade Dance","Slice","Heel Hook"],"special_seed":0,"relics":["Ring of the Snake","Girya","Snake Skull","Pandora\u0027s Box","Ancient Tea Set"],"potions_floor_usage":[18,18,24,24,24,25],"damage_taken":[{"damage":3.0,"enemies":"2 Louse","floor":1.0,"turns":3.0},{"damage":4.0,"enemies":"Jaw Worm","floor":2.0,"turns":4.0},{"damage":6.0,"enemies":"Cultist","floor":3.0,"turns":4.0},{"damage":16.0,"enemies":"Large Slime","floor":5.0,"turns":13.0},{"damage":3.0,"enemies":"Looter","floor":7.0,"turns":4.0},{"damage":0.0,"enemies":"Gremlin Gang","floor":8.0,"turns":4.0},{"damage":3.0,"enemies":"Blue Slaver","floor":10.0,"turns":4.0},{"damage":2.0,"enemies":"The Guardian","floor":16.0,"turns":9.0},{"damage":10,"enemies":"Shell Parasite","floor":18,"turns":4},{"damage":13,"enemies":"Spheric Guardian","floor":22,"turns":4},{"damage":31,"enemies":"3 Cultists","floor":24,"turns":6},{"damage":21,"enemies":"Sentry and Sphere","floor":25,"turns":4}],"seed_played":"-6264699863766606302","potions_obtained":[{"floor":2.0,"key":"SkillPotion"},{"floor":7.0,"key":"PowerPotion"},{"floor":10.0,"key":"AttackPotion"},{"floor":16.0,"key":"Poison Potion"},{"floor":22,"key":"Swift Potion"},{"floor":24,"key":"SneckoOil"}],"is_trial":false,"path_per_floor":["M","M","M","?","M","R","M","M","T","M","R","?","R","$","R","B",null,"M","?","?","$","M","R","M","M"],"character_chosen":"THE_SILENT","items_purchased":["Snake Skull"],"campfire_rested":2,"item_purchase_floors":[14],"current_hp_per_floor":[42,38,32,32,16,37,34,34,34,31,31,31,31,31,31,29,60,50,50,50,50,37,58,27,6],"gold":34,"neow_bonus":"THREE_RARE_CARDS","is_prod":false,"is_daily":false,"chose_seed":false,"campfire_upgraded":3,"win_rate":0,"timestamp":1556248636,"path_taken":["M","M","M","?","M","R","M","M","T","M","R","?","R","$","R","BOSS","M","?","?","$","M","R","M","M"],"build_version":"2019-01-23","purchased_purges":0,"victory":false,"max_hp_per_floor":[70,70,70,70,70,70,70,70,70,70,70,70,70,70,70,70,70,70,70,70,70,70,70,70,70],"card_choices":[{"not_picked":["Bullet Time","A Thousand Cuts"],"picked":"Burst","floor":0.0},{"not_picked":["Cloak And Dagger","Reflex"],"picked":"Deadly Poison","floor":1.0},{"not_picked":["Expertise","Choke"],"picked":"PiercingWail","floor":2.0},{"not_picked":["Heel Hook","Blade Dance"],"picked":"Footwork","floor":3.0},{"not_picked":["Deflect","Slice"],"picked":"Bane","floor":5.0},{"not_picked":["Dash","Prepared"],"picked":"Well Laid Plans","floor":7.0},{"not_picked":["Deadly Poison","All Out Attack"],"picked":"Acrobatics","floor":8.0},{"not_picked":["Reflex","Quick Slash"],"picked":"Backflip","floor":10.0},{"not_picked":["Die Die Die","Bullet Time"],"picked":"Venomology","floor":16.0},{"not_picked":["Quick Slash","Sucker Punch+1","Expertise"],"picked":"SKIP","floor":18},{"not_picked":["Finisher+1","Setup","Acrobatics"],"picked":"SKIP","floor":22},{"not_picked":["Concentrate","Prepared","PiercingWail+1"],"picked":"SKIP","floor":24}],"player_experience":702290,"relics_obtained":[{"floor":9.0,"key":"Girya"}],"event_choices":[{"cards_removed":["Strike_G"],"damage_healed":0.0,"max_hp_gain":0.0,"max_hp_loss":0.0,"gold_gain":0.0,"event_name":"The Cleric","player_choice":"Card Removal","floor":4.0,"gold_loss":50.0,"damage_taken":0.0},{"damage_healed":0.0,"max_hp_gain":0.0,"max_hp_loss":0.0,"gold_gain":0.0,"cards_transformed":["Strike_G"],"event_name":"Transmorgrifier","player_choice":"Transformed","floor":12.0,"gold_loss":0.0,"damage_taken":0.0,"cards_obtained":["Flechettes"]},{"damage_healed":0,"gold_gain":0,"player_choice":"Obtained Relic","damage_taken":0,"relics_obtained":["Ancient Tea Set"],"max_hp_gain":0,"max_hp_loss":0,"event_name":"Addict","floor":19,"gold_loss":85},{"damage_healed":0,"gold_gain":0,"player_choice":"Paid Fearfully","damage_taken":0,"max_hp_gain":0,"max_hp_loss":0,"event_name":"Masked Bandits","floor":20,"gold_loss":11}],"is_beta":false,"boss_relics":[{"not_picked":["Fusion Hammer","Coffee Dripper"],"picked":"Pandora\u0027s Box"}],"items_purged_floors":[],"is_endless":false,"potions_floor_spawned":[2,7,10,16,22,24],"killed_by":"Sentry and Sphere","ascension_level":13}