{"gold_per_floor":[99,99,99,99,99,99,99,99,99,99,99,99,99,99,99,99,99,99,99,54,54,54,54,54,54,54,54,54,54,54,54,54,54,54,54,54,54,1,1,1,1,1,1,1,0,0,0,0,0,0,0,0,0,0,0],"floor_reached":55,"playtime":2324,"items_purged":[],"score":649,"play_id":"c7c9f025-3055-4db3-a1b8-d9f8fda1024c","local_time":"20190424162445","is_ascension_mode":false,"campfire_choices":[{"data":"Armaments","floor":7,"key":"SMITH"},{"floor":12,"key":"REST"},{"floor":15,"key":"REST"},{"floor":23,"key":"REST"},{"floor":25,"key":"REST"},{"floor":27,"key":"REST"},{"floor":32,"key":"REST"},{"floor":40,"key":"REST"},{"floor":42,"key":"REST"},{"floor":49,"key":"RECALL"},{"data":"Barricade","floor":52,"key":"SMITH"}],"neow_cost":"NONE","seed_source_timestamp":767445950030700,"circlet_count":0,"master_deck":["Strike_R","Strike_R","Strike_R","Strike_R","Defend_R","Defend_R","Defend_R","Defend_R","Bash","Blood for Blood","Armaments+1","Bloodletting","Whirlwind","Rupture+1","Battle Trance","Offering","Uppercut+1","Brutality","Flame Barrier+1","Heavy Blade+1","PanicButton","Barricade+1","Doubt","Fiend Fire+1"],"relics":["Ectoplasm","The Courier","Letter Opener","Nunchaku","Odd Mushroom","Sozu","Molten Egg 2","Pen Nib","Runic Cube","Bag of Preparation","Red Mask","Blood Vial"],"potions_floor_usage":[16,16,28],"damage_taken":[{"damage":0,"enemies":"2 Louse","floor":1,"turns":2},{"damage":0,"enemies":"Small Slimes","floor":5,"turns":3},{"damage":11,"enemies":"Gremlin Nob","floor":6,"turns":4},{"damage":0,"enemies":"Cultist","floor":8,"turns":3},{"damage":5,"enemies":"Lagavulin","floor":10,"turns":5},{"damage":20,"enemies":"Exordium Wildlife","floor":11,"turns":4},{"damage":0,"enemies":"3 Louse","floor":13,"turns":2},{"damage":3,"enemies":"The Mushroom Lair","floor":14,"turns":1},{"damage":30,"enemies":"Hexaghost","floor":16,"turns":9},{"damage":3,"enemies":"Spheric Guardian","floor":18,"turns":3},{"damage":15,"enemies":"2 Thieves","floor":20,"turns":3},{"damage":13,"enemies":"3 Cultists","floor":21,"turns":4},{"damage":26,"enemies":"Chosen and Byrds","floor":22,"turns":7},{"damage":52,"enemies":"Slavers","floor":24,"turns":5},{"damage":10,"enemies":"Shelled Parasite and Fungi","floor":28,"turns":4},{"damage":31,"enemies":"Collector","floor":33,"turns":6},{"damage":15,"enemies":"3 Darklings","floor":35,"turns":3},{"damage":0,"enemies":"3 Shapes","floor":36,"turns":2},{"damage":37,"enemies":"3 Darklings","floor":37,"turns":4},{"damage":13,"enemies":"Transient","floor":39,"turns":5},{"damage":15,"enemies":"Maw","floor":41,"turns":5},{"damage":6,"enemies":"Jaw Worm Horde","floor":46,"turns":2},{"damage":19,"enemies":"4 Shapes","floor":47,"turns":4},{"damage":65,"enemies":"Donu and Deca","floor":50,"turns":8},{"damage":75,"enemies":"Shield and Spear","floor":54,"turns":5},{"damage":52,"enemies":"The Heart","floor":55,"turns":2}],"seed_played":"-1181436765933308713","potions_obtained":[{"floor":1,"key":"FearPotion"},{"floor":5,"key":"Ancient Potion"},{"floor":10,"key":"Weak Potion"}],"is_trial":false,"path_per_floor":["M","?","?","?","M","E","R","M","T","E","M","R","M","?","R","B",null,"M","?","M","M","M","R","E","R","T","R","M","$","?","$","R","B",null,"M","M","M","?","M","R","M","R","T","?","?","M","M","?","R","B",null,"R","$","E","B"],"character_chosen":"IRONCLAD","items_purchased":[],"campfire_rested":8,"item_purchase_floors":[],"current_hp_per_floor":[80,73,78,78,78,67,67,67,67,62,42,67,67,64,85,55,85,82,82,67,54,28,53,1,26,26,51,41,41,41,41,66,35,85,70,70,33,33,20,45,30,55,55,55,55,49,30,85,85,20,85,85,85,10,0],"gold":0,"neow_bonus":"BOSS_RELIC","is_prod":false,"is_daily":false,"chose_seed":false,"campfire_upgraded":2,"win_rate":0,"timestamp":1556137485,"path_taken":["M","?","?","?","M","E","R","M","T","E","M","R","?","?","R","BOSS","M","?","M","?","M","R","E","R","T","R","M","$","?","?","R","BOSS","M","M","M","?","?","R","M","R","T","?","?","M","M","?","R","BOSS","R","$","E","BOSS"],"build_version":"2019-01-23","purchased_purges":0,"victory":false,"max_hp_per_floor":[80,80,85,85,85,85,85,85,85,85,85,85,85,85,85,85,85,85,85,85,85,85,85,85,85,85,85,85,85,85,85,85,85,85,85,85,85,85,85,85,85,85,85,85,85,85,85,85,85,85,85,85,85,85,85],"card_choices":[{"not_picked":["Clothesline","Cleave"],"picked":"Blood for Blood","floor":1},{"not_picked":["Pommel Strike","Corruption"],"picked":"Armaments","floor":5},{"not_picked":["Havoc","Clash"],"picked":"Bloodletting","floor":6},{"not_picked":["Infernal Blade","Entrench"],"picked":"Whirlwind","floor":8},{"not_picked":["Armaments","Inflame"],"picked":"Rupture","floor":10},{"not_picked":["Dark Embrace","Cleave"],"picked":"Battle Trance","floor":11},{"not_picked":["Perfected Strike","Flex","Wild Strike"],"picked":"SKIP","floor":13},{"not_picked":["Brutality","Barricade"],"picked":"Offering","floor":16},{"not_picked":["Entrench","Headbutt+1","Burning Pact+1"],"picked":"SKIP","floor":18},{"not_picked":["Second Wind+1","Feel No Pain"],"picked":"Uppercut+1","floor":20},{"not_picked":["Headbutt","Warcry","Heavy Blade"],"picked":"SKIP","floor":21},{"not_picked":["Evolve","Uppercut","Fire Breathing"],"picked":"SKIP","floor":22},{"not_picked":["Sword Boomerang","Anger","Dual Wield"],"picked":"SKIP","floor":24},{"not_picked":["Whirlwind+1","Sword Boomerang+1","Infernal Blade"],"picked":"SKIP","floor":28},{"not_picked":["Dark Embrace","Feed+1"],"picked":"Brutality","floor":33},{"not_picked":["Anger+1","Armaments","Body Slam+1"],"picked":"SKIP","floor":35},{"not_picked":["Battle Trance+1","Clash+1","Spot Weakness+1"],"picked":"SKIP","floor":36},{"not_picked":["Uppercut+1","Dropkick+1","Heavy Blade+1"],"picked":"SKIP","floor":37},{"not_picked":["Perfected Strike+1","Pommel Strike+1"],"picked":"Flame Barrier+1","floor":39},{"not_picked":["Cleave+1","Clothesline+1"],"picked":"Heavy Blade+1","floor":41},{"not_picked":["Forethought","Panacea"],"picked":"PanicButton","floor":44},{"not_picked":["Thunderclap+1","Clothesline+1","Clash+1"],"picked":"SKIP","floor":46},{"not_picked":["Hemokinesis+1","Clash+1"],"picked":"Barricade","floor":47},{"not_picked":["Pommel Strike+1","Burning Pact"],"picked":"Fiend Fire+1","floor":54}],"player_experience":235717,"relics_obtained":[{"floor":6,"key":"The Courier"},{"floor":9,"key":"Letter Opener"},{"floor":10,"key":"Nunchaku"},{"floor":14,"key":"Odd Mushroom"},{"floor":24,"key":"Molten Egg 2"},{"floor":26,"key":"Pen Nib"},{"floor":54,"key":"Blood Vial"}],"event_choices":[{"cards_removed":["Strike_R"],"damage_healed":0,"gold_gain":0,"player_choice":"Card Removal","damage_taken":7,"max_hp_gain":0,"max_hp_loss":0,"event_name":"Golden Wing","floor":2,"gold_loss":0},{"damage_healed":0,"gold_gain":0,"player_choice":"Donut","damage_taken":0,"max_hp_gain":5,"max_hp_loss":0,"event_name":"Big Fish","floor":3,"gold_loss":0},{"damage_healed":0,"gold_gain":0,"player_choice":"Ignored","damage_taken":0,"max_hp_gain":0,"max_hp_loss":0,"event_name":"NoteForYourself","floor":4,"gold_loss":0},{"damage_healed":0,"gold_gain":0,"player_choice":"Fought Mushrooms","damage_taken":0,"max_hp_gain":0,"max_hp_loss":0,"event_name":"Mushrooms","floor":14,"gold_loss":0},{"damage_healed":0,"gold_gain":0,"player_choice":"Forge","damage_taken":0,"max_hp_gain":0,"max_hp_loss":0,"event_name":"Accursed Blacksmith","floor":19,"gold_loss":0,"cards_upgraded":["Rupture"]},{"damage_healed":0,"gold_gain":0,"player_choice":"Ignored","damage_taken":0,"max_hp_gain":0,"max_hp_loss":0,"event_name":"Beggar","floor":30,"gold_loss":0},{"damage_healed":0,"gold_gain":0,"player_choice":"Paid Gold","damage_taken":0,"relics_obtained":["Bag of Preparation"],"max_hp_gain":0,"max_hp_loss":0,"event_name":"WeMeetAgain","floor":38,"gold_loss":53},{"damage_healed":0,"gold_gain":0,"player_choice":"Memory 1","damage_taken":0,"max_hp_gain":0,"max_hp_loss":0,"event_name":"SensoryStone","floor":44,"gold_loss":0},{"damage_healed":0,"gold_gain":0,"player_choice":"Paid","damage_taken":0,"relics_obtained":["Red Mask"],"max_hp_gain":0,"max_hp_loss":0,"event_name":"Tomb of Lord Red Mask","floor":45,"gold_loss":1},{"damage_healed":55,"gold_gain":0,"player_choice":"Heal","damage_taken":0,"max_hp_gain":0,"max_hp_loss":0,"event_name":"MindBloom","floor":48,"gold_loss":0,"cards_obtained":["Doubt"]}],"is_beta":false,"boss_relics":[{"not_picked":["Runic Dome","Coffee Dripper"],"picked":"Sozu"},{"not_picked":["Black Star","Astrolabe"],"picked":"Runic Cube"}],"items_purged_floors":[],"is_endless":false,"potions_floor_spawned":[1,5,10,14,18,20,22,28,37,41,47],"killed_by":"The Heart","ascension_level":0}