{"gold_per_floor":[117,117,117,132,142,474,493,493,493,493,493,511,542,556,556,654,654,672,686,698,292,292,323,333,346,397,416,416,416,451,468,468,572,572,588,588,636,147,159,159,159,159,186,112,112,112,112,212,212,212,212,212,20,46,46],"floor_reached":55,"playtime":2673,"items_purged":["Defend_R","Strike_R"],"score":740,"play_id":"b39012ad-48c0-4c3c-a5c9-3dfdb84fc4e2","local_time":"20190421222011","is_ascension_mode":false,"campfire_choices":[{"floor":10,"key":"REST"},{"data":"Flame Barrier","floor":15,"key":"SMITH"},{"floor":28,"key":"RECALL"},{"data":"Bash","floor":32,"key":"SMITH"},{"floor":40,"key":"REST"},{"data":"Rage","floor":41,"key":"SMITH"},{"data":"Shrug It Off","floor":49,"key":"SMITH"},{"data":"Whirlwind","floor":52,"key":"SMITH"}],"neow_cost":"NONE","seed_source_timestamp":529223789799600,"circlet_count":0,"master_deck":["Strike_R+1","Strike_R","Defend_R+1","Defend_R+1","Bash+1","Carnage","Rage+1","Shrug It Off+1","Infernal Blade","Dropkick","Flame Barrier+1","Thunderclap+1","Shockwave","Combust","Reaper","Whirlwind+1","RitualDagger+1","Blood for Blood","Barricade","Flame Barrier+1","The Bomb","Whirlwind+1"],"relics":["Burning Blood","PreservedInsect","Old Coin","Self Forming Clay","Ornamental Fan","Snecko Eye","Chemical X","Tiny Chest","Art of War","Ice Cream","Sozu","WingedGreaves","War Paint","ClockworkSouvenir","Pen Nib","FossilizedHelix","Frozen Eye","Whetstone"],"potions_floor_usage":[16,31,33,33,55,55],"damage_taken":[{"damage":6,"enemies":"Small Slimes","floor":1,"turns":3},{"damage":2,"enemies":"Jaw Worm","floor":4,"turns":2},{"damage":6,"enemies":"Cultist","floor":5,"turns":3},{"damage":25,"enemies":"Lagavulin","floor":6,"turns":4},{"damage":0,"enemies":"2 Fungi Beasts","floor":7,"turns":3},{"damage":18,"enemies":"Exordium Thugs","floor":12,"turns":5},{"damage":8,"enemies":"Gremlin Nob","floor":13,"turns":3},{"damage":3,"enemies":"Looter","floor":14,"turns":3},{"damage":36,"enemies":"The Guardian","floor":16,"turns":9},{"damage":14,"enemies":"Shell Parasite","floor":18,"turns":6},{"damage":14,"enemies":"2 Thieves","floor":19,"turns":4},{"damage":0,"enemies":"Chosen and Byrds","floor":20,"turns":3},{"damage":8,"enemies":"Gremlin Leader","floor":23,"turns":5},{"damage":6,"enemies":"Snake Plant","floor":24,"turns":3},{"damage":0,"enemies":"Snecko","floor":25,"turns":4},{"damage":3,"enemies":"3 Cultists","floor":27,"turns":3},{"damage":10,"enemies":"Slavers","floor":30,"turns":3},{"damage":0,"enemies":"Shelled Parasite and Fungi","floor":31,"turns":2},{"damage":34,"enemies":"Collector","floor":33,"turns":8},{"damage":10,"enemies":"3 Shapes","floor":35,"turns":4},{"damage":29,"enemies":"2 Orb Walkers","floor":37,"turns":4},{"damage":1,"enemies":"3 Darklings","floor":39,"turns":1},{"damage":2,"enemies":"Mind Bloom Boss Battle","floor":48,"turns":5},{"damage":12,"enemies":"Awakened One","floor":50,"turns":9},{"damage":0,"enemies":"Shield and Spear","floor":54,"turns":3},{"damage":93,"enemies":"The Heart","floor":55,"turns":9}],"seed_played":"3230397878447653225","potions_obtained":[{"floor":1,"key":"FearPotion"},{"floor":4,"key":"SteroidPotion"},{"floor":7,"key":"Poison Potion"},{"floor":16,"key":"SpeedPotion"},{"floor":31,"key":"Fire Potion"},{"floor":33,"key":"Regen Potion"}],"is_trial":false,"path_per_floor":["M","?","?","M","M","E","M","?","T","R","?","M","E","M","R","B",null,"M","M","M","$","?","E","M","M","T","M","R","?","E","M","R","B",null,"M","?","?","$","M","R","R","?","T","$","?","?","$","?","R","B",null,"R","$","E","B"],"character_chosen":"IRONCLAD","items_purchased":["Chemical X","Tiny Chest","Flame Barrier","War Paint","ClockworkSouvenir","Whirlwind","Frozen Eye"],"campfire_rested":2,"item_purchase_floors":[21,21,38,38,38,44,53],"current_hp_per_floor":[80,77,77,80,80,61,67,51,51,75,75,63,61,64,64,34,80,72,64,70,70,64,62,62,72,72,75,75,75,76,80,80,64,80,76,76,57,57,62,80,80,80,80,80,76,76,76,76,76,74,76,76,76,76,0],"gold":46,"neow_bonus":"THREE_CARDS","is_prod":false,"is_daily":false,"chose_seed":false,"campfire_upgraded":5,"win_rate":0,"timestamp":1555899611,"path_taken":["M","?","?","M","M","E","?","?","T","R","?","M","E","M","R","BOSS","M","?","M","$","?","E","M","M","T","M","R","?","E","?","R","BOSS","M","?","?","$","M","R","R","?","T","$","?","?","?","?","R","BOSS","R","$","E","BOSS"],"build_version":"2019-01-23","purchased_purges":2,"victory":false,"max_hp_per_floor":[80,80,80,80,80,80,80,80,80,80,80,80,80,80,80,80,80,80,80,80,80,80,80,80,80,80,80,80,80,80,80,80,80,80,80,80,80,80,80,80,80,80,80,80,76,76,76,76,76,76,76,76,76,76,76],"card_choices":[{"not_picked":["Thunderclap","Warcry"],"picked":"Carnage","floor":0},{"not_picked":["Metallicize","Blood for Blood"],"picked":"Rage","floor":1},{"not_picked":["Warcry","Bloodletting"],"picked":"Infernal Blade","floor":4},{"not_picked":["Blood for Blood","Burning Pact"],"picked":"Dropkick","floor":5},{"not_picked":["Dropkick","Metallicize"],"picked":"Flame Barrier","floor":6},{"not_picked":["Iron Wave","Pommel Strike","Shrug It Off"],"picked":"SKIP","floor":7},{"not_picked":["Warcry","Searing Blow"],"picked":"Thunderclap","floor":12},{"not_picked":["Shrug It Off","Anger"],"picked":"Shockwave","floor":13},{"not_picked":["Flex","Burning Pact"],"picked":"Combust","floor":14},{"not_picked":["Demon Form","Brutality"],"picked":"Reaper","floor":16},{"not_picked":["Burning Pact","Intimidate+1","Fire Breathing"],"picked":"SKIP","floor":18},{"not_picked":["Clash","Second Wind","Bloodletting"],"picked":"SKIP","floor":19},{"not_picked":["Rage","Havoc"],"picked":"Whirlwind+1","floor":20},{"not_picked":["Flex+1","Thunderclap","Double Tap"],"picked":"SKIP","floor":23},{"not_picked":["Heavy Blade","Flex+1","Intimidate"],"picked":"SKIP","floor":24},{"not_picked":["Heavy Blade","Thunderclap","Bloodletting"],"picked":"SKIP","floor":25},{"not_picked":["Inflame+1","Cleave"],"picked":"Blood for Blood","floor":27},{"not_picked":["Rage","Armaments","Thunderclap+1"],"picked":"SKIP","floor":30},{"not_picked":["Sword Boomerang","Havoc","Clash"],"picked":"SKIP","floor":31},{"not_picked":["Bludgeon","Double Tap"],"picked":"Barricade","floor":33},{"not_picked":["Blood for Blood","Second Wind","Sword Boomerang+1"],"picked":"SKIP","floor":35},{"not_picked":["Warcry","Shrug It Off","Iron Wave"],"picked":"SKIP","floor":39},{"not_picked":["Dramatic Entrance","Flash of Steel"],"picked":"The Bomb","floor":42},{"not_picked":["Thunderclap+1","Clash","Clothesline"],"picked":"SKIP","floor":54}],"player_experience":206731,"relics_obtained":[{"floor":6,"key":"Old Coin"},{"floor":9,"key":"Self Forming Clay"},{"floor":13,"key":"Ornamental Fan"},{"floor":23,"key":"Art of War"},{"floor":30,"key":"Ice Cream"},{"floor":37,"key":"WingedGreaves"},{"floor":43,"key":"Pen Nib"},{"floor":48,"key":"FossilizedHelix"},{"floor":54,"key":"Whetstone"}],"event_choices":[{"damage_healed":0,"gold_gain":0,"player_choice":"Success","damage_taken":3,"relics_obtained":["PreservedInsect"],"max_hp_gain":0,"max_hp_loss":0,"event_name":"Scrap Ooze","floor":2,"gold_loss":0},{"damage_healed":0,"gold_gain":0,"cards_transformed":["Strike_R"],"player_choice":"Change","damage_taken":0,"max_hp_gain":0,"max_hp_loss":0,"event_name":"Living Wall","floor":3,"gold_loss":0,"cards_obtained":["Shrug It Off"]},{"damage_healed":0,"gold_gain":0,"player_choice":"Entered Light","damage_taken":16,"max_hp_gain":0,"max_hp_loss":0,"event_name":"Shining Light","floor":8,"gold_loss":0,"cards_upgraded":["Defend_R","Strike_R"]},{"cards_removed":["Defend_R"],"damage_healed":0,"gold_gain":0,"player_choice":"Offered Basic","damage_taken":0,"max_hp_gain":0,"max_hp_loss":0,"event_name":"Bonfire Elementals","floor":11,"gold_loss":0},{"damage_healed":0,"gold_gain":0,"player_choice":"Joined the Cult","damage_taken":6,"max_hp_gain":0,"max_hp_loss":0,"event_name":"Nest","floor":22,"gold_loss":0,"cards_obtained":["RitualDagger"]},{"damage_healed":0,"gold_gain":0,"player_choice":"Ignored","damage_taken":0,"max_hp_gain":0,"max_hp_loss":0,"event_name":"Ghosts","floor":29,"gold_loss":0},{"damage_healed":0,"gold_gain":0,"player_choice":"Ignored","damage_taken":0,"max_hp_gain":0,"max_hp_loss":0,"event_name":"Tomb of Lord Red Mask","floor":36,"gold_loss":0},{"damage_healed":0,"gold_gain":0,"player_choice":"Fight","damage_taken":0,"max_hp_gain":0,"max_hp_loss":0,"event_name":"Mysterious Sphere","floor":37,"gold_loss":0},{"damage_healed":0,"gold_gain":0,"player_choice":"Memory 1","damage_taken":0,"max_hp_gain":0,"max_hp_loss":0,"event_name":"SensoryStone","floor":42,"gold_loss":0},{"damage_healed":0,"gold_gain":0,"player_choice":"Max HP","damage_taken":0,"max_hp_gain":0,"max_hp_loss":4,"event_name":"Winding Halls","floor":45,"gold_loss":0},{"cards_removed":["Strike_R"],"damage_healed":0,"gold_gain":0,"player_choice":"Removed Attack","damage_taken":0,"max_hp_gain":0,"max_hp_loss":0,"event_name":"Falling","floor":46,"gold_loss":0},{"damage_healed":0,"gold_gain":0,"player_choice":"Fight","damage_taken":0,"max_hp_gain":0,"max_hp_loss":0,"event_name":"MindBloom","floor":48,"gold_loss":0}],"is_beta":false,"boss_relics":[{"not_picked":["Runic Dome","Lizard Tail"],"picked":"Snecko Eye"},{"not_picked":["Velvet Choker","White Beast Statue"],"picked":"Sozu"}],"items_purged_floors":[21,38],"is_endless":false,"potions_floor_spawned":[1,4,7,14,16,18,24,31,33,35,37],"killed_by":"The Heart","ascension_level":0}