{"gold_per_floor":[116,191,204,231,231,264,264,292,316,316,328,346,346,366,366,366],"floor_reached":16,"playtime":624,"items_purged":[],"score":142,"play_id":"aa593b49-4019-44e3-902a-bdf5550c8dea","local_time":"20190411065957","is_ascension_mode":true,"campfire_choices":[{"data":"Jack Of All Trades","floor":7,"key":"SMITH"},{"floor":10,"key":"DIG"},{"floor":15,"key":"REST"}],"neow_cost":"NONE","seed_source_timestamp":128785064494204,"circlet_count":0,"master_deck":["Strike_R","Strike_R","Strike_R","Strike_R","Strike_R","Defend_R","Defend_R","Defend_R","Defend_R","Bash","Flex","Feel No Pain","Carnage","Jack Of All Trades+1","Headbutt","Havoc","Flex","Corruption"],"relics":["Burning Blood","NeowsBlessing","Ancient Tea Set","Shovel","Bottled Flame","Smiling Mask","Oddly Smooth Stone","Golden Idol"],"potions_floor_usage":[16,16],"damage_taken":[{"damage":0,"enemies":"2 Louse","floor":1,"turns":1},{"damage":0,"enemies":"Jaw Worm","floor":3,"turns":1},{"damage":0,"enemies":"Gremlin Nob","floor":6,"turns":2},{"damage":20,"enemies":"Lagavulin","floor":8,"turns":5},{"damage":0,"enemies":"Cultist","floor":11,"turns":2},{"damage":6,"enemies":"2 Fungi Beasts","floor":12,"turns":3},{"damage":8,"enemies":"Looter","floor":14,"turns":3},{"damage":79,"enemies":"Hexaghost","floor":16,"turns":11}],"seed_played":"48909060092186825","potions_obtained":[{"floor":3,"key":"Dexterity Potion"},{"floor":11,"key":"FearPotion"},{"floor":12,"key":"SteroidPotion"}],"is_trial":false,"path_per_floor":["M","?","M","T","?","E","R","E","T","R","M","M","?","M","R","B"],"character_chosen":"IRONCLAD","items_purchased":[],"campfire_rested":1,"item_purchase_floors":[],"current_hp_per_floor":[80,69,75,75,75,80,80,66,66,66,72,72,52,50,74,0],"gold":366,"neow_bonus":"THREE_ENEMY_KILL","is_prod":false,"is_daily":false,"chose_seed":false,"campfire_upgraded":1,"win_rate":0,"timestamp":1554980397,"path_taken":["M","?","M","?","?","E","R","E","T","R","?","M","?","M","R","BOSS"],"build_version":"2019-01-23","purchased_purges":0,"victory":false,"max_hp_per_floor":[80,80,80,80,80,80,80,80,80,80,80,80,80,80,80,80],"card_choices":[{"not_picked":["Hemokinesis","Heavy Blade"],"picked":"Flex","floor":1},{"not_picked":["Battle Trance","Armaments"],"picked":"Feel No Pain","floor":3},{"not_picked":["Clash","Thunderclap"],"picked":"Headbutt","floor":6},{"not_picked":["Armaments","Fire Breathing","Clash"],"picked":"SKIP","floor":8},{"not_picked":["Wild Strike","Combust"],"picked":"Havoc","floor":11},{"not_picked":["Heavy Blade","Combust"],"picked":"Flex","floor":12},{"not_picked":["Cleave","Seeing Red"],"picked":"Corruption","floor":14}],"player_experience":104706,"relics_obtained":[{"floor":4,"key":"Ancient Tea Set"},{"floor":6,"key":"Shovel"},{"floor":8,"key":"Bottled Flame"},{"floor":9,"key":"Smiling Mask"},{"floor":10,"key":"Oddly Smooth Stone"}],"event_choices":[{"damage_healed":0,"gold_gain":75,"player_choice":"Gather Gold","damage_taken":11,"max_hp_gain":0,"max_hp_loss":0,"event_name":"World of Goop","floor":2,"gold_loss":0},{"damage_healed":0,"gold_gain":0,"player_choice":"2 cards matched","damage_taken":0,"max_hp_gain":0,"max_hp_loss":0,"event_name":"Match and Keep!","floor":5,"gold_loss":0,"cards_obtained":["Carnage","Jack Of All Trades"]},{"damage_healed":0,"gold_gain":0,"player_choice":"Take Damage","damage_taken":20,"relics_obtained":["Golden Idol"],"max_hp_gain":0,"max_hp_loss":0,"event_name":"Golden Idol","floor":13,"gold_loss":0}],"is_beta":false,"boss_relics":[],"items_purged_floors":[],"is_endless":false,"potions_floor_spawned":[3,11,12],"killed_by":"Hexaghost","ascension_level":1}