{"gold_per_floor":[114,133,133,148,25,25,57,72,72,72,87,116,116,126,126,203,203,203,203,203,51,51,51,51,51,51,51,51,51,5,0,0,0,0,0,0,0,0,0,0,0,0,0,0,0,0,0,0,0,0],"floor_reached":51,"playtime":4198,"items_purged":["Strike_G","Strike_G"],"score":1289,"play_id":"52b66890-45b3-469e-8db3-6fdafef09ae9","local_time":"20190426220938","is_ascension_mode":true,"campfire_choices":[{"data":"Deadly Poison","floor":6.0,"key":"SMITH"},{"floor":10.0,"key":"REST"},{"floor":13.0,"key":"REST"},{"data":"Footwork","floor":15.0,"key":"SMITH"},{"floor":24.0,"key":"REST"},{"floor":29.0,"key":"REST"},{"floor":32.0,"key":"REST"},{"data":"Well Laid Plans","floor":41.0,"key":"SMITH"},{"data":"Reflex","floor":47,"key":"SMITH"},{"data":"Acrobatics","floor":49,"key":"SMITH"}],"neow_cost":"PERCENT_DAMAGE","seed_source_timestamp":1296147343702645,"circlet_count":0,"master_deck":["AscendersBane","Defend_G","Defend_G","Survivor","Neutralize","Prepared","Bouncing Flask","PiercingWail","Deadly Poison+1","Escape Plan","Catalyst","Well Laid Plans+1","Footwork+1","Grand Finale","Reflex+1","Acrobatics+1","Terror+1","Backflip","Acrobatics+1","Backflip","Venomology","Outmaneuver+1","Grand Finale+1","Footwork","Impatience","Dark Shackles","Thinking Ahead","Blade Dance+1","Blade Dance+1"],"special_seed":0,"relics":["Ring of the Snake","Kunai","Gremlin Horn","Juzu Bracelet","Ectoplasm","Ornamental Fan","Bird Faced Urn","Unceasing Top","Astrolabe","Potion Belt","Centennial Puzzle"],"potions_floor_usage":[46,46],"damage_taken":[{"damage":3.0,"enemies":"Jaw Worm","floor":1.0,"turns":5.0},{"damage":1.0,"enemies":"Cultist","floor":2.0,"turns":5.0},{"damage":7.0,"enemies":"Small Slimes","floor":4.0,"turns":4.0},{"damage":15.0,"enemies":"Gremlin Nob","floor":7.0,"turns":4.0},{"damage":0.0,"enemies":"Exordium Thugs","floor":8.0,"turns":7.0},{"damage":10.0,"enemies":"Gremlin Gang","floor":11.0,"turns":5.0},{"damage":20.0,"enemies":"3 Sentries","floor":12.0,"turns":8.0},{"damage":2.0,"enemies":"3 Louse","floor":14.0,"turns":5.0},{"damage":4.0,"enemies":"Hexaghost","floor":16.0,"turns":8.0},{"damage":4.0,"enemies":"Spheric Guardian","floor":18.0,"turns":4.0},{"damage":1.0,"enemies":"Shell Parasite","floor":19.0,"turns":4.0},{"damage":11.0,"enemies":"3 Cultists","floor":20.0,"turns":5.0},{"damage":3.0,"enemies":"Centurion and Healer","floor":22.0,"turns":6.0},{"damage":18.0,"enemies":"Book of Stabbing","floor":23.0,"turns":5.0},{"damage":20.0,"enemies":"Gremlin Leader","floor":25.0,"turns":5.0},{"damage":19.0,"enemies":"Snake Plant","floor":27.0,"turns":4.0},{"damage":0.0,"enemies":"Snecko","floor":28.0,"turns":3.0},{"damage":22.0,"enemies":"Collector","floor":33.0,"turns":5.0},{"damage":0.0,"enemies":"Orb Walker","floor":35.0,"turns":2.0},{"damage":0.0,"enemies":"3 Darklings","floor":36.0,"turns":3.0},{"damage":5.0,"enemies":"Sphere and 2 Shapes","floor":39.0,"turns":3.0},{"damage":0.0,"enemies":"Giant Head","floor":40.0,"turns":6.0},{"damage":0.0,"enemies":"Writhing Mass","floor":42.0,"turns":1.0},{"damage":0.0,"enemies":"3 Darklings","floor":44.0,"turns":3.0},{"damage":9.0,"enemies":"Transient","floor":45.0,"turns":5.0},{"damage":8,"enemies":"4 Shapes","floor":46,"turns":5},{"damage":11,"enemies":"Awakened One","floor":50,"turns":5}],"seed_played":"-1053738535484544892","potions_obtained":[{"floor":1.0,"key":"Regen Potion"},{"floor":7.0,"key":"SneckoOil"},{"floor":11.0,"key":"SteroidPotion"},{"floor":14.0,"key":"GhostInAJar"},{"floor":19.0,"key":"GhostInAJar"},{"floor":25.0,"key":"SmokeBomb"},{"floor":33.0,"key":"PowerPotion"},{"floor":45.0,"key":"SkillPotion"}],"is_trial":false,"path_per_floor":["M","M","?","M","$","R","E","M","T","R","M","E","R","M","R","B",null,"M","M","M","$","M","E","R","E","T","M","M","R","$","?","R","B",null,"M","M","?","?","M","E","R","M","T","M","M","M","R","$","R","B",null],"character_chosen":"THE_SILENT","items_purchased":["Deadly Poison","Swift Potion","Backflip"],"campfire_rested":5,"item_purchase_floors":[5,21,30],"current_hp_per_floor":[41,40,40,33,33,33,32,32,32,51,41,21,40,38,38,34,58,54,53,42,42,39,21,40,20,20,5,7,26,26,26,45,27,56,60,66,66,56,53,59,59,59,59,63,59,57,57,57,57,52],"gold":0,"neow_bonus":"REMOVE_TWO","is_prod":false,"is_daily":false,"chose_seed":false,"campfire_upgraded":5,"win_rate":0,"timestamp":1556284178,"path_taken":["M","M","?","?","$","R","E","M","T","R","M","E","R","M","R","BOSS","M","M","M","$","M","E","R","E","T","M","M","R","?","?","R","BOSS","M","M","?","?","M","E","R","M","T","M","M","M","R","$","R","BOSS"],"build_version":"2019-01-23","purchased_purges":2,"victory":true,"max_hp_per_floor":[66,66,66,66,66,66,66,66,66,66,66,66,66,66,66,66,66,66,66,66,66,66,66,66,66,66,66,66,66,66,66,66,66,66,66,66,66,66,66,66,66,66,66,66,66,66,66,66,66,66],"card_choices":[{"not_picked":["All Out Attack","Distraction"],"picked":"Prepared","floor":1.0},{"not_picked":["Dagger Spray","Cloak And Dagger"],"picked":"Bouncing Flask","floor":2.0},{"not_picked":["Eviscerate","Prepared"],"picked":"PiercingWail","floor":4.0},{"not_picked":["Night Terror","Expertise"],"picked":"Escape Plan","floor":7.0},{"not_picked":["Deadly Poison","Cloak And Dagger"],"picked":"Catalyst","floor":8.0},{"not_picked":["Quick Slash","Bane"],"picked":"Well Laid Plans","floor":11.0},{"not_picked":["Poisoned Stab","Blade Dance"],"picked":"Footwork","floor":12.0},{"not_picked":["Prepared","Poisoned Stab","Envenom"],"picked":"SKIP","floor":14.0},{"not_picked":["Glass Knife","Storm of Steel"],"picked":"Grand Finale","floor":16.0},{"not_picked":["Bane","Deadly Poison"],"picked":"Reflex","floor":18.0},{"not_picked":["All Out Attack","Underhanded Strike"],"picked":"Acrobatics+1","floor":19.0},{"not_picked":["Quick Slash","Bouncing Flask+1"],"picked":"Terror+1","floor":20.0},{"not_picked":["Outmaneuver","Sucker Punch","Infinite Blades"],"picked":"SKIP","floor":22.0},{"not_picked":["Masterful Stab","Heel Hook"],"picked":"Backflip","floor":23.0},{"not_picked":["Reflex","Unload","Deflect"],"picked":"SKIP","floor":25.0},{"not_picked":["Deflect","Dagger Throw","Slice"],"picked":"SKIP","floor":27.0},{"not_picked":["Underhanded Strike+1","Reflex"],"picked":"Acrobatics","floor":28.0},{"not_picked":["Unload","A Thousand Cuts"],"picked":"Venomology","floor":33.0},{"not_picked":["Dagger Throw","Masterful Stab","Poisoned Stab"],"picked":"SKIP","floor":35.0},{"not_picked":["Predator+1","Distraction+1","Leg Sweep"],"picked":"SKIP","floor":36.0},{"not_picked":["Flash of Steel","Deep Breath"],"picked":"Impatience","floor":38.0},{"not_picked":["Bandage Up","PanicButton"],"picked":"Dark Shackles","floor":38.0},{"not_picked":["Swift Strike","Deep Breath"],"picked":"Thinking Ahead","floor":38.0},{"not_picked":["Dodge and Roll+1","Dash","Poisoned Stab"],"picked":"SKIP","floor":39.0},{"not_picked":["Leg Sweep","Endless Agony","Flying Knee"],"picked":"SKIP","floor":40.0},{"not_picked":["Expertise","PiercingWail"],"picked":"Blade Dance+1","floor":44.0},{"not_picked":["Outmaneuver+1","PiercingWail"],"picked":"Blade Dance+1","floor":45.0},{"not_picked":["Outmaneuver","Dagger Throw","Cloak And Dagger"],"picked":"SKIP","floor":46}],"player_experience":708974,"relics_obtained":[{"floor":7.0,"key":"Kunai"},{"floor":9.0,"key":"Gremlin Horn"},{"floor":12.0,"key":"Juzu Bracelet"},{"floor":23.0,"key":"Ornamental Fan"},{"floor":25.0,"key":"Bird Faced Urn"},{"floor":26.0,"key":"Unceasing Top"},{"floor":40.0,"key":"Potion Belt"},{"floor":43.0,"key":"Centennial Puzzle"}],"event_choices":[{"cards_removed":["Strike_G"],"damage_healed":0.0,"max_hp_gain":0.0,"max_hp_loss":0.0,"gold_gain":0.0,"event_name":"Bonfire Elementals","player_choice":"Offered Basic","floor":3.0,"gold_loss":0.0,"damage_taken":0.0},{"damage_healed":0.0,"max_hp_gain":0.0,"max_hp_loss":0.0,"gold_gain":0.0,"event_name":"Masked Bandits","player_choice":"Paid Fearfully","floor":31.0,"gold_loss":5.0,"damage_taken":0.0},{"damage_healed":0.0,"max_hp_gain":0.0,"max_hp_loss":0.0,"gold_gain":0.0,"cards_transformed":["Finisher"],"event_name":"Transmorgrifier","player_choice":"Transformed","floor":37.0,"gold_loss":0.0,"damage_taken":0.0,"cards_obtained":["Footwork"]},{"damage_healed":0.0,"max_hp_gain":0.0,"max_hp_loss":0.0,"gold_gain":0.0,"event_name":"SensoryStone","player_choice":"Memory 3","floor":38.0,"gold_loss":0.0,"damage_taken":10.0}],"is_beta":false,"boss_relics":[{"not_picked":["Fusion Hammer","WristBlade"],"picked":"Ectoplasm"},{"not_picked":["Calling Bell","Coffee Dripper"],"picked":"Astrolabe"}],"items_purged_floors":[5,21],"is_endless":false,"potions_floor_spawned":[1,7,11,14,19,25,33,36,39,45],"ascension_level":14}