{"gold_per_floor":[109,120,120,295,41,41,41,41,41,41,61,94,94,94,94,94],"floor_reached":16,"playtime":1033,"items_purged":["Doubt"],"score":133,"play_id":"0f268187-0e87-4477-9734-97734519f53b","local_time":"20190225220637","is_ascension_mode":true,"campfire_choices":[{"data":"Reinforced Body","floor":6,"key":"SMITH"},{"data":"Zap","floor":8,"key":"SMITH"},{"data":"Coolheaded","floor":10,"key":"SMITH"},{"data":"Dualcast","floor":13,"key":"SMITH"},{"floor":15,"key":"REST"}],"neow_cost":"TEN_PERCENT_HP_LOSS","seed_source_timestamp":750269501055785,"circlet_count":0,"master_deck":["AscendersBane","Strike_B","Defend_B","Defend_B","Defend_B","Defend_B","Zap+1","Dualcast+1","Capacitor","Reinforced Body+1","Coolheaded+1","BootSequence"],"relics":["Cracked Core","Golden Idol","Oddly Smooth Stone","Regal Pillow","Odd Mushroom"],"potions_floor_usage":[16,16],"damage_taken":[{"damage":7,"enemies":"Small Slimes","floor":1,"turns":5},{"damage":2,"enemies":"Jaw Worm","floor":2,"turns":4},{"damage":0,"enemies":"Cultist","floor":11,"turns":4},{"damage":20,"enemies":"The Mushroom Lair","floor":12,"turns":7},{"damage":63,"enemies":"Hexaghost","floor":16,"turns":16}],"seed_played":"1138326617330851282","potions_obtained":[{"floor":1,"key":"FearPotion"},{"floor":2,"key":"Swift Potion"}],"is_trial":false,"path_per_floor":["M","M","?","?","$","R","$","R","T","R","M","?","R","?","R","B"],"character_chosen":"DEFECT","items_purchased":["Oddly Smooth Stone","Coolheaded"],"campfire_rested":1,"item_purchase_floors":[5,5],"current_hp_per_floor":[61,59,59,59,59,59,59,59,59,59,59,39,39,39,63,0],"gold":94,"neow_bonus":"REMOVE_TWO","is_prod":false,"is_daily":false,"chose_seed":false,"campfire_upgraded":4,"win_rate":0,"timestamp":1551128797,"path_taken":["M","M","?","?","$","R","$","R","T","R","?","?","R","?","R","BOSS"],"build_version":"2019-01-23","purchased_purges":1,"victory":false,"max_hp_per_floor":[68,68,63,63,63,63,63,63,63,63,63,63,63,63,63,63],"card_choices":[{"not_picked":["Lockon","Double Energy"],"picked":"Capacitor","floor":1},{"not_picked":["Ball Lightning","Go for the Eyes"],"picked":"Reinforced Body","floor":2},{"not_picked":["Beam Cell","Sweeping Beam"],"picked":"BootSequence","floor":11}],"player_experience":707447,"relics_obtained":[{"floor":9,"key":"Regal Pillow"},{"floor":12,"key":"Odd Mushroom"}],"event_choices":[{"damage_healed":0,"gold_gain":0,"player_choice":"Lose Max HP","damage_taken":0,"relics_obtained":["Golden Idol"],"max_hp_gain":0,"max_hp_loss":5,"event_name":"Golden Idol","floor":3,"gold_loss":0},{"damage_healed":0,"gold_gain":175,"player_choice":"AGREE","damage_taken":0,"max_hp_gain":0,"max_hp_loss":0,"event_name":"Liars Game","floor":4,"gold_loss":0,"cards_obtained":["Doubt"]},{"damage_healed":0,"gold_gain":0,"player_choice":"Fought Mushrooms","damage_taken":0,"max_hp_gain":0,"max_hp_loss":0,"event_name":"Mushrooms","floor":12,"gold_loss":0},{"cards_removed":["Strike_B"],"damage_healed":0,"gold_gain":0,"player_choice":"Forget","damage_taken":0,"max_hp_gain":0,"max_hp_loss":0,"event_name":"Living Wall","floor":14,"gold_loss":0}],"is_beta":false,"boss_relics":[],"items_purged_floors":[5],"is_endless":false,"potions_floor_spawned":[1,2],"killed_by":"Hexaghost","ascension_level":11}