{"gold_per_floor":[99,99,99,99,49,49,49,49,49,49,49,49,49,49,49,49,49,0,0,0,0,0,0,0,0,0,0,0,0,0,0,0,0,0,0,0,0,0,0,0,0,0,0,0,0,0,0,0,0,0],"floor_reached":51,"playtime":9170,"items_purged":[],"score":883,"play_id":"f0dd006d-302e-4bc0-a684-2edf0076cd2e","local_time":"20181228232439","is_ascension_mode":true,"campfire_choices":[{"data":"Neutralize","floor":10,"key":"SMITH"},{"data":"Bouncing Flask","floor":13,"key":"SMITH"},{"floor":15,"key":"REST"},{"floor":25,"key":"REST"},{"floor":28,"key":"REST"},{"data":"Cloak And Dagger","floor":32,"key":"SMITH"},{"floor":41,"key":"REST"},{"floor":45,"key":"REST"},{"floor":49,"key":"REST"}],"neow_cost":"NONE","seed_source_timestamp":5124450711230,"circlet_count":0,"master_deck":["Defend_G","Defend_G","Defend_G","Defend_G","Strike_G","Strike_G+1","Survivor","Neutralize+1","Bouncing Flask+1","Predator+1","Infinite Blades","Crippling Poison","Tools of the Trade","After Image+1","Caltrops+1","Leg Sweep","Quick Slash+1","After Image+1","Prepared+1","A Thousand Cuts+1","Normality","RitualDagger","Blade Dance+1","Footwork+1","Cloak And Dagger+1","Die Die Die","Cloak And Dagger+1","Escape Plan+1","Bouncing Flask","Backflip+1","PiercingWail+1","Normality","Blur","Leg Sweep+1","Cloak And Dagger+1"],"relics":["Ectoplasm","Boot","Pantograph","Ginger","Frozen Egg 2","Cursed Key","Letter Opener","Bottled Tornado","WingedGreaves","Fusion Hammer","StoneCalendar","Matryoshka","Strawberry","Whetstone","PreservedInsect","Snake Skull","Anchor"],"potions_floor_usage":[6,16,16,24,29,31,38,39,42,50,50,50],"damage_taken":[{"damage":0,"enemies":"Small Slimes","floor":1,"turns":4},{"damage":0,"enemies":"Jaw Worm","floor":2,"turns":3},{"damage":4,"enemies":"Cultist","floor":4,"turns":4},{"damage":4,"enemies":"3 Sentries","floor":6,"turns":8},{"damage":11,"enemies":"Exordium Thugs","floor":8,"turns":5},{"damage":12,"enemies":"Gremlin Nob","floor":11,"turns":3},{"damage":10,"enemies":"The Guardian","floor":16,"turns":7},{"damage":11,"enemies":"2 Thieves","floor":18,"turns":4},{"damage":12,"enemies":"Chosen","floor":19,"turns":4},{"damage":6,"enemies":"Sentry and Sphere","floor":20,"turns":4},{"damage":0,"enemies":"Centurion and Healer","floor":22,"turns":7},{"damage":16,"enemies":"Book of Stabbing","floor":23,"turns":5},{"damage":10,"enemies":"Snake Plant","floor":24,"turns":4},{"damage":1,"enemies":"Shelled Parasite and Fungi","floor":29,"turns":6},{"damage":23,"enemies":"Gremlin Leader","floor":30,"turns":5},{"damage":0,"enemies":"Snecko","floor":31,"turns":4},{"damage":5,"enemies":"Champ","floor":33,"turns":8},{"damage":13,"enemies":"3 Shapes","floor":35,"turns":4},{"damage":3,"enemies":"Orb Walker","floor":37,"turns":4},{"damage":12,"enemies":"Spire Growth","floor":38,"turns":5},{"damage":8,"enemies":"Mind Bloom Boss Battle","floor":39,"turns":6},{"damage":0,"enemies":"Giant Head","floor":40,"turns":7},{"damage":12,"enemies":"Reptomancer","floor":42,"turns":5},{"damage":0,"enemies":"Maw","floor":44,"turns":6},{"damage":0,"enemies":"Giant Head","floor":46,"turns":7},{"damage":18,"enemies":"4 Shapes","floor":47,"turns":3},{"damage":16,"enemies":"Nemesis","floor":48,"turns":5},{"damage":12,"enemies":"Donu and Deca","floor":50,"turns":8}],"seed_played":"1898391567645343463","potions_obtained":[{"floor":1,"key":"PowerPotion"},{"floor":4,"key":"EssenceOfSteel"},{"floor":8,"key":"Dexterity Potion"},{"floor":19,"key":"Ancient Potion"},{"floor":22,"key":"Fire Potion"},{"floor":23,"key":"AttackPotion"},{"floor":29,"key":"SteroidPotion"},{"floor":30,"key":"FearPotion"},{"floor":31,"key":"Weak Potion"},{"floor":35,"key":"LiquidBronze"},{"floor":38,"key":"EssenceOfSteel"},{"floor":47,"key":"Dexterity Potion"},{"floor":48,"key":"Explosive Potion"}],"is_trial":false,"path_per_floor":["M","M","?","M","?","E","$","M","T","R","E","T","R","?","R","B",null,"M","M","M","?","M","E","M","R","T","?","R","M","E","M","R","B",null,"M","?","M","M","?","E","R","E","T","M","R","E","M","E","R","B",null],"character_chosen":"THE_SILENT","items_purchased":[],"campfire_rested":6,"item_purchase_floors":[],"current_hp_per_floor":[70,70,70,66,66,62,62,51,51,51,39,39,39,39,60,60,70,59,47,41,41,41,25,15,36,36,30,51,50,27,27,27,47,70,57,57,54,42,59,59,70,65,65,65,77,77,59,43,66,65],"gold":0,"neow_bonus":"BOSS_RELIC","is_prod":false,"is_daily":false,"chose_seed":false,"campfire_upgraded":3,"win_rate":0,"timestamp":1546057479,"path_taken":["M","M","?","M","?","E","?","?","T","R","E","?","R","?","R","BOSS","M","M","?","?","M","E","?","R","T","?","R","M","E","M","R","BOSS","M","?","M","?","?","E","R","E","T","M","R","E","M","E","R","BOSS"],"build_version":"2018-12-20","purchased_purges":0,"victory":true,"max_hp_per_floor":[70,70,70,70,70,70,70,70,70,70,70,70,70,70,70,70,70,70,70,70,70,70,70,70,70,70,70,70,70,70,70,70,70,70,70,70,70,70,70,70,70,77,77,77,77,77,77,77,77,77],"card_choices":[{"not_picked":["Catalyst","Dagger Throw"],"picked":"Bouncing Flask","floor":1},{"not_picked":["Poisoned Stab","Dodge and Roll","Dagger Throw"],"picked":"SKIP","floor":2},{"not_picked":["Deadly Poison","Finisher"],"picked":"Predator","floor":4},{"not_picked":["Reflex","Terror"],"picked":"Infinite Blades","floor":6},{"not_picked":["Concentrate","Terror"],"picked":"Crippling Poison","floor":8},{"not_picked":["Terror","Reflex"],"picked":"Tools of the Trade","floor":11},{"not_picked":["Corpse Explosion","Wraith Form v2+1"],"picked":"After Image+1","floor":16},{"not_picked":["Acrobatics","Deadly Poison"],"picked":"Caltrops+1","floor":18},{"not_picked":["Outmaneuver","Quick Slash+1"],"picked":"Leg Sweep","floor":19},{"not_picked":["Underhanded Strike","Endless Agony"],"picked":"Quick Slash+1","floor":20},{"not_picked":["Setup","Deflect"],"picked":"Prepared+1","floor":22},{"not_picked":["Poisoned Stab","Tactician+1"],"picked":"A Thousand Cuts+1","floor":23},{"not_picked":["Predator","Endless Agony","Heel Hook"],"picked":"SKIP","floor":24},{"not_picked":["Deflect","Slice"],"picked":"Blade Dance+1","floor":29},{"not_picked":["Backflip","Acrobatics"],"picked":"Footwork+1","floor":30},{"not_picked":["Caltrops+1","PiercingWail"],"picked":"Cloak And Dagger","floor":31},{"not_picked":["Unload","Glass Knife"],"picked":"Die Die Die","floor":33},{"not_picked":["Dagger Spray+1","Underhanded Strike"],"picked":"Cloak And Dagger+1","floor":35},{"not_picked":["Concentrate+1","Slice+1"],"picked":"Escape Plan+1","floor":37},{"not_picked":["Underhanded Strike","Slice+1"],"picked":"Bouncing Flask","floor":38},{"not_picked":["Slice+1","Choke"],"picked":"Backflip+1","floor":39},{"not_picked":["Riddle With Holes+1","Acrobatics+1"],"picked":"PiercingWail+1","floor":40},{"not_picked":["Distraction","Flying Knee+1","Tactician"],"picked":"SKIP","floor":42},{"not_picked":["Dagger Spray+1","All Out Attack","Flying Knee"],"picked":"SKIP","floor":44},{"not_picked":["Caltrops+1","Backflip+1"],"picked":"Blur","floor":46},{"not_picked":["Slice","Outmaneuver+1"],"picked":"Leg Sweep+1","floor":47},{"not_picked":["Leg Sweep+1","Underhanded Strike+1"],"picked":"Cloak And Dagger+1","floor":48}],"player_experience":611028,"relics_obtained":[{"floor":6,"key":"Boot"},{"floor":9,"key":"Pantograph"},{"floor":11,"key":"Ginger"},{"floor":12,"key":"Frozen Egg 2"},{"floor":23,"key":"Letter Opener"},{"floor":26,"key":"Bottled Tornado"},{"floor":30,"key":"WingedGreaves"},{"floor":39,"key":"StoneCalendar"},{"floor":40,"key":"Matryoshka"},{"floor":42,"key":"Strawberry"},{"floor":43,"key":"Whetstone"},{"floor":43,"key":"PreservedInsect"},{"floor":46,"key":"Snake Skull"},{"floor":48,"key":"Anchor"}],"event_choices":[{"cards_removed":["Defend_G"],"damage_healed":0,"gold_gain":0,"player_choice":"Forget","damage_taken":0,"max_hp_gain":0,"max_hp_loss":0,"event_name":"Living Wall","floor":3,"gold_loss":0},{"cards_removed":["Strike_G"],"damage_healed":0,"gold_gain":0,"player_choice":"Card Removal","damage_taken":0,"max_hp_gain":0,"max_hp_loss":0,"event_name":"The Cleric","floor":5,"gold_loss":50},{"cards_removed":["Strike_G"],"damage_healed":0,"gold_gain":0,"player_choice":"Card Removal","damage_taken":0,"max_hp_gain":0,"max_hp_loss":0,"event_name":"Wheel of Change","floor":14,"gold_loss":0},{"damage_healed":0,"gold_gain":0,"player_choice":"Copied","damage_taken":0,"max_hp_gain":0,"max_hp_loss":0,"event_name":"Duplicator","floor":21,"gold_loss":0,"cards_obtained":["After Image"]},{"damage_healed":0,"gold_gain":0,"player_choice":"Joined the Cult","damage_taken":6,"max_hp_gain":0,"max_hp_loss":0,"event_name":"Nest","floor":27,"gold_loss":0,"cards_obtained":["RitualDagger"]},{"cards_removed":["Strike_G"],"damage_healed":0,"gold_gain":0,"player_choice":"Purged","damage_taken":0,"max_hp_gain":0,"max_hp_loss":0,"event_name":"Purifier","floor":36,"gold_loss":0},{"damage_healed":0,"gold_gain":0,"player_choice":"Fight","damage_taken":0,"max_hp_gain":0,"max_hp_loss":0,"event_name":"MindBloom","floor":39,"gold_loss":0}],"is_beta":false,"boss_relics":[{"not_picked":["Velvet Choker","Eternal Feather"],"picked":"Cursed Key"},{"not_picked":["Orrery","White Beast Statue"],"picked":"Fusion Hammer"}],"items_purged_floors":[],"is_endless":false,"potions_floor_spawned":[1,4,8,19,22,23,29,30,31,35,37,38,47,48],"ascension_level":1}