{"gold_per_floor":[109,119,33,10,25,59,59,91,91,91,101,115,143,143,143,243,243,254,269,281,281,381,381,187,199,199,199,218,218,236,110,110,213,213,223,236,236,236,336,353,353,364,388,406,425,97,97,110,110,110],"floor_reached":50,"playtime":2867,"items_purged":[],"score":491,"play_id":"c432316c-0e31-428e-85e4-60cdeb42ee55","local_time":"20190415152810","is_ascension_mode":false,"campfire_choices":[{"floor":7,"key":"REST"},{"floor":10,"key":"REST"},{"floor":15,"key":"REST"},{"floor":23,"key":"REST"},{"floor":27,"key":"REST"},{"floor":32,"key":"REST"},{"floor":41,"key":"REST"},{"floor":49,"key":"REST"}],"neow_cost":"NONE","seed_source_timestamp":64785906473900,"circlet_count":0,"master_deck":["Defend_G+1","Defend_G+1","Defend_G+1","Defend_G+1","Strike_G+1","Strike_G+1","Strike_G+1","Strike_G+1","Survivor","Neutralize","Phantasmal Killer","Crippling Poison","Backstab","Bane","Catalyst","Dagger Throw","Cloak And Dagger","Cloak And Dagger","Corpse Explosion","Burst","Deflect","Dodge and Roll","Venomology","Bouncing Flask","Self Repair+1","Cold Snap","Rage","Double Tap","Poisoned Stab+1","Acrobatics+1","Wraith Form v2+1","Bouncing Flask","Sunder","Steam","Catalyst","Flame Barrier","Power Through+1","Master of Strategy","Panacea","Bane+1"],"relics":["Ring of the Snake","Mummified Hand","Question Card","Bag of Preparation","Blue Candle","Tough Bandages","Fusion Hammer","The Specimen","Letter Opener","PrismaticShard","The Courier","Pen Nib","Astrolabe","Du-Vu Doll","Boot","Membership Card","Ninja Scroll","Ancient Tea Set"],"potions_floor_usage":[8,20,22,22,22,25,28,30,33,33,33,39,40,50,50],"damage_taken":[{"damage":5,"enemies":"Small Slimes","floor":1,"turns":6},{"damage":0,"enemies":"Cultist","floor":2,"turns":4},{"damage":0,"enemies":"Jaw Worm","floor":5,"turns":2},{"damage":29,"enemies":"Gremlin Nob","floor":6,"turns":5},{"damage":23,"enemies":"3 Sentries","floor":8,"turns":15},{"damage":0,"enemies":"Exordium Wildlife","floor":11,"turns":3},{"damage":3,"enemies":"2 Fungi Beasts","floor":12,"turns":3},{"damage":25,"enemies":"Gremlin Nob","floor":13,"turns":5},{"damage":30,"enemies":"The Guardian","floor":16,"turns":12},{"damage":17,"enemies":"Spheric Guardian","floor":18,"turns":4},{"damage":0,"enemies":"Shell Parasite","floor":19,"turns":6},{"damage":4,"enemies":"Snake Plant","floor":20,"turns":6},{"damage":18,"enemies":"Colosseum Slavers","floor":22,"turns":5},{"damage":13,"enemies":"Colosseum Nobs","floor":22,"turns":4},{"damage":14,"enemies":"Sentry and Sphere","floor":25,"turns":4},{"damage":0,"enemies":"Centurion and Healer","floor":28,"turns":4},{"damage":5,"enemies":"Snecko","floor":30,"turns":4},{"damage":2,"enemies":"Collector","floor":33,"turns":7},{"damage":1,"enemies":"3 Darklings","floor":35,"turns":3},{"damage":6,"enemies":"Orb Walker","floor":36,"turns":3},{"damage":14,"enemies":"Mind Bloom Boss Battle","floor":39,"turns":7},{"damage":3,"enemies":"Sphere and 2 Shapes","floor":40,"turns":3},{"damage":10,"enemies":"Jaw Worm Horde","floor":42,"turns":2},{"damage":19,"enemies":"4 Shapes","floor":44,"turns":3},{"damage":14,"enemies":"Spire Growth","floor":45,"turns":4},{"damage":11,"enemies":"3 Darklings","floor":48,"turns":3},{"damage":69,"enemies":"Donu and Deca","floor":50,"turns":6}],"seed_played":"-5121514929576807666","potions_obtained":[{"floor":1,"key":"SkillPotion"},{"floor":2,"key":"EssenceOfSteel"},{"floor":12,"key":"Strength Potion"},{"floor":18,"key":"LiquidBronze"},{"floor":22,"key":"LiquidBronze"},{"floor":33,"key":"Ancient Potion"},{"floor":36,"key":"EssenceOfSteel"},{"floor":39,"key":"PowerPotion"}],"is_trial":false,"path_per_floor":["M","M","?","$","M","E","R","E","T","R","M","M","E","?","R","B",null,"M","M","M","?","?","R","$","M","T","R","M","?","M","$","R","B",null,"M","M","?","$","?","M","R","M","T","M","M","$","?","M","R","B"],"character_chosen":"THE_SILENT","items_purchased":["Bane","PrismaticShard","Pen Nib","Membership Card","Ninja Scroll","Ancient Tea Set"],"campfire_rested":8,"item_purchase_floors":[4,24,31,46,46,46],"current_hp_per_floor":[65,65,65,65,65,36,57,34,34,55,55,52,27,50,70,40,70,53,53,49,36,5,27,27,13,13,35,45,45,40,40,62,60,75,74,68,68,68,54,51,73,63,63,54,40,40,40,29,51,0],"gold":110,"neow_bonus":"ONE_RANDOM_RARE_CARD","is_prod":false,"is_daily":false,"chose_seed":false,"campfire_upgraded":0,"win_rate":0,"timestamp":1555356490,"path_taken":["M","M","?","?","?","E","R","E","T","R","M","M","E","?","R","BOSS","M","M","M","?","?","R","?","M","T","R","?","?","M","$","R","BOSS","M","M","?","$","?","M","R","M","T","M","M","$","?","M","R","BOSS"],"build_version":"2019-01-23","purchased_purges":0,"victory":false,"max_hp_per_floor":[70,70,70,70,70,70,70,70,70,70,70,70,70,70,70,70,70,70,70,70,75,75,75,75,75,75,75,75,75,75,75,75,75,75,75,75,75,75,75,75,75,75,75,75,75,75,75,75,75,75],"card_choices":[{"not_picked":["Backflip","PiercingWail"],"picked":"Crippling Poison","floor":1},{"not_picked":["Escape Plan","Sucker Punch"],"picked":"Backstab","floor":2},{"not_picked":["Sucker Punch","Blade Dance"],"picked":"Catalyst","floor":5},{"not_picked":["Acrobatics","Bane"],"picked":"Outmaneuver","floor":6},{"not_picked":["Endless Agony","Slice","A Thousand Cuts"],"picked":"Dagger Throw","floor":8},{"not_picked":["Quick Slash","Skewer","Sucker Punch"],"picked":"Cloak And Dagger","floor":11},{"not_picked":["Bane","PiercingWail","Dagger Spray"],"picked":"Cloak And Dagger","floor":12},{"not_picked":["Riddle With Holes","Backflip","Underhanded Strike"],"picked":"Corpse Explosion","floor":13},{"not_picked":["Glass Knife","Phantasmal Killer","Doppelganger"],"picked":"Burst","floor":16},{"not_picked":["Concentrate","Poisoned Stab","Blade Dance"],"picked":"Deflect","floor":18},{"not_picked":["Sucker Punch","Blade Dance","Poisoned Stab"],"picked":"Dodge and Roll","floor":19},{"not_picked":["Backstab","Prepared","Expertise+1"],"picked":"Venomology","floor":20},{"not_picked":["Acrobatics","Poisoned Stab+1","Underhanded Strike"],"picked":"Bouncing Flask","floor":22},{"not_picked":["Backflip","Coolheaded","Redo"],"picked":"Self Repair+1","floor":25},{"not_picked":["Prepared","Go for the Eyes","Rupture"],"picked":"Cold Snap","floor":28},{"not_picked":["Streamline","Leap+1","Stack"],"picked":"Rage","floor":30},{"not_picked":["Fiend Fire","Meteor Strike","Thunder Strike"],"picked":"Double Tap","floor":33},{"not_picked":["Hemokinesis","Prepared","Cloak And Dagger+1"],"picked":"Bouncing Flask","floor":35},{"not_picked":["Anger+1","Compile Driver+1","Prepared+1"],"picked":"Sunder","floor":36},{"not_picked":["Anger","Riddle With Holes","Defragment+1"],"picked":"Steam","floor":39},{"not_picked":["Defragment+1","Thunderclap+1","Heavy Blade+1"],"picked":"Catalyst","floor":40},{"not_picked":["Perfected Strike+1","Deadly Poison+1","Leap+1"],"picked":"Flame Barrier","floor":42},{"not_picked":["Deadly Poison+1","Acrobatics","Redo+1"],"picked":"Power Through+1","floor":44},{"not_picked":["Well Laid Plans+1","Sucker Punch","Sweeping Beam+1"],"picked":"Master of Strategy","floor":45},{"not_picked":["Dramatic Entrance","Jack Of All Trades","Sadistic Nature"],"picked":"Panacea","floor":47},{"not_picked":["Bouncing Flask","Barrage","Finesse"],"picked":"Bane+1","floor":48}],"player_experience":157530,"relics_obtained":[{"floor":6,"key":"Question Card"},{"floor":8,"key":"Bag of Preparation"},{"floor":9,"key":"Blue Candle"},{"floor":13,"key":"Tough Bandages"},{"floor":22,"key":"The Specimen"},{"floor":22,"key":"Letter Opener"},{"floor":26,"key":"The Courier"},{"floor":39,"key":"Du-Vu Doll"},{"floor":43,"key":"Boot"}],"event_choices":[{"damage_healed":0,"gold_gain":0,"player_choice":"Paid Gold","damage_taken":0,"relics_obtained":["Mummified Hand"],"max_hp_gain":0,"max_hp_loss":0,"event_name":"WeMeetAgain","floor":3,"gold_loss":86},{"damage_healed":23,"gold_gain":0,"player_choice":"Banana","damage_taken":0,"max_hp_gain":0,"max_hp_loss":0,"event_name":"Big Fish","floor":14,"gold_loss":0},{"damage_healed":0,"gold_gain":0,"player_choice":"Shed Blood","damage_taken":18,"max_hp_gain":5,"max_hp_loss":0,"event_name":"Forgotten Altar","floor":21,"gold_loss":0},{"damage_healed":0,"gold_gain":0,"player_choice":"Fight","damage_taken":0,"max_hp_gain":0,"max_hp_loss":0,"event_name":"Colosseum","floor":22,"gold_loss":0},{"damage_healed":0,"gold_gain":0,"player_choice":"Fought Nobs","damage_taken":0,"max_hp_gain":0,"max_hp_loss":0,"event_name":"Colosseum","floor":22,"gold_loss":0},{"damage_healed":0,"gold_gain":0,"player_choice":"Simplicity","damage_taken":0,"max_hp_gain":0,"max_hp_loss":0,"event_name":"Back to Basics","floor":29,"gold_loss":0,"cards_upgraded":["Defend_G","Defend_G","Defend_G","Defend_G","Defend_G","Strike_G","Strike_G","Strike_G","Strike_G","Strike_G"]},{"damage_healed":0,"gold_gain":0,"player_choice":"Ignored","damage_taken":0,"max_hp_gain":0,"max_hp_loss":0,"event_name":"Tomb of Lord Red Mask","floor":37,"gold_loss":0},{"damage_healed":0,"gold_gain":0,"player_choice":"Fight","damage_taken":0,"max_hp_gain":0,"max_hp_loss":0,"event_name":"MindBloom","floor":39,"gold_loss":0},{"damage_healed":0,"gold_gain":0,"player_choice":"Memory 1","damage_taken":0,"max_hp_gain":0,"max_hp_loss":0,"event_name":"SensoryStone","floor":47,"gold_loss":0}],"is_beta":false,"boss_relics":[{"not_picked":["Lizard Tail","Coffee Dripper"],"picked":"Fusion Hammer"},{"not_picked":["Empty Cage","Black Star"],"picked":"Astrolabe"}],"items_purged_floors":[],"is_endless":false,"potions_floor_spawned":[1,2,12,18,22,33,36,39,44,45],"killed_by":"Donu and Deca","ascension_level":0}