{"gold_per_floor":[115,133,158,172,29,29,63,63,63,63,63,63,26,41,41,140,140,152,168,184,184,274,302,18,37,37,136,150,150],"floor_reached":29,"playtime":1211,"items_purged":["Dark Embrace"],"score":243,"play_id":"157c768b-f11a-49ee-9ea1-fc31d0f7e1e3","local_time":"20190425164420","is_ascension_mode":false,"campfire_choices":[{"data":"Searing Blow","floor":6,"key":"SMITH"},{"data":"Searing Blow+1","floor":8,"key":"SMITH"},{"data":"Searing Blow+2","floor":12,"key":"SMITH"},{"data":"Armaments","floor":15,"key":"SMITH"}],"neow_cost":"PERCENT_DAMAGE","seed_source_timestamp":856131744623600,"circlet_count":0,"master_deck":["Strike_R+1","Strike_R+1","Defend_R","Defend_R","Defend_R","Bash","Dropkick","Searing Blow+3","Dual Wield","Armaments+1","Offering","Battle Trance","Uppercut","Blood for Blood","Power Through"],"relics":["Burning Blood","Vajra","Bag of Marbles","Boot","Mummified Hand","Black Star","Potion Belt","Dream Catcher","PrismaticShard","Ice Cream"],"potions_floor_usage":[7,18,23,23],"damage_taken":[{"damage":12,"enemies":"Cultist","floor":1,"turns":5},{"damage":0,"enemies":"Small Slimes","floor":2,"turns":3},{"damage":1,"enemies":"Jaw Worm","floor":4,"turns":3},{"damage":2,"enemies":"3 Sentries","floor":7,"turns":6},{"damage":0,"enemies":"Large Slime","floor":14,"turns":4},{"damage":42,"enemies":"Hexaghost","floor":16,"turns":9},{"damage":5,"enemies":"2 Thieves","floor":18,"turns":4},{"damage":16,"enemies":"3 Byrds","floor":19,"turns":6},{"damage":6,"enemies":"Snecko","floor":20,"turns":2},{"damage":35,"enemies":"Book of Stabbing","floor":23,"turns":4},{"damage":21,"enemies":"Snake Plant","floor":25,"turns":3},{"damage":21,"enemies":"Chosen and Byrds","floor":28,"turns":6},{"damage":12,"enemies":"Sentry and Sphere","floor":29,"turns":3}],"seed_played":"2976030465093625779","potions_obtained":[{"floor":4,"key":"SkillPotion"},{"floor":16,"key":"Fire Potion"},{"floor":18,"key":"GamblersBrew"},{"floor":20,"key":"Regen Potion"}],"is_trial":false,"path_per_floor":["M","M","T","M","$","R","E","R","T","?","$","R","$","M","R","B",null,"M","M","M","?","?","E","$","M","T","?","M","M"],"character_chosen":"IRONCLAD","items_purchased":["Bag of Marbles","Dual Wield","PrismaticShard"],"campfire_rested":0,"item_purchase_floors":[5,13,24],"current_hp_per_floor":[50,56,56,61,61,61,65,65,65,49,49,49,49,55,55,19,80,80,70,70,70,54,37,37,22,22,22,7,0],"gold":150,"neow_bonus":"TRANSFORM_TWO_CARDS","is_prod":false,"is_daily":false,"chose_seed":false,"campfire_upgraded":4,"win_rate":0,"timestamp":1556225060,"path_taken":["M","M","?","M","$","R","E","R","T","?","?","R","$","M","R","BOSS","M","M","M","?","?","E","$","?","T","?","M","M"],"build_version":"2019-01-23","purchased_purges":1,"victory":false,"max_hp_per_floor":[80,80,80,80,80,80,80,80,80,80,80,80,80,80,80,80,80,80,80,80,80,80,80,80,80,80,80,80,80],"card_choices":[{"not_picked":["Headbutt","Feel No Pain","Sentinel"],"picked":"SKIP","floor":1},{"not_picked":["Metallicize","Burning Pact","Cleave"],"picked":"SKIP","floor":2},{"not_picked":["True Grit","Thunderclap","Demon Form"],"picked":"SKIP","floor":4},{"not_picked":["Power Through","Clothesline","Metallicize"],"picked":"SKIP","floor":7},{"not_picked":["Havoc","Thunderclap"],"picked":"Armaments","floor":14},{"not_picked":["Berserk","Dark Embrace"],"picked":"Offering","floor":16},{"not_picked":["Sword Boomerang","Power Through"],"picked":"Battle Trance","floor":18},{"not_picked":["Clothesline","Cleave","Corruption"],"picked":"SKIP","floor":19},{"not_picked":["Warcry","Clash+1"],"picked":"Uppercut","floor":20},{"not_picked":["Anger","Battle Trance","Fiend Fire"],"picked":"SKIP","floor":23},{"not_picked":["Dagger Throw","Beam Cell","Caltrops+1"],"picked":"SKIP","floor":25},{"not_picked":["Flying Knee","Entrench+1"],"picked":"Power Through","floor":28}],"player_experience":240063,"relics_obtained":[{"floor":3,"key":"Vajra"},{"floor":7,"key":"Boot"},{"floor":9,"key":"Mummified Hand"},{"floor":23,"key":"Potion Belt"},{"floor":23,"key":"Dream Catcher"},{"floor":26,"key":"Ice Cream"}],"event_choices":[{"damage_healed":0,"gold_gain":0,"player_choice":"Entered Light","damage_taken":16,"max_hp_gain":0,"max_hp_loss":0,"event_name":"Shining Light","floor":10,"gold_loss":0,"cards_upgraded":["Strike_R","Strike_R"]},{"damage_healed":0,"gold_gain":0,"cards_transformed":["Strike_R","Strike_R"],"player_choice":"Became Test Subject","damage_taken":0,"max_hp_gain":0,"max_hp_loss":0,"event_name":"Drug Dealer","floor":21,"gold_loss":0,"cards_obtained":["Blood for Blood","Dark Embrace"]},{"damage_healed":0,"gold_gain":90,"player_choice":"GOLD ","damage_taken":16,"max_hp_gain":0,"max_hp_loss":0,"event_name":"Knowing Skull","floor":22,"potions_obtained":[],"gold_loss":0,"cards_obtained":[]},{"damage_healed":0,"gold_gain":99,"player_choice":"Stole From Cult","damage_taken":0,"max_hp_gain":0,"max_hp_loss":0,"event_name":"Nest","floor":27,"gold_loss":0}],"is_beta":false,"boss_relics":[{"not_picked":["Orrery","Calling Bell"],"picked":"Black Star"}],"items_purged_floors":[24],"is_endless":false,"potions_floor_spawned":[4,16,18,20],"killed_by":"Sentry and Sphere","ascension_level":0}