{"gold_per_floor":[13,13,30,30,30,71,71,112,112,112,131,131,162,182,182,310,310,335,360,69,69,18,18,32,32],"floor_reached":25,"playtime":985,"items_purged":[],"score":256,"play_id":"d1091bd5-dcd7-4d65-95b4-fe18c90ccb2d","local_time":"20190424200136","is_ascension_mode":true,"campfire_choices":[{"data":"Zap","floor":7,"key":"SMITH"},{"data":"Biased Cognition","floor":10,"key":"SMITH"},{"floor":12,"key":"REST"},{"data":"Creative AI","floor":15,"key":"SMITH"},{"data":"Defragment","floor":23,"key":"SMITH"}],"neow_cost":"NO_GOLD","seed_source_timestamp":846055064309,"circlet_count":0,"master_deck":["Strike_B","Strike_B","Strike_B","Strike_B","Defend_B","Defend_B","Defend_B","Defend_B","Zap+1","Dualcast","Cold Snap","Cold Snap","Biased Cognition+1","Creative AI+1","Capacitor","Seek","Consume","Coolheaded","Defragment+1","Genetic Algorithm","Conserve Battery","Doom and Gloom+1","Storm","Turbo+1"],"relics":["Cracked Core","Ginger","Golden Idol","Dodecahedron","Sundial","Bottled Flame","Letter Opener","Orrery","Bottled Tornado","Toxic Egg 2"],"potions_floor_usage":[16,16],"damage_taken":[{"damage":0,"enemies":"2 Louse","floor":1,"turns":3},{"damage":4,"enemies":"Jaw Worm","floor":3,"turns":3},{"damage":14,"enemies":"Gremlin Nob","floor":6,"turns":4},{"damage":23,"enemies":"Lagavulin","floor":8,"turns":7},{"damage":0,"enemies":"Cultist","floor":11,"turns":2},{"damage":0,"enemies":"3 Sentries","floor":13,"turns":8},{"damage":0,"enemies":"Exordium Thugs","floor":14,"turns":4},{"damage":18,"enemies":"Hexaghost","floor":16,"turns":10},{"damage":16,"enemies":"3 Byrds","floor":18,"turns":5},{"damage":6,"enemies":"Chosen","floor":19,"turns":6},{"damage":18,"enemies":"Shelled Parasite and Fungi","floor":24,"turns":5},{"damage":46,"enemies":"Book of Stabbing","floor":25,"turns":3}],"seed_played":"6196230237200462807","potions_obtained":[{"floor":8,"key":"Swift Potion"},{"floor":11,"key":"AttackPotion"},{"floor":16,"key":"Explosive Potion"}],"is_trial":false,"path_per_floor":["?","?","$","M","?","?"],"character_chosen":"DEFECT","items_purchased":["Bottled Tornado","Storm"],"campfire_rested":1,"item_purchase_floors":[20,20],"current_hp_per_floor":[75,80,76,74,74,60,60,37,37,37,37,59,59,59,59,41,74,58,52,52,52,52,52,34,0],"gold":32,"neow_bonus":"ONE_RARE_RELIC","is_prod":false,"is_daily":false,"chose_seed":false,"campfire_upgraded":4,"win_rate":0,"timestamp":1556110896,"path_taken":["M","?","M","?","?","E","R","E","T","R","?","R","E","M","R","BOSS","M","M","$","?","?","R","M","E"],"build_version":"2019-01-23","purchased_purges":0,"victory":false,"max_hp_per_floor":[75,80,80,74,74,74,74,74,74,74,74,74,74,74,74,74,74,74,74,74,74,74,74,74,74],"card_choices":[{"not_picked":["Hologram","Leap"],"picked":"Cold Snap","floor":1},{"not_picked":["Redo","Rebound","Stack"],"picked":"SKIP","floor":3},{"not_picked":["Turbo","Streamline"],"picked":"Cold Snap","floor":6},{"not_picked":["Hologram","Steam Power"],"picked":"Biased Cognition","floor":8},{"not_picked":["Streamline","Steam","Redo"],"picked":"SKIP","floor":11},{"not_picked":["Steam","FTL"],"picked":"Creative AI","floor":13},{"not_picked":["Gash","Storm"],"picked":"Capacitor","floor":14},{"not_picked":["All For One","Reboot"],"picked":"Seek","floor":16},{"not_picked":["Stack","Streamline"],"picked":"Consume","floor":17},{"not_picked":["Blizzard","Sunder"],"picked":"Coolheaded","floor":17},{"not_picked":["Compile Driver","Conserve Battery"],"picked":"Defragment","floor":17},{"not_picked":["Beam Cell","Doom and Gloom"],"picked":"Genetic Algorithm","floor":17},{"not_picked":["Redo","Consume"],"picked":"Conserve Battery","floor":17},{"not_picked":["Redo","Rebound","Steam"],"picked":"SKIP","floor":18},{"not_picked":["Barrage","Steam+1"],"picked":"Doom and Gloom+1","floor":19},{"not_picked":["Meteor Strike","Steam+1"],"picked":"Turbo+1","floor":24}],"player_experience":41117,"relics_obtained":[{"floor":6,"key":"Dodecahedron"},{"floor":8,"key":"Sundial"},{"floor":9,"key":"Bottled Flame"},{"floor":13,"key":"Letter Opener"}],"event_choices":[{"damage_healed":0,"gold_gain":0,"player_choice":"Donut","damage_taken":0,"max_hp_gain":5,"max_hp_loss":0,"event_name":"Big Fish","floor":2,"gold_loss":0},{"damage_healed":0,"gold_gain":0,"player_choice":"Lose Max HP","damage_taken":0,"relics_obtained":["Golden Idol"],"max_hp_gain":0,"max_hp_loss":6,"event_name":"Golden Idol","floor":4,"gold_loss":0},{"damage_healed":0,"gold_gain":0,"player_choice":"Paid Gold","damage_taken":0,"relics_obtained":["Toxic Egg 2"],"max_hp_gain":0,"max_hp_loss":0,"event_name":"WeMeetAgain","floor":22,"gold_loss":51}],"is_beta":false,"boss_relics":[{"not_picked":["Velvet Choker","Tiny House"],"picked":"Orrery"}],"items_purged_floors":[],"is_endless":false,"potions_floor_spawned":[8,11,16],"killed_by":"Book of Stabbing","ascension_level":1}