{"gold_per_floor":[114,114,39,39,39,4,48,48,130,130,130,151,151,170,170,301,301,320,320,320,320,22,60,95,131,208,208,227,48,48,69,69,192,192,213,236,236,261,261,261],"floor_reached":40,"playtime":2238,"items_purged":["Strike_G","Strike_G"],"score":418,"play_id":"9817b43a-df8d-4aca-844f-fa264f5d54ca","local_time":"20190412075458","is_ascension_mode":false,"campfire_choices":[{"floor":11,"key":"REST"},{"data":"Neutralize","floor":15,"key":"SMITH"},{"floor":30,"key":"REST"},{"floor":32,"key":"REST"}],"neow_cost":"NONE","seed_source_timestamp":74400312352551,"circlet_count":0,"master_deck":["Defend_G","Defend_G+1","Defend_G","Defend_G+1","Defend_G+1","Survivor","Neutralize+1","Poisoned Stab+1","Well Laid Plans+1","Crippling Poison","Flying Knee","Deadly Poison+1","PiercingWail","Escape Plan+1","Crippling Poison+1","Venomology","Wraith Form v2","Footwork","Backstab","Adrenaline","Dodge and Roll+1","Parasite"],"relics":["Ring of the Snake","Juzu Bracelet","Golden Idol","WingedGreaves","Tough Bandages","Ornamental Fan","Happy Flower","Black Star","Nunchaku","Strawberry","Pocketwatch","Red Mask","Incense Burner","War Paint","Shuriken","Eternal Feather"],"potions_floor_usage":[24,24,33,33,36,36,40],"damage_taken":[{"damage":0,"enemies":"Cultist","floor":1,"turns":3},{"damage":21,"enemies":"Gremlin Nob","floor":7,"turns":4},{"damage":0,"enemies":"Small Slimes","floor":12,"turns":4},{"damage":0,"enemies":"2 Louse","floor":14,"turns":2},{"damage":1,"enemies":"Hexaghost","floor":16,"turns":11},{"damage":5,"enemies":"Spheric Guardian","floor":18,"turns":7},{"damage":18,"enemies":"Book of Stabbing","floor":23,"turns":8},{"damage":12,"enemies":"Masked Bandits","floor":24,"turns":5},{"damage":28,"enemies":"Slavers","floor":25,"turns":8},{"damage":0,"enemies":"Shell Parasite","floor":28,"turns":6},{"damage":0,"enemies":"Centurion and Healer","floor":31,"turns":8},{"damage":16,"enemies":"Automaton","floor":33,"turns":9},{"damage":25,"enemies":"3 Darklings","floor":35,"turns":13},{"damage":1,"enemies":"Orb Walker","floor":36,"turns":6},{"damage":6,"enemies":"Writhing Mass","floor":38,"turns":7},{"damage":48,"enemies":"Reptomancer","floor":40,"turns":9}],"seed_played":"-3829729750841388","potions_obtained":[{"floor":14,"key":"SpeedPotion"},{"floor":18,"key":"Ancient Potion"},{"floor":20,"key":"AttackPotion"},{"floor":23,"key":"Dexterity Potion"},{"floor":36,"key":"Fire Potion"}],"is_trial":false,"path_per_floor":["?","?","?","?","?","?","?","?","?","?","?","?","?","?"],"character_chosen":"THE_SILENT","items_purchased":["Nunchaku","Footwork"],"campfire_rested":3,"item_purchase_floors":[22,29],"current_hp_per_floor":[70,70,70,53,46,63,42,42,42,28,49,49,49,49,49,48,70,65,65,65,70,70,59,47,19,19,19,19,19,42,42,65,49,77,52,51,51,45,45,0],"gold":261,"neow_bonus":"RANDOM_COMMON_RELIC","is_prod":false,"is_daily":false,"chose_seed":false,"campfire_upgraded":1,"win_rate":0,"timestamp":1555030498,"path_taken":["M","?","$","?","?","?","E","?","T","?","R","M","?","M","R","BOSS","M","?","?","?","$","E","?","E","T","?","M","$","R","M","R","BOSS","M","M","?","M","?","E"],"build_version":"2019-01-23","purchased_purges":2,"victory":false,"max_hp_per_floor":[70,70,70,70,70,70,70,70,70,70,70,70,70,70,70,70,70,70,70,70,70,70,77,77,77,77,77,77,77,77,77,77,77,77,77,77,77,77,77,77],"card_choices":[{"not_picked":["Blade Dance","Outmaneuver"],"picked":"Poisoned Stab","floor":1},{"not_picked":["Distraction","Backflip"],"picked":"Well Laid Plans","floor":7},{"not_picked":["Blade Dance","Quick Slash"],"picked":"Crippling Poison","floor":12},{"not_picked":["Eviscerate","All Out Attack"],"picked":"Flying Knee","floor":14},{"not_picked":["Doppelganger","Unload"],"picked":"Wraith Form v2","floor":16},{"not_picked":["Distraction+1","Sucker Punch"],"picked":"Deadly Poison+1","floor":18},{"not_picked":["Riddle With Holes","Underhanded Strike+1"],"picked":"PiercingWail","floor":23},{"not_picked":["Skewer","Blur"],"picked":"Escape Plan+1","floor":24},{"not_picked":["Bouncing Flask","Dodge and Roll"],"picked":"Crippling Poison+1","floor":25},{"not_picked":["Underhanded Strike+1","Slice","Masterful Stab+1"],"picked":"SKIP","floor":28},{"not_picked":["Bouncing Flask","Heel Hook"],"picked":"Backstab","floor":31},{"not_picked":["Envenom","Unload"],"picked":"Adrenaline","floor":33},{"not_picked":["Dagger Throw","Leg Sweep+1"],"picked":"Dodge and Roll+1","floor":35},{"not_picked":["Well Laid Plans","Eviscerate","Sucker Punch+1"],"picked":"SKIP","floor":36},{"not_picked":["Deadly Poison","Reflex","Eviscerate"],"picked":"SKIP","floor":38}],"player_experience":12676,"relics_obtained":[{"floor":7,"key":"Tough Bandages"},{"floor":9,"key":"Ornamental Fan"},{"floor":23,"key":"Strawberry"},{"floor":23,"key":"Pocketwatch"},{"floor":24,"key":"Red Mask"},{"floor":25,"key":"Incense Burner"},{"floor":25,"key":"War Paint"},{"floor":26,"key":"Shuriken"}],"event_choices":[{"damage_healed":0,"gold_gain":0,"player_choice":"Grow","damage_taken":0,"max_hp_gain":0,"max_hp_loss":0,"event_name":"Living Wall","floor":2,"gold_loss":0,"cards_upgraded":["Poisoned Stab"]},{"damage_healed":0,"gold_gain":0,"player_choice":"Take Damage","damage_taken":17,"relics_obtained":["Golden Idol"],"max_hp_gain":0,"max_hp_loss":0,"event_name":"Golden Idol","floor":4,"gold_loss":0},{"damage_healed":0,"gold_gain":0,"player_choice":"Success","damage_taken":7,"relics_obtained":["WingedGreaves"],"max_hp_gain":0,"max_hp_loss":0,"event_name":"Scrap Ooze","floor":5,"gold_loss":0},{"damage_healed":17,"gold_gain":0,"player_choice":"Healed","damage_taken":0,"max_hp_gain":0,"max_hp_loss":0,"event_name":"The Cleric","floor":6,"gold_loss":35},{"cards_removed":["Strike_G"],"damage_healed":0,"gold_gain":0,"player_choice":"Offered Basic","damage_taken":0,"max_hp_gain":0,"max_hp_loss":0,"event_name":"Bonfire Elementals","floor":8,"gold_loss":0},{"damage_healed":0,"gold_gain":0,"player_choice":"Entered Light","damage_taken":14,"max_hp_gain":0,"max_hp_loss":0,"event_name":"Shining Light","floor":10,"gold_loss":0,"cards_upgraded":["Well Laid Plans","Defend_G"]},{"damage_healed":0,"gold_gain":0,"player_choice":"Searched \u00272\u0027 times","damage_taken":0,"relics_obtained":["Happy Flower"],"max_hp_gain":0,"max_hp_loss":0,"event_name":"Dead Adventurer","floor":13,"gold_loss":0},{"damage_healed":0,"gold_gain":0,"player_choice":"Ignored","damage_taken":0,"max_hp_gain":0,"max_hp_loss":0,"event_name":"Vampires","floor":19,"gold_loss":0},{"damage_healed":0,"gold_gain":0,"player_choice":"Got Potions","damage_taken":0,"max_hp_gain":0,"max_hp_loss":0,"event_name":"Lab","floor":20,"gold_loss":0},{"damage_healed":5,"gold_gain":0,"player_choice":"Full Heal","damage_taken":0,"max_hp_gain":0,"max_hp_loss":0,"event_name":"Wheel of Change","floor":21,"gold_loss":0},{"damage_healed":0,"gold_gain":0,"player_choice":"Fought Bandits","damage_taken":0,"max_hp_gain":0,"max_hp_loss":0,"event_name":"Masked Bandits","floor":24,"gold_loss":0},{"damage_healed":0,"gold_gain":0,"cards_transformed":["Strike_G","Strike_G"],"player_choice":"Became Test Subject","damage_taken":0,"max_hp_gain":0,"max_hp_loss":0,"event_name":"Drug Dealer","floor":27,"gold_loss":0,"cards_obtained":["Venomology","Wraith Form v2"]},{"cards_removed":["Wraith Form v2"],"damage_healed":0,"gold_gain":0,"player_choice":"Removed Power","damage_taken":0,"max_hp_gain":0,"max_hp_loss":0,"event_name":"Falling","floor":37,"gold_loss":0},{"damage_healed":0,"gold_gain":0,"player_choice":"Memory 1","damage_taken":0,"max_hp_gain":0,"max_hp_loss":0,"event_name":"SensoryStone","floor":39,"gold_loss":0}],"is_beta":false,"boss_relics":[{"not_picked":["Snecko Eye","Orrery"],"picked":"Black Star"},{"not_picked":["Busted Crown","White Beast Statue"],"picked":"Eternal Feather"}],"items_purged_floors":[3,29],"is_endless":false,"potions_floor_spawned":[14,18,23,36],"killed_by":"Reptomancer","ascension_level":0}