{"gold_per_floor":[11,21,21,37,37,69,87,118,118,118,133,133,133,152,152,248,248,259,277,290,308,308,308],"floor_reached":23,"playtime":5010,"items_purged":[],"score":215,"play_id":"19a18f87-3535-4a4c-8098-9ad3abf3ae71","local_time":"20181228205001","is_ascension_mode":true,"campfire_choices":[{"data":"Neutralize","floor":10,"key":"SMITH"},{"data":"Caltrops","floor":12,"key":"SMITH"},{"data":"Noxious Fumes","floor":15,"key":"SMITH"}],"neow_cost":"NO_GOLD","seed_source_timestamp":100585397823,"circlet_count":0,"master_deck":["Defend_G","Defend_G","Defend_G","Strike_G","Strike_G","Survivor","Neutralize+1","Cloak And Dagger","Well Laid Plans","Caltrops+1","Infinite Blades","Noxious Fumes+1","Envenom","Endless Agony+1","Bouncing Flask+1","Venomology+1","Quick Slash+1"],"relics":["Ring of the Snake","Happy Flower","Darkstone Periapt","Letter Opener","Turnip","Astrolabe","Enchiridion"],"potions_floor_usage":[6,8,16,16,18,19,19,19,20,20,20,21,23,23],"damage_taken":[{"damage":0,"enemies":"Jaw Worm","floor":1,"turns":6},{"damage":0,"enemies":"2 Louse","floor":2,"turns":3},{"damage":0,"enemies":"Cultist","floor":4,"turns":6},{"damage":17,"enemies":"Lagavulin","floor":6,"turns":9},{"damage":0,"enemies":"Exordium Wildlife","floor":7,"turns":6},{"damage":4,"enemies":"3 Sentries","floor":8,"turns":10},{"damage":2,"enemies":"Looter","floor":11,"turns":4},{"damage":5,"enemies":"2 Fungi Beasts","floor":14,"turns":4},{"damage":8,"enemies":"Slime Boss","floor":16,"turns":10},{"damage":10,"enemies":"2 Thieves","floor":18,"turns":4},{"damage":3,"enemies":"Shell Parasite","floor":19,"turns":4},{"damage":21,"enemies":"Cultist and Chosen","floor":20,"turns":6},{"damage":20,"enemies":"Sentry and Sphere","floor":21,"turns":4},{"damage":16,"enemies":"Gremlin Leader","floor":23,"turns":2}],"seed_played":"1267159360776417962","potions_obtained":[{"floor":4,"key":"SteroidPotion"},{"floor":6,"key":"Dexterity Potion"},{"floor":7,"key":"Weak Potion"},{"floor":8,"key":"Energy Potion"},{"floor":16,"key":"Poison Potion"},{"floor":18,"key":"Swift Potion"}],"is_trial":false,"path_per_floor":["M","M","?","M","?","E","M","E","T","R","M","R","T","M","R","B",null,"M","M","M","M","?","E"],"character_chosen":"THE_SILENT","items_purchased":[],"campfire_rested":0,"item_purchase_floors":[],"current_hp_per_floor":[70,70,75,75,75,58,58,54,54,54,52,52,52,47,47,39,75,65,62,41,21,5,0],"gold":308,"neow_bonus":"REMOVE_TWO","is_prod":false,"is_daily":false,"chose_seed":false,"campfire_upgraded":3,"win_rate":0,"timestamp":1546048201,"path_taken":["M","M","?","M","?","E","M","E","T","R","M","R","?","M","R","BOSS","M","?","M","M","?","E"],"build_version":"2018-12-20","purchased_purges":0,"victory":false,"max_hp_per_floor":[70,70,75,75,75,75,75,75,75,75,75,75,75,75,75,75,75,75,75,75,75,75,75],"card_choices":[{"not_picked":["PiercingWail","Flying Knee"],"picked":"Cloak And Dagger","floor":1},{"not_picked":["Sucker Punch","Outmaneuver","Tactician"],"picked":"SKIP","floor":2},{"not_picked":["Finisher","Terror"],"picked":"Well Laid Plans","floor":4},{"not_picked":["All Out Attack","Sucker Punch"],"picked":"Caltrops","floor":6},{"not_picked":["Sucker Punch","Eviscerate"],"picked":"Infinite Blades","floor":7},{"not_picked":["Acrobatics","Skewer","Quick Slash"],"picked":"SKIP","floor":8},{"not_picked":["Deadly Poison","Poisoned Stab","Blade Dance"],"picked":"SKIP","floor":11},{"not_picked":["Dash","Flying Knee"],"picked":"Noxious Fumes","floor":14},{"not_picked":["Burst","Tools of the Trade"],"picked":"Envenom","floor":16},{"not_picked":["Bane","Underhanded Strike+1","Flying Knee"],"picked":"SKIP","floor":18},{"not_picked":["Concentrate","Eviscerate","Deflect"],"picked":"SKIP","floor":19},{"not_picked":["Dodge and Roll","Sucker Punch","Acrobatics"],"picked":"SKIP","floor":20},{"not_picked":["Outmaneuver","Slice+1"],"picked":"Quick Slash+1","floor":21}],"player_experience":606018,"relics_obtained":[{"floor":6,"key":"Happy Flower"},{"floor":8,"key":"Darkstone Periapt"},{"floor":9,"key":"Letter Opener"},{"floor":13,"key":"Turnip"},{"floor":22,"key":"Enchiridion"}],"event_choices":[{"damage_healed":0,"gold_gain":0,"player_choice":"Donut","damage_taken":0,"max_hp_gain":5,"max_hp_loss":0,"event_name":"Big Fish","floor":3,"gold_loss":0},{"damage_healed":0,"gold_gain":0,"player_choice":"Leave","damage_taken":0,"max_hp_gain":0,"max_hp_loss":0,"event_name":"The Cleric","floor":5,"gold_loss":0},{"damage_healed":0,"gold_gain":0,"player_choice":"Obtained Book","damage_taken":16,"max_hp_gain":0,"max_hp_loss":0,"event_name":"Cursed Tome","floor":22,"gold_loss":0}],"is_beta":false,"boss_relics":[{"not_picked":["Cursed Key","Calling Bell"],"picked":"Astrolabe"}],"items_purged_floors":[],"is_endless":false,"potions_floor_spawned":[4,6,7,8,16,18,19],"killed_by":"Gremlin Leader","ascension_level":1}