{"gold_per_floor":[367,367,367,52,52,52,63,63,63,38,66,85,85,113,113,216,216,232,332,332,343,362,362,373,405,431,460,476,140,156,66,66,165,165,178,194,47,64,76,76,95,95,176,190,0,12,27,41,41,41],"floor_reached":51,"playtime":2789,"items_purged":["Parasite","Strike_B"],"score":691,"play_id":"e84671de-60ad-410d-9929-55ca57309e04","local_time":"20190411235835","is_ascension_mode":false,"campfire_choices":[{"floor":6,"key":"REST"},{"data":"Go for the Eyes","floor":8,"key":"SMITH"},{"data":"Dualcast","floor":13,"key":"SMITH"},{"data":"Capacitor","floor":15,"key":"SMITH"},{"data":"Genetic Algorithm","floor":23,"key":"SMITH"},{"floor":32,"key":"REST"},{"data":"Defragment","floor":40,"key":"SMITH"},{"data":"Defragment","floor":42,"key":"SMITH"},{"floor":49,"key":"REST"}],"neow_cost":"CURSE","seed_source_timestamp":45260580839540,"circlet_count":0,"master_deck":["Strike_B","Strike_B+1","Defend_B+1","Defend_B","Defend_B","Defend_B","Zap+1","Dualcast+1","Go for the Eyes+1","Glacier+1","Conserve Battery","Ball Lightning+1","Compile Driver","Capacitor+1","Electrodynamics","Ball Lightning+1","Self Repair","Cold Snap+1","Genetic Algorithm+1","Defragment+1","Hologram","Defragment+1","Storm","White Noise","Amplify","Doom and Gloom+1","Coolheaded","Barrage+1","Consume","Conserve Battery+1","Creative AI","Coolheaded+1"],"relics":["Cracked Core","Ice Cream","Boot","Gambling Chip","Mercury Hourglass","Odd Mushroom","Runic Pyramid","Mango","Question Card","Bag of Preparation","Whetstone","Blood Vial","Bag of Marbles","Philosopher\u0027s Stone","Bottled Flame","Red Mask"],"potions_floor_usage":[19,30,33,50],"damage_taken":[{"damage":12,"enemies":"Small Slimes","floor":1,"turns":3},{"damage":0,"enemies":"2 Louse","floor":7,"turns":2},{"damage":12,"enemies":"3 Sentries","floor":11,"turns":9},{"damage":0,"enemies":"Jaw Worm","floor":12,"turns":2},{"damage":10,"enemies":"The Mushroom Lair","floor":14,"turns":3},{"damage":16,"enemies":"Hexaghost","floor":16,"turns":10},{"damage":0,"enemies":"Shell Parasite","floor":18,"turns":5},{"damage":13,"enemies":"Colosseum Slavers","floor":19,"turns":2},{"damage":21,"enemies":"Colosseum Nobs","floor":19,"turns":4},{"damage":7,"enemies":"Spheric Guardian","floor":21,"turns":4},{"damage":7,"enemies":"Centurion and Healer","floor":22,"turns":4},{"damage":6,"enemies":"Sentry and Sphere","floor":24,"turns":4},{"damage":18,"enemies":"Gremlin Leader","floor":25,"turns":5},{"damage":38,"enemies":"Book of Stabbing","floor":27,"turns":7},{"damage":7,"enemies":"3 Cultists","floor":28,"turns":3},{"damage":18,"enemies":"Centurion and Healer","floor":30,"turns":3},{"damage":26,"enemies":"Automaton","floor":33,"turns":9},{"damage":1,"enemies":"3 Shapes","floor":35,"turns":2},{"damage":0,"enemies":"Orb Walker","floor":36,"turns":3},{"damage":3,"enemies":"Maw","floor":38,"turns":7},{"damage":21,"enemies":"Spire Growth","floor":39,"turns":4},{"damage":0,"enemies":"Sphere and 2 Shapes","floor":41,"turns":5},{"damage":24,"enemies":"4 Shapes","floor":44,"turns":3},{"damage":1,"enemies":"Jaw Worm Horde","floor":46,"turns":3},{"damage":46,"enemies":"Writhing Mass","floor":47,"turns":6},{"damage":5,"enemies":"4 Shapes","floor":48,"turns":3},{"damage":43,"enemies":"Time Eater","floor":50,"turns":9}],"seed_played":"5079251312970753890","potions_obtained":[{"floor":1,"key":"Dexterity Potion"},{"floor":12,"key":"SpeedPotion"},{"floor":16,"key":"PowerPotion"},{"floor":22,"key":"EssenceOfSteel"},{"floor":30,"key":"EssenceOfSteel"},{"floor":35,"key":"SpeedPotion"},{"floor":41,"key":"GamblersBrew"},{"floor":44,"key":"Swift Potion"}],"is_trial":false,"path_per_floor":["?","?","?","$","M","?","?","?","?","M","?"],"character_chosen":"DEFECT","items_purchased":["Ice Cream","Conserve Battery","Storm","White Noise","Bag of Marbles","Coolheaded"],"campfire_rested":3,"item_purchase_floors":[4,10,29,29,29,37],"current_hp_per_floor":[63,63,48,48,41,63,63,63,63,63,51,51,51,41,41,25,75,75,55,84,84,84,84,85,74,74,43,45,45,29,29,54,37,86,85,86,86,86,72,72,81,81,81,66,66,67,30,27,52,18],"gold":41,"neow_bonus":"TWO_FIFTY_GOLD","is_prod":false,"is_daily":false,"chose_seed":false,"campfire_upgraded":6,"win_rate":0.0,"timestamp":1555001915,"path_taken":["M","?","?","$","?","R","M","R","T","?","E","?","R","?","R","BOSS","M","?","?","M","M","R","M","E","T","E","M","$","M","?","R","BOSS","M","M","$","?","M","R","M","R","T","M","?","M","M","M","R","BOSS"],"build_version":"2019-01-23","purchased_purges":2,"victory":true,"max_hp_per_floor":[75,75,75,75,75,75,75,75,75,75,75,75,75,75,75,75,75,75,89,89,89,89,89,89,89,89,89,89,86,86,86,86,86,86,86,86,86,86,86,86,86,86,86,86,86,86,86,86,86,86],"card_choices":[{"not_picked":["Force Field","Fusion"],"picked":"Go for the Eyes","floor":1},{"not_picked":["Steam","Cold Snap"],"picked":"Glacier","floor":7},{"not_picked":["Capacitor","Aggregate"],"picked":"Ball Lightning","floor":11},{"not_picked":["Lockon","Redo","Compile Driver"],"picked":"SKIP","floor":12},{"not_picked":["Lockon","Redo"],"picked":"Compile Driver","floor":12},{"not_picked":["Gash","Go for the Eyes"],"picked":"Capacitor","floor":14},{"not_picked":["Fission","All For One"],"picked":"Electrodynamics","floor":16},{"not_picked":["Steam","Leap"],"picked":"Ball Lightning+1","floor":18},{"not_picked":["Compile Driver","Auto Shields+1"],"picked":"Self Repair","floor":19},{"not_picked":["Blizzard","Beam Cell","Hello World"],"picked":"Cold Snap","floor":21},{"not_picked":["Streamline","Double Energy","Amplify"],"picked":"Genetic Algorithm","floor":22},{"not_picked":["Reprogram","Beam Cell+1","Ball Lightning","Compile Driver"],"picked":"SKIP","floor":24},{"not_picked":["Blizzard+1","Hello World","Loop"],"picked":"Defragment","floor":25},{"not_picked":["Steam","Compile Driver","Lockon"],"picked":"Hologram","floor":27},{"not_picked":["Sweeping Beam","Lockon","Leap+1"],"picked":"Defragment","floor":28},{"not_picked":["Gash","Redo","Lockon","Sweeping Beam"],"picked":"SKIP","floor":30},{"not_picked":["Thunder Strike","Electrodynamics","Biased Cognition"],"picked":"Amplify","floor":33},{"not_picked":["Streamline+1","Beam Cell+1","Steam Power","Reprogram"],"picked":"SKIP","floor":35},{"not_picked":["Cold Snap+1","Double Energy+1","Conserve Battery+1"],"picked":"Doom and Gloom+1","floor":36},{"not_picked":["Gash","Sweeping Beam","Leap+1"],"picked":"Barrage+1","floor":38},{"not_picked":["Compile Driver+1","Storm+1","Melter"],"picked":"Consume","floor":39},{"not_picked":["Gash+1","BootSequence+1","Coolheaded","Consume+1"],"picked":"SKIP","floor":41},{"not_picked":["Gash+1","BootSequence+1","Coolheaded","Consume+1"],"picked":"SKIP","floor":41},{"not_picked":["Gash+1","Capacitor+1","Sweeping Beam"],"picked":"Conserve Battery+1","floor":44},{"not_picked":["White Noise+1","Hello World+1","Capacitor+1"],"picked":"Creative AI","floor":46},{"not_picked":["Conserve Battery","Hello World","FTL+1","Compile Driver+1"],"picked":"SKIP","floor":47},{"not_picked":["BootSequence","Gash+1","Leap"],"picked":"Coolheaded+1","floor":48}],"player_experience":7540,"relics_obtained":[{"floor":9,"key":"Gambling Chip"},{"floor":11,"key":"Mercury Hourglass"},{"floor":14,"key":"Odd Mushroom"},{"floor":19,"key":"Mango"},{"floor":19,"key":"Question Card"},{"floor":25,"key":"Bag of Preparation"},{"floor":26,"key":"Whetstone"},{"floor":27,"key":"Blood Vial"},{"floor":43,"key":"Bottled Flame"}],"event_choices":[{"damage_healed":0,"gold_gain":0,"player_choice":"Grow","damage_taken":0,"max_hp_gain":0,"max_hp_loss":0,"event_name":"Living Wall","floor":2,"gold_loss":0,"cards_upgraded":["Zap"]},{"damage_healed":0,"gold_gain":0,"player_choice":"Entered Light","damage_taken":15,"max_hp_gain":0,"max_hp_loss":0,"event_name":"Shining Light","floor":3,"gold_loss":0,"cards_upgraded":["Defend_B","Strike_B"]},{"damage_healed":0,"gold_gain":0,"player_choice":"Success","damage_taken":7,"relics_obtained":["Boot"],"max_hp_gain":0,"max_hp_loss":0,"event_name":"Scrap Ooze","floor":5,"gold_loss":0},{"damage_healed":0,"gold_gain":0,"player_choice":"Fought Mushrooms","damage_taken":0,"max_hp_gain":0,"max_hp_loss":0,"event_name":"Mushrooms","floor":14,"gold_loss":0},{"damage_healed":0,"gold_gain":0,"player_choice":"Fight","damage_taken":0,"max_hp_gain":0,"max_hp_loss":0,"event_name":"Colosseum","floor":19,"gold_loss":0},{"damage_healed":0,"gold_gain":0,"player_choice":"Fought Nobs","damage_taken":0,"max_hp_gain":0,"max_hp_loss":0,"event_name":"Colosseum","floor":19,"gold_loss":0},{"damage_healed":29,"gold_gain":0,"player_choice":"Heal","damage_taken":0,"max_hp_gain":0,"max_hp_loss":0,"event_name":"The Library","floor":20,"gold_loss":0},{"cards_removed":["Strike_B"],"damage_healed":0,"gold_gain":0,"player_choice":"Upgrade and Remove","damage_taken":0,"max_hp_gain":0,"max_hp_loss":0,"event_name":"Designer","floor":31,"gold_loss":90,"cards_upgraded":["Glacier"]},{"damage_healed":0,"gold_gain":0,"player_choice":"Paid","damage_taken":0,"relics_obtained":["Red Mask"],"max_hp_gain":0,"max_hp_loss":0,"event_name":"Tomb of Lord Red Mask","floor":45,"gold_loss":190}],"is_beta":false,"boss_relics":[{"not_picked":["Velvet Choker","Inserter"],"picked":"Runic Pyramid"},{"not_picked":["Snecko Eye","Coffee Dripper"],"picked":"Philosopher\u0027s Stone"}],"items_purged_floors":[29,37],"is_endless":false,"potions_floor_spawned":[1,12,16,18,22,25,30,35,41,44],"ascension_level":0}