{"gold_per_floor":[109,126,126,140,25,25,52,52,100,175,175,195,226,239,239,342,342,356,372,392,408,425,425,451,451,451,451],"floor_reached":27,"playtime":1620,"items_purged":[],"score":282,"play_id":"ea40b58a-aa9c-4d29-862d-727f7f05af23","local_time":"20180915230223","is_ascension_mode":true,"campfire_choices":[{"data":"Defragment","floor":6.0,"key":"SMITH"},{"data":"Zap","floor":11.0,"key":"SMITH"},{"data":"Go for the Eyes","floor":15.0,"key":"SMITH"},{"floor":23,"key":"REST"},{"floor":25,"key":"REST"}],"neow_cost":"NONE","seed_source_timestamp":0,"circlet_count":0,"master_deck":["Zap+1","Dualcast","Glacier","Leap","Go for the Eyes+1","Conserve Battery","Defragment+1","Conserve Battery","Fission","Storm","Hello World","Doom and Gloom","Ball Lightning","Glacier","Ball Lightning","Ball Lightning","Compile Driver","Chaos+1","Leap+1","Consume+1","FTL","Rainbow"],"special_seed":0,"relics":["Cracked Core","Vajra","Anchor","Blue Candle","Pandora\u0027s Box","Bottled Lightning","Kunai"],"potions_floor_usage":[24,24],"damage_taken":[{"damage":0.0,"enemies":"Cultist","floor":1.0,"turns":3.0},{"damage":1.0,"enemies":"Jaw Worm","floor":2.0,"turns":3.0},{"damage":0.0,"enemies":"Small Slimes","floor":4.0,"turns":4.0},{"damage":0.0,"enemies":"2 Fungi Beasts","floor":12.0,"turns":5.0},{"damage":13.0,"enemies":"3 Sentries","floor":13.0,"turns":9.0},{"damage":5.0,"enemies":"Exordium Wildlife","floor":14.0,"turns":5.0},{"damage":38.0,"enemies":"Slime Boss","floor":16.0,"turns":16.0},{"damage":0.0,"enemies":"2 Thieves","floor":18.0,"turns":3.0},{"damage":0.0,"enemies":"3 Byrds","floor":19.0,"turns":3.0},{"damage":15.0,"enemies":"Centurion and Healer","floor":20.0,"turns":4.0},{"damage":1.0,"enemies":"Snake Plant","floor":21.0,"turns":4.0},{"damage":11.0,"enemies":"3 Cultists","floor":22.0,"turns":5.0},{"damage":70,"enemies":"Gremlin Leader","floor":24,"turns":7},{"damage":38,"enemies":"Book of Stabbing","floor":27,"turns":5}],"seed_played":"5678575642033717779","potions_obtained":[{"floor":4.0,"key":"PowerPotion"},{"floor":16.0,"key":"SkillPotion"},{"floor":19.0,"key":"Energy Potion"},{"floor":22,"key":"SteroidPotion"}],"is_trial":false,"path_per_floor":["M","M","?","M","$","R","T","$","T","?","R","M","E","M","R","B",null,"M","M","M","M","M","R","E","R","T"],"character_chosen":"DEFECT","items_purchased":["Defragment","Conserve Battery"],"campfire_rested":2,"item_purchase_floors":[5,5],"current_hp_per_floor":[82,81,81,81,81,81,81,81,81,70,70,70,57,52,52,14,82,82,82,67,66,55,79,9,33,33,0],"gold":451,"neow_bonus":"TEN_PERCENT_HP_BONUS","is_prod":false,"is_daily":false,"chose_seed":false,"campfire_upgraded":3,"win_rate":0,"timestamp":1537066943,"path_taken":["M","M","?","?","$","R","?","$","T","?","R","M","E","?","R","BOSS","M","M","?","?","M","R","E","R","T","E"],"build_version":"2018-09-06","purchased_purges":0,"victory":false,"max_hp_per_floor":[82,82,82,82,82,82,82,82,82,82,82,82,82,82,82,82,82,82,82,82,82,82,82,82,82,82,82],"card_choices":[{"not_picked":["Rebound","Undo"],"picked":"Glacier","floor":1.0},{"not_picked":["Redo","Blizzard"],"picked":"Leap","floor":2.0},{"not_picked":["Hello World","Gash"],"picked":"Conserve Battery","floor":4.0},{"not_picked":["Scrape","Recycle","Gash"],"picked":"SKIP","floor":12.0},{"not_picked":["Stack","Hyperbeam","Static Discharge"],"picked":"SKIP","floor":13.0},{"not_picked":["Hello World","Streamline","Beam Cell"],"picked":"SKIP","floor":14.0},{"not_picked":["Seek","Meteor Strike"],"picked":"Fission","floor":16.0},{"not_picked":["Doom and Gloom+1","Turbo"],"picked":"Compile Driver","floor":18.0},{"not_picked":["Steam Power","Rip and Tear"],"picked":"Chaos+1","floor":19.0},{"not_picked":["Go for the Eyes","Rebound"],"picked":"Leap+1","floor":20.0},{"not_picked":["Stack+1","Gash"],"picked":"Consume+1","floor":21.0},{"not_picked":["Steam","Consume"],"picked":"FTL","floor":22},{"not_picked":["Amplify","Streamline+1"],"picked":"Rainbow","floor":24}],"player_experience":115005,"relics_obtained":[{"floor":7.0,"key":"Vajra"},{"floor":9.0,"key":"Anchor"},{"floor":13.0,"key":"Blue Candle"},{"floor":24,"key":"Bottled Lightning"},{"floor":26,"key":"Kunai"}],"event_choices":[{"event_name":"Living Wall","player_choice":"Change","floor":3.0,"damage_taken":0.0},{"event_name":"World of Goop","player_choice":"Gather Gold","floor":10.0,"damage_taken":0.0}],"is_beta":false,"boss_relics":[{"not_picked":["Philosopher\u0027s Stone","Velvet Choker"],"picked":"Pandora\u0027s Box"}],"items_purged_floors":[],"is_endless":false,"potions_floor_spawned":[4,16,19,22],"killed_by":"Book of Stabbing","ascension_level":4}