{"gold_per_floor":[115,115,127,127,144,177,197,213,213,97,108,8,24,39,39,141,141,157,170,183,58,78,78,88,101,101,120,120,133,133,148,148,148],"floor_reached":33,"playtime":9154,"items_purged":["Strike_R","Defend_R","Defend_R"],"score":284,"play_id":"f0725913-b335-43ef-bc6c-4726a2ef7f40","local_time":"20190423215552","is_ascension_mode":false,"campfire_choices":[{"data":"Flex","floor":15,"key":"SMITH"},{"data":"Dual Wield","floor":23,"key":"SMITH"},{"data":"Flex","floor":28,"key":"SMITH"},{"data":"Whirlwind","floor":32,"key":"SMITH"}],"neow_cost":"","seed_source_timestamp":0,"circlet_count":0,"master_deck":["Strike_R","Strike_R","Strike_R","Strike_R","Defend_R","Defend_R","Bash","Flame Barrier","Anger","Anger","Whirlwind+1","Shrug It Off","Seeing Red","Rampage","Flex+1","Shrug It Off","Headbutt","Fiend Fire","Dual Wield+1","Thunderclap+1","Impervious","Anger","Anger","Flex+1","Rage+1"],"special_seed":0,"relics":["Burning Blood","Orichalcum","Magic Flower","Coffee Dripper","Self Forming Clay","StoneCalendar"],"potions_floor_usage":[20,33],"damage_taken":[{"damage":0.0,"enemies":"Small Slimes","floor":1.0,"turns":3.0},{"damage":1.0,"enemies":"Cultist","floor":3.0,"turns":4.0},{"damage":0.0,"enemies":"2 Louse","floor":5.0,"turns":2.0},{"damage":34.0,"enemies":"3 Sentries","floor":6.0,"turns":10.0},{"damage":5.0,"enemies":"Looter","floor":7.0,"turns":2.0},{"damage":1.0,"enemies":"2 Fungi Beasts","floor":8.0,"turns":4.0},{"damage":7.0,"enemies":"Exordium Thugs","floor":11.0,"turns":4.0},{"damage":10.0,"enemies":"Large Slime","floor":13.0,"turns":3.0},{"damage":0.0,"enemies":"2 Fungi Beasts","floor":14.0,"turns":3.0},{"damage":34,"enemies":"The Guardian","floor":16,"turns":11},{"damage":4,"enemies":"3 Byrds","floor":18,"turns":5},{"damage":11,"enemies":"Spheric Guardian","floor":19,"turns":4},{"damage":0,"enemies":"3 Cultists","floor":20,"turns":3},{"damage":30,"enemies":"Snake Plant","floor":22,"turns":4},{"damage":4,"enemies":"Sentry and Sphere","floor":24,"turns":5},{"damage":18,"enemies":"3 Cultists","floor":25,"turns":5},{"damage":22,"enemies":"Centurion and Healer","floor":27,"turns":7},{"damage":15,"enemies":"Snake Plant","floor":29,"turns":2},{"damage":4,"enemies":"Cultist and Chosen","floor":31,"turns":4},{"damage":77,"enemies":"Champ","floor":33,"turns":9}],"seed_played":"-4402536906937985969","potions_obtained":[{"floor":3.0,"key":"AttackPotion"},{"floor":5.0,"key":"FairyPotion"},{"floor":8.0,"key":"SteroidPotion"},{"floor":22,"key":"Fire Potion"}],"is_trial":false,"path_per_floor":["M","?","M","?","M","E","M","M","T","$","M","$","M","M","R","B",null,"M","M","M","$","M","R","M","M","T","M","R","M","?","M","R","B"],"character_chosen":"IRONCLAD","items_purchased":["Rampage"],"campfire_rested":0,"item_purchase_floors":[10],"current_hp_per_floor":[80,80,80,72,78,50,51,56,56,56,58,58,57,66,66,41,80,80,78,80,80,59,59,64,55,55,42,42,36,36,41,41,0],"gold":148,"neow_bonus":"","is_prod":false,"is_daily":false,"chose_seed":false,"campfire_upgraded":4,"win_rate":0.0,"timestamp":1556049352,"path_taken":["M","?","M","?","M","E","M","M","T","$","?","?","M","M","R","BOSS","M","M","?","?","M","R","M","M","T","M","R","M","?","M","R","BOSS"],"build_version":"2019-01-23","purchased_purges":3,"victory":false,"max_hp_per_floor":[80,80,80,80,80,80,80,80,80,80,80,80,80,80,80,80,80,80,80,80,80,80,80,80,80,80,80,80,80,80,80,80,80],"card_choices":[{"not_picked":["Perfected Strike","Intimidate"],"picked":"Flame Barrier","floor":1.0},{"not_picked":["Armaments","Warcry"],"picked":"Anger","floor":3.0},{"not_picked":["Combust","Thunderclap"],"picked":"Anger","floor":5.0},{"not_picked":["Entrench","Shockwave"],"picked":"Whirlwind","floor":6.0},{"not_picked":["Battle Trance","Anger"],"picked":"Shrug It Off","floor":7.0},{"not_picked":["Sever Soul","Warcry"],"picked":"Seeing Red","floor":8.0},{"not_picked":["Sword Boomerang","Corruption"],"picked":"Flex","floor":11.0},{"not_picked":["Fire Breathing","Bloodletting"],"picked":"Shrug It Off","floor":13.0},{"not_picked":["Combust","Anger"],"picked":"Headbutt","floor":14.0},{"not_picked":["Feed","Bludgeon"],"picked":"Fiend Fire","floor":16},{"not_picked":["Cleave","Combust"],"picked":"Dual Wield","floor":18},{"not_picked":["Sword Boomerang","Dropkick"],"picked":"Thunderclap+1","floor":19},{"not_picked":["Thunderclap","Perfected Strike","Searing Blow"],"picked":"SKIP","floor":20},{"not_picked":["Thunderclap","Perfected Strike","Searing Blow"],"picked":"SKIP","floor":20},{"not_picked":["Armaments","Entrench"],"picked":"Impervious","floor":22},{"not_picked":["Shockwave","Armaments"],"picked":"Anger","floor":24},{"not_picked":["Perfected Strike+1","Intimidate"],"picked":"Anger","floor":25},{"not_picked":["Shrug It Off","Perfected Strike+1"],"picked":"Flex","floor":27},{"not_picked":["Shockwave","Flex+1","Body Slam"],"picked":"SKIP","floor":29},{"not_picked":["Double Tap","Body Slam"],"picked":"Rage+1","floor":31}],"player_experience":0,"relics_obtained":[{"floor":6.0,"key":"Orichalcum"},{"floor":9.0,"key":"Magic Flower"},{"floor":26,"key":"Self Forming Clay"}],"event_choices":[{"damage_healed":0.0,"max_hp_gain":0.0,"max_hp_loss":0.0,"gold_gain":0.0,"event_name":"Liars Game","player_choice":"Ignored","floor":2.0,"gold_loss":0.0,"damage_taken":0.0},{"damage_healed":0.0,"max_hp_gain":0.0,"max_hp_loss":0.0,"gold_gain":0.0,"event_name":"Wheel of Change","player_choice":"Damaged","floor":4.0,"gold_loss":0.0,"damage_taken":8.0},{"damage_healed":0,"gold_gain":0,"player_choice":"Gave Potion","damage_taken":0,"relics_obtained":["StoneCalendar"],"max_hp_gain":0,"max_hp_loss":0,"event_name":"WeMeetAgain","floor":30,"gold_loss":0}],"is_beta":false,"boss_relics":[{"not_picked":["Black Blood","Runic Dome"],"picked":"Coffee Dripper"}],"items_purged_floors":[10,12,21],"is_endless":false,"potions_floor_spawned":[3,5,8,11,14,19,22,29],"killed_by":"Champ","ascension_level":0}