{"gold_per_floor":[116,134,134,145,157,157,183,183,253,269,299,36,36,71,71,166,166,179,195,195,214,232,232,157,157,183,183,7,7,24,24,24,119,119,130,130,145,97,115,128,128,161,240,240,287,287,299,377,377,377,377,377,18,48,48],"floor_reached":55,"playtime":2482,"items_purged":["Strike_B","Defend_B"],"score":725,"play_id":"20931d92-75c1-435a-a705-6b9c4d190ae1","local_time":"20190424204316","is_ascension_mode":true,"campfire_choices":[{"data":"Zap","floor":6,"key":"SMITH"},{"floor":13,"key":"REST"},{"data":"Coolheaded","floor":15,"key":"SMITH"},{"data":"Dualcast","floor":23,"key":"SMITH"},{"data":"Barrage","floor":27,"key":"SMITH"},{"data":"Go for the Eyes","floor":29,"key":"SMITH"},{"data":"Conserve Battery","floor":32,"key":"SMITH"},{"data":"White Noise","floor":41,"key":"SMITH"},{"floor":46,"key":"REST"},{"floor":49,"key":"RECALL"},{"data":"Core Surge","floor":52,"key":"SMITH"}],"neow_cost":"NONE","seed_source_timestamp":1850210599087,"circlet_count":0,"master_deck":["Strike_B+1","Defend_B+1","Defend_B","Defend_B","Zap+1","Dualcast+1","Conserve Battery+1","Coolheaded+1","Core Surge+1","Conserve Battery+1","Go for the Eyes+1","Barrage+1","Undo","Ball Lightning","Heatsinks+1","Machine Learning+1","Go for the Eyes+1","Glacier+1","Ball Lightning","Storm+1","Cold Snap+1","Capacitor+1","Auto Shields+1","Biased Cognition+1","Genetic Algorithm+1","White Noise+1","Creative AI+1","Hologram+1","Coolheaded+1","Barrage"],"relics":["Cracked Core","Orichalcum","Incense Burner","Dodecahedron","Pen Nib","Frozen Egg 2","Vajra","Nuclear Battery","Bronze Scales","Shuriken","Lizard Tail","Bag of Marbles","Juzu Bracelet","Du-Vu Doll","Symbiotic Virus","Mummified Hand","War Paint"],"potions_floor_usage":[7,14,16,42,45,50,55,55,55],"damage_taken":[{"damage":3,"enemies":"2 Louse","floor":1,"turns":2},{"damage":0,"enemies":"Jaw Worm","floor":2,"turns":3},{"damage":0,"enemies":"Cultist","floor":4,"turns":3},{"damage":5,"enemies":"2 Fungi Beasts","floor":5,"turns":3},{"damage":14,"enemies":"Lagavulin","floor":7,"turns":6},{"damage":0,"enemies":"Exordium Wildlife","floor":10,"turns":3},{"damage":10,"enemies":"3 Sentries","floor":11,"turns":6},{"damage":0,"enemies":"Gremlin Nob","floor":14,"turns":3},{"damage":18,"enemies":"The Guardian","floor":16,"turns":12},{"damage":0,"enemies":"Chosen","floor":18,"turns":4},{"damage":8,"enemies":"2 Thieves","floor":19,"turns":4},{"damage":0,"enemies":"Sentry and Sphere","floor":21,"turns":4},{"damage":1,"enemies":"Snake Plant","floor":22,"turns":4},{"damage":0,"enemies":"3 Cultists","floor":30,"turns":4},{"damage":23,"enemies":"Champ","floor":33,"turns":10},{"damage":2,"enemies":"Orb Walker","floor":35,"turns":3},{"damage":0,"enemies":"3 Darklings","floor":37,"turns":4},{"damage":0,"enemies":"Maw","floor":39,"turns":7},{"damage":0,"enemies":"4 Shapes","floor":40,"turns":5},{"damage":3,"enemies":"Giant Head","floor":42,"turns":7},{"damage":13,"enemies":"2 Orb Walkers","floor":45,"turns":4},{"damage":9,"enemies":"Spire Growth","floor":47,"turns":4},{"damage":13,"enemies":"Donu and Deca","floor":50,"turns":7},{"damage":64,"enemies":"Shield and Spear","floor":54,"turns":6},{"damage":50,"enemies":"The Heart","floor":55,"turns":5}],"seed_played":"623578830188621759","potions_obtained":[{"floor":2,"key":"SkillPotion"},{"floor":7,"key":"Poison Potion"},{"floor":10,"key":"SpeedPotion"},{"floor":14,"key":"AttackPotion"},{"floor":19,"key":"EssenceOfSteel"},{"floor":22,"key":"Ancient Potion"},{"floor":33,"key":"Regen Potion"},{"floor":42,"key":"SpeedPotion"},{"floor":45,"key":"SpeedPotion"}],"is_trial":false,"path_per_floor":["?","?","?","M","?","T","?","M","?","?","T"],"character_chosen":"DEFECT","items_purchased":["Frozen Egg 2","Ball Lightning","Capacitor+1","Block Potion","Mummified Hand","Barrage","GamblersBrew"],"campfire_rested":2,"item_purchase_floors":[12,12,28,38,53,53,53],"current_hp_per_floor":[72,72,57,57,52,52,38,38,38,38,28,28,50,50,50,32,75,75,67,67,67,66,66,66,66,66,66,66,66,66,66,66,43,75,73,73,73,73,73,73,73,72,72,72,59,75,66,66,66,53,75,75,75,11,0],"gold":48,"neow_bonus":"RANDOM_COMMON_RELIC","is_prod":false,"is_daily":false,"chose_seed":false,"campfire_upgraded":8,"win_rate":0,"timestamp":1556113396,"path_taken":["M","M","?","M","M","R","E","?","T","M","E","$","R","E","R","BOSS","M","M","?","M","?","R","$","?","T","R","$","R","M","?","R","BOSS","M","?","M","$","M","?","R","E","T","?","?","R","M","?","R","BOSS","R","$","E","BOSS"],"build_version":"2019-01-23","purchased_purges":2,"victory":false,"max_hp_per_floor":[75,75,75,75,75,75,75,75,75,75,75,75,75,75,75,75,75,75,75,75,75,75,75,75,75,75,75,75,75,75,75,75,75,75,75,75,75,75,75,75,75,75,75,75,75,75,75,75,75,75,75,75,75,75,75],"card_choices":[{"not_picked":["Steam","Gash"],"picked":"Conserve Battery","floor":1},{"not_picked":["Chaos","Capacitor"],"picked":"Coolheaded","floor":2},{"not_picked":["Double Energy","Conserve Battery"],"picked":"Core Surge","floor":4},{"not_picked":["Redo","Reprogram"],"picked":"Conserve Battery","floor":5},{"not_picked":["Steam","Aggregate"],"picked":"Go for the Eyes","floor":7},{"not_picked":["Compile Driver","Steam"],"picked":"Barrage","floor":10},{"not_picked":["Aggregate","Compile Driver"],"picked":"Undo","floor":11},{"not_picked":["Tempest","Rip and Tear"],"picked":"Heatsinks+1","floor":14},{"not_picked":["Amplify","Core Surge"],"picked":"Machine Learning+1","floor":16},{"not_picked":["Stack","Turbo"],"picked":"Go for the Eyes+1","floor":18},{"not_picked":["Steam Power+1","White Noise"],"picked":"Glacier","floor":19},{"not_picked":["Conserve Battery","Recycle+1"],"picked":"Storm+1","floor":21},{"not_picked":["Barrage","Sweeping Beam"],"picked":"Cold Snap+1","floor":22},{"not_picked":["Conserve Battery","Hello World+1"],"picked":"Auto Shields+1","floor":30},{"not_picked":["Seek","Hyperbeam"],"picked":"Biased Cognition+1","floor":33},{"not_picked":["Conserve Battery+1","Sweeping Beam"],"picked":"Genetic Algorithm+1","floor":35},{"not_picked":["Cold Snap","Streamline+1","Chaos"],"picked":"SKIP","floor":37},{"not_picked":["Ball Lightning","Rebound","Streamline+1"],"picked":"SKIP","floor":39},{"not_picked":["Ball Lightning","Rebound","Streamline+1"],"picked":"SKIP","floor":39},{"not_picked":["Double Energy+1","Fusion"],"picked":"White Noise","floor":40},{"not_picked":["Gash+1","Reinforced Body"],"picked":"Creative AI+1","floor":42},{"not_picked":["Recycle","Leap+1"],"picked":"Hologram+1","floor":45},{"not_picked":["Leap","Compile Driver+1"],"picked":"Coolheaded+1","floor":47},{"not_picked":["Auto Shields","Gash","Cold Snap+1"],"picked":"SKIP","floor":54}],"player_experience":42102,"relics_obtained":[{"floor":7,"key":"Incense Burner"},{"floor":9,"key":"Dodecahedron"},{"floor":11,"key":"Pen Nib"},{"floor":14,"key":"Vajra"},{"floor":26,"key":"Bronze Scales"},{"floor":31,"key":"Shuriken"},{"floor":42,"key":"Juzu Bracelet"},{"floor":45,"key":"Du-Vu Doll"},{"floor":48,"key":"Symbiotic Virus"},{"floor":54,"key":"War Paint"}],"event_choices":[{"damage_healed":0,"gold_gain":0,"player_choice":"Entered Light","damage_taken":15,"max_hp_gain":0,"max_hp_loss":0,"event_name":"Shining Light","floor":3,"gold_loss":0,"cards_upgraded":["Strike_B","Defend_B"]},{"cards_removed":["Strike_B"],"damage_healed":0,"gold_gain":0,"player_choice":"Forget","damage_taken":0,"max_hp_gain":0,"max_hp_loss":0,"event_name":"Living Wall","floor":8,"gold_loss":0},{"damage_healed":0,"gold_gain":0,"player_choice":"Copied","damage_taken":0,"max_hp_gain":0,"max_hp_loss":0,"event_name":"Duplicator","floor":20,"gold_loss":0,"cards_obtained":["Ball Lightning"]},{"cards_removed":["Strike_B"],"damage_healed":0,"gold_gain":0,"player_choice":"Elegance","damage_taken":0,"max_hp_gain":0,"max_hp_loss":0,"event_name":"Back to Basics","floor":25,"gold_loss":0},{"damage_healed":0,"gold_gain":0,"player_choice":"Gave Potion","damage_taken":0,"relics_obtained":["Bag of Marbles"],"max_hp_gain":0,"max_hp_loss":0,"event_name":"WeMeetAgain","floor":36,"gold_loss":0},{"damage_healed":0,"gold_gain":0,"player_choice":"Ignored","damage_taken":0,"max_hp_gain":0,"max_hp_loss":0,"event_name":"Tomb of Lord Red Mask","floor":44,"gold_loss":0},{"damage_healed":0,"gold_gain":0,"player_choice":"Fight","damage_taken":0,"max_hp_gain":0,"max_hp_loss":0,"event_name":"Mysterious Sphere","floor":45,"gold_loss":0}],"is_beta":false,"boss_relics":[{"not_picked":["Black Star","Fusion Hammer"],"picked":"Nuclear Battery"},{"not_picked":["Philosopher\u0027s Stone","Velvet Choker"],"picked":"Lizard Tail"}],"items_purged_floors":[24,28],"is_endless":false,"potions_floor_spawned":[2,7,10,14,19,22,33,39,40,42,45],"killed_by":"The Heart","ascension_level":1}