{"gold_per_floor":[118,118,43,61,73,106,126,126,126,126,139,169,187,206,206,305,305,325,285,304,62,72,72,82,82,128,145,163,163,192,208,208,307,307,317,329,329,375,375,375,183,183,256,156,156,57,75,87,87,87],"floor_reached":50,"playtime":2241,"items_purged":["Pain","Pain"],"score":551,"play_id":"fc0d7413-6e6c-47a5-bba7-58f7d157d132","local_time":"20190415172545","daily_mods":["SealedDeck","Specialized"],"is_ascension_mode":false,"campfire_choices":[{"data":"Envenom","floor":8,"key":"SMITH"},{"data":"Crippling Poison","floor":10,"key":"SMITH"},{"floor":15,"key":"REST"},{"floor":23,"key":"REST"},{"floor":32,"key":"REST"},{"data":"Malaise","floor":40,"key":"SMITH"},{"data":"Adrenaline","floor":42,"key":"SMITH"},{"floor":49,"key":"REST"}],"neow_cost":"","seed_source_timestamp":70402742492900,"circlet_count":0,"master_deck":["Dash+1","Dash+1","Dash+1","Dash+1","Dash+1","Blade Dance+1","Setup+1","Backflip+1","PiercingWail+1","Flying Knee+1","Slice+1","Slice+1","Noxious Fumes+1","Crippling Poison+1","Bane+1","Bouncing Flask+1","Dagger Spray+1","Caltrops+1","Envenom+1","Noxious Fumes+1","Dodge and Roll+1","Adrenaline+1","Terror+1","Bane+1","Malaise+1","Outmaneuver+1","Deadly Poison+1","Necronomicurse","Infinite Blades+1","Poisoned Stab+1","Setup+1","Panacea+1","Noxious Fumes+1","Dash+1","Skewer+1"],"relics":["Ring of the Snake","WarpedTongs","Letter Opener","Ice Cream","WingedGreaves","Sozu","Dodecahedron","Art of War","Necronomicon","Potion Belt","Cursed Key","Incense Burner","Vajra","Sundial","Mark of the Bloom","Lantern"],"potions_floor_usage":[16,16,50,50],"damage_taken":[{"damage":0,"enemies":"Cultist","floor":1,"turns":2},{"damage":0,"enemies":"Small Slimes","floor":4,"turns":2},{"damage":0,"enemies":"2 Louse","floor":5,"turns":2},{"damage":0,"enemies":"3 Sentries","floor":6,"turns":6},{"damage":6,"enemies":"Large Slime","floor":7,"turns":4},{"damage":0,"enemies":"Looter","floor":11,"turns":2},{"damage":11,"enemies":"Lagavulin","floor":12,"turns":4},{"damage":0,"enemies":"Blue Slaver","floor":13,"turns":3},{"damage":1,"enemies":"Large Slime","floor":14,"turns":4},{"damage":14,"enemies":"The Guardian","floor":16,"turns":7},{"damage":2,"enemies":"Spheric Guardian","floor":18,"turns":4},{"damage":3,"enemies":"3 Byrds","floor":20,"turns":4},{"damage":2,"enemies":"Snecko","floor":22,"turns":4},{"damage":10,"enemies":"Centurion and Healer","floor":24,"turns":5},{"damage":4,"enemies":"Cultist and Chosen","floor":27,"turns":4},{"damage":8,"enemies":"Sentry and Sphere","floor":28,"turns":4},{"damage":6,"enemies":"Slavers","floor":30,"turns":4},{"damage":0,"enemies":"Snecko","floor":31,"turns":3},{"damage":18,"enemies":"Automaton","floor":33,"turns":7},{"damage":0,"enemies":"Orb Walker","floor":35,"turns":3},{"damage":0,"enemies":"3 Shapes","floor":36,"turns":4},{"damage":42,"enemies":"2 Orb Walkers","floor":38,"turns":6},{"damage":0,"enemies":"Jaw Worm Horde","floor":47,"turns":3},{"damage":15,"enemies":"Writhing Mass","floor":48,"turns":4},{"damage":54,"enemies":"Awakened One","floor":50,"turns":4}],"seed_played":"7436524118872477434","potions_obtained":[{"floor":4,"key":"LiquidBronze"},{"floor":6,"key":"SkillPotion"},{"floor":11,"key":"EssenceOfSteel"},{"floor":16,"key":"Fire Potion"}],"is_trial":true,"path_per_floor":["M","?","$","M","M","E","M","R","T","R","M","E","M","M","R","B",null,"M","?","M","$","M","R","M","?","T","M","M","?","E","M","R","B",null,"M","M","?","?","?","R","$","R","T","$","?","?","M","M","R","B"],"character_chosen":"THE_SILENT","items_purchased":["Dodecahedron","Vajra","Noxious Fumes"],"campfire_rested":4,"item_purchase_floors":[21,41,41],"current_hp_per_floor":[70,70,70,70,70,70,64,64,64,64,64,53,53,52,70,56,70,68,68,65,65,63,70,60,60,60,56,48,32,26,26,47,29,70,70,70,70,28,61,61,61,61,61,61,61,61,61,46,46,0],"gold":87,"neow_bonus":"","is_prod":false,"is_daily":false,"chose_seed":false,"campfire_upgraded":4,"win_rate":0,"timestamp":1555363545,"path_taken":["M","?","$","?","M","E","M","R","T","R","M","E","M","M","R","BOSS","M","?","M","$","M","R","?","?","T","M","M","?","E","M","R","BOSS","M","M","?","?","?","R","$","R","T","$","?","?","?","M","R","BOSS"],"build_version":"2019-01-23","purchased_purges":2,"victory":false,"max_hp_per_floor":[70,70,70,70,70,70,70,70,70,70,70,70,70,70,70,70,70,70,70,70,70,70,70,70,70,70,70,70,70,70,70,70,70,70,70,70,70,70,61,61,61,61,61,61,61,61,61,61,61,61],"card_choices":[{"not_picked":["Deflect","Cloak And Dagger"],"picked":"Bouncing Flask","floor":1},{"not_picked":["Underhanded Strike","Cloak And Dagger"],"picked":"Dagger Spray","floor":4},{"not_picked":["Quick Slash","Cloak And Dagger"],"picked":"Caltrops","floor":5},{"not_picked":["Skewer","Slice"],"picked":"Envenom","floor":6},{"not_picked":["Expertise","Blur"],"picked":"Noxious Fumes","floor":7},{"not_picked":["Deadly Poison","Quick Slash"],"picked":"Dodge and Roll","floor":11},{"not_picked":["All Out Attack","Endless Agony"],"picked":"Adrenaline","floor":12},{"not_picked":["PiercingWail","Dagger Throw"],"picked":"Terror","floor":13},{"not_picked":["Poisoned Stab","Outmaneuver"],"picked":"Bane","floor":14},{"not_picked":["Storm of Steel","Unload"],"picked":"Malaise","floor":16},{"not_picked":["Poisoned Stab","Underhanded Strike"],"picked":"Outmaneuver+1","floor":18},{"not_picked":["Cloak And Dagger","Escape Plan+1","Outmaneuver"],"picked":"SKIP","floor":20},{"not_picked":["Outmaneuver","Dodge and Roll","Dagger Spray"],"picked":"SKIP","floor":22},{"not_picked":["Dodge and Roll","Cloak And Dagger","Escape Plan"],"picked":"SKIP","floor":24},{"not_picked":["Tactician","Dagger Spray"],"picked":"Deadly Poison","floor":27},{"not_picked":["Deflect","Poisoned Stab","Prepared"],"picked":"SKIP","floor":28},{"not_picked":["Footwork","Setup"],"picked":"Infinite Blades","floor":30},{"not_picked":["Underhanded Strike+1","Cloak And Dagger","Escape Plan"],"picked":"SKIP","floor":31},{"not_picked":["All Out Attack","Leg Sweep"],"picked":"Poisoned Stab+1","floor":35},{"not_picked":["Dagger Spray+1","Backflip"],"picked":"Setup+1","floor":36},{"not_picked":["Bandage Up","Purity"],"picked":"Panacea","floor":37},{"not_picked":["Outmaneuver+1","Dodge and Roll"],"picked":"Dash+1","floor":47},{"not_picked":["Poisoned Stab+1","Dodge and Roll+1"],"picked":"Skewer+1","floor":48}],"player_experience":162370,"relics_obtained":[{"floor":6,"key":"Letter Opener"},{"floor":9,"key":"Ice Cream"},{"floor":12,"key":"WingedGreaves"},{"floor":26,"key":"Art of War"},{"floor":29,"key":"Necronomicon"},{"floor":30,"key":"Potion Belt"},{"floor":38,"key":"Incense Burner"},{"floor":43,"key":"Sundial"}],"event_choices":[{"damage_healed":0,"gold_gain":0,"player_choice":"Rummage","damage_taken":0,"relics_obtained":["WarpedTongs"],"max_hp_gain":0,"max_hp_loss":0,"event_name":"Accursed Blacksmith","floor":2,"gold_loss":0,"cards_obtained":["Pain"]},{"damage_healed":0,"gold_gain":0,"player_choice":"Upgraded Two","damage_taken":0,"max_hp_gain":0,"max_hp_loss":0,"event_name":"Designer","floor":19,"gold_loss":40,"cards_upgraded":["Bouncing Flask","Dash"]},{"damage_healed":0,"gold_gain":0,"player_choice":"Ignored","damage_taken":0,"max_hp_gain":0,"max_hp_loss":0,"event_name":"Beggar","floor":25,"gold_loss":0},{"damage_healed":0,"gold_gain":0,"player_choice":"Obtained Book","damage_taken":16,"max_hp_gain":0,"max_hp_loss":0,"event_name":"Cursed Tome","floor":29,"gold_loss":0},{"damage_healed":0,"gold_gain":0,"player_choice":"Memory 1","damage_taken":0,"max_hp_gain":0,"max_hp_loss":0,"event_name":"SensoryStone","floor":37,"gold_loss":0},{"damage_healed":0,"gold_gain":0,"player_choice":"Fight","damage_taken":0,"max_hp_gain":0,"max_hp_loss":0,"event_name":"Mysterious Sphere","floor":38,"gold_loss":0},{"damage_healed":61,"gold_gain":0,"player_choice":"Heal","damage_taken":0,"max_hp_gain":0,"max_hp_loss":9,"event_name":"The Moai Head","floor":39,"gold_loss":0},{"damage_healed":0,"gold_gain":0,"player_choice":"Upgrade","damage_taken":0,"relics_obtained":["Mark of the Bloom"],"max_hp_gain":0,"max_hp_loss":0,"event_name":"MindBloom","floor":45,"gold_loss":0,"cards_upgraded":["Dash","Dash","Dash","Dash","Blade Dance","Setup","Backflip","PiercingWail","Flying Knee","Slice","Slice","Noxious Fumes","Bane","Dagger Spray","Caltrops","Noxious Fumes","Dodge and Roll","Terror","Bane","Deadly Poison","Infinite Blades","Panacea","Noxious Fumes"]},{"damage_healed":0,"gold_gain":0,"player_choice":"Paid Gold","damage_taken":0,"relics_obtained":["Lantern"],"max_hp_gain":0,"max_hp_loss":0,"event_name":"WeMeetAgain","floor":46,"gold_loss":99}],"is_beta":false,"boss_relics":[{"not_picked":["Astrolabe","Orrery"],"picked":"Sozu"},{"not_picked":["Ring of the Serpent","Philosopher\u0027s Stone"],"picked":"Cursed Key"}],"items_purged_floors":[3,44],"is_endless":false,"potions_floor_spawned":[4,6,11,13,16,18,20,30,33,35,36,38],"killed_by":"Awakened One","ascension_level":0}