{"gold_per_floor":[12,26,42,61,61,61,61,61,61,61,73,101,115,150,150,253,253,273,290,58,78,90,90,123,123,178,178],"floor_reached":27,"playtime":1396,"items_purged":["Strike_G"],"score":285,"play_id":"d703ab65-056e-4102-a47c-50fcad14b177","local_time":"20190414143930","is_ascension_mode":false,"campfire_choices":[{"floor":6,"key":"REST"},{"floor":8,"key":"REST"},{"floor":15,"key":"REST"},{"floor":23,"key":"REST"}],"neow_cost":"NO_GOLD","seed_source_timestamp":17607978977600,"circlet_count":0,"master_deck":["Defend_G","Defend_G","Defend_G","Defend_G","Defend_G","Strike_G","Strike_G","Strike_G","Strike_G","Survivor","Neutralize+1","Phantasmal Killer+1","Riddle With Holes","Dagger Spray","Flying Knee","Predator","Dagger Spray","Dash","Malaise","Setup+1","Quick Slash+1","Dagger Spray+1","Unload"],"relics":["Ring of the Snake","Sundial","Tough Bandages","Odd Mushroom","Pocketwatch","Runic Pyramid","Happy Flower","Bird Faced Urn","Lantern"],"potions_floor_usage":[16,21,24,27],"damage_taken":[{"damage":6,"enemies":"Cultist","floor":1,"turns":4},{"damage":9,"enemies":"Jaw Worm","floor":2,"turns":6},{"damage":4,"enemies":"Small Slimes","floor":3,"turns":4},{"damage":0,"enemies":"2 Fungi Beasts","floor":4,"turns":4},{"damage":3,"enemies":"Lots of Slimes","floor":11,"turns":4},{"damage":20,"enemies":"The Mushroom Lair","floor":12,"turns":4},{"damage":6,"enemies":"Exordium Wildlife","floor":13,"turns":5},{"damage":18,"enemies":"3 Sentries","floor":14,"turns":5},{"damage":0,"enemies":"Slime Boss","floor":16,"turns":7},{"damage":18,"enemies":"2 Thieves","floor":18,"turns":4},{"damage":0,"enemies":"Spheric Guardian","floor":19,"turns":3},{"damage":11,"enemies":"Centurion and Healer","floor":21,"turns":8},{"damage":17,"enemies":"Sentry and Sphere","floor":22,"turns":4},{"damage":41,"enemies":"Slavers","floor":24,"turns":6},{"damage":6,"enemies":"Snake Plant","floor":27,"turns":2}],"seed_played":"-1787404486050485150","potions_obtained":[{"floor":1,"key":"GhostInAJar"},{"floor":12,"key":"EssenceOfSteel"},{"floor":16,"key":"Block Potion"},{"floor":18,"key":"GhostInAJar"}],"is_trial":false,"path_per_floor":["M","M","M","M","?","R","T","R","T","$","M","?","M","E","R","B",null,"M","M","$","M","M","R","E","?","T","M"],"character_chosen":"THE_SILENT","items_purchased":["Happy Flower"],"campfire_rested":4,"item_purchase_floors":[20],"current_hp_per_floor":[64,55,51,51,37,58,58,70,70,70,67,47,41,23,44,44,70,52,52,52,41,24,45,4,4,4,0],"gold":178,"neow_bonus":"THREE_RARE_CARDS","is_prod":false,"is_daily":false,"chose_seed":false,"campfire_upgraded":0,"win_rate":0,"timestamp":1555277970,"path_taken":["M","M","?","M","?","R","?","R","T","$","M","?","M","E","R","BOSS","M","M","$","M","M","R","E","?","T","?"],"build_version":"2019-01-23","purchased_purges":1,"victory":false,"max_hp_per_floor":[70,70,70,70,70,70,70,70,70,70,70,70,70,70,70,70,70,70,70,70,70,70,70,70,70,70,70],"card_choices":[{"not_picked":["Night Terror","Wraith Form v2"],"picked":"Phantasmal Killer","floor":0},{"not_picked":["Flechettes","Outmaneuver"],"picked":"Riddle With Holes","floor":1},{"not_picked":["PiercingWail","Escape Plan"],"picked":"Dagger Spray","floor":2},{"not_picked":["Underhanded Strike","PiercingWail"],"picked":"Flying Knee","floor":3},{"not_picked":["Dagger Throw","Acrobatics"],"picked":"Predator","floor":4},{"not_picked":["Deflect","Riddle With Holes"],"picked":"Dagger Spray","floor":11},{"not_picked":["Bouncing Flask","Predator"],"picked":"Dash","floor":12},{"not_picked":["Crippling Poison","Flying Knee","A Thousand Cuts"],"picked":"SKIP","floor":13},{"not_picked":["Deflect","Dodge and Roll","Prepared"],"picked":"SKIP","floor":14},{"not_picked":["Storm of Steel","Grand Finale"],"picked":"Malaise","floor":16},{"not_picked":["Dagger Spray","Flying Knee"],"picked":"Setup+1","floor":18},{"not_picked":["Sucker Punch+1","Noxious Fumes","PiercingWail"],"picked":"SKIP","floor":19},{"not_picked":["Eviscerate","Dagger Spray"],"picked":"Quick Slash+1","floor":21},{"not_picked":["Flying Knee","Deflect"],"picked":"Dagger Spray+1","floor":22},{"not_picked":["Dodge and Roll","Predator+1"],"picked":"Unload","floor":24}],"player_experience":146408,"relics_obtained":[{"floor":7,"key":"Sundial"},{"floor":9,"key":"Tough Bandages"},{"floor":12,"key":"Odd Mushroom"},{"floor":14,"key":"Pocketwatch"},{"floor":24,"key":"Bird Faced Urn"},{"floor":26,"key":"Lantern"}],"event_choices":[{"damage_healed":0,"gold_gain":0,"player_choice":"Entered Light","damage_taken":14,"max_hp_gain":0,"max_hp_loss":0,"event_name":"Shining Light","floor":5,"gold_loss":0,"cards_upgraded":["Phantasmal Killer","Neutralize"]},{"damage_healed":0,"gold_gain":0,"player_choice":"Fought Mushrooms","damage_taken":0,"max_hp_gain":0,"max_hp_loss":0,"event_name":"Mushrooms","floor":12,"gold_loss":0},{"damage_healed":0,"gold_gain":0,"player_choice":"Ignored","damage_taken":0,"max_hp_gain":0,"max_hp_loss":0,"event_name":"NoteForYourself","floor":25,"gold_loss":0}],"is_beta":false,"boss_relics":[{"not_picked":["Coffee Dripper","Ectoplasm"],"picked":"Runic Pyramid"}],"items_purged_floors":[20],"is_endless":false,"potions_floor_spawned":[1,12,16,18],"killed_by":"Snake Plant","ascension_level":0}