{"gold_per_floor":[111,111,128,143,154,154,174,201,201,201,48,48,78,3,3,108,108,123,136,136],"floor_reached":20,"playtime":966,"items_purged":["Strike_R"],"score":184,"play_id":"706f1b2f-cb14-4781-a98e-039b0e1a96bf","local_time":"20190422161122","is_ascension_mode":false,"campfire_choices":[{"data":"Dual Wield","floor":6,"key":"SMITH"},{"data":"Anger","floor":10,"key":"SMITH"},{"data":"Hemokinesis","floor":12,"key":"SMITH"},{"floor":15,"key":"REST"}],"neow_cost":"NONE","seed_source_timestamp":595202803870400,"circlet_count":0,"master_deck":["Strike_R","Strike_R","Strike_R","Defend_R","Defend_R","Defend_R","Defend_R","Bash","Anger+1","Shrug It Off","Hemokinesis+1","Dual Wield+1","Flame Barrier","Inflame","Fire Breathing","Rage","Barricade","Flame Barrier"],"relics":["Burning Blood","Kunai","Strawberry","Vajra","Runic Pyramid"],"potions_floor_usage":[19,19],"damage_taken":[{"damage":0,"enemies":"2 Louse","floor":1,"turns":3},{"damage":0,"enemies":"Cultist","floor":3,"turns":2},{"damage":6,"enemies":"Jaw Worm","floor":4,"turns":2},{"damage":13,"enemies":"Large Slime","floor":5,"turns":7},{"damage":4,"enemies":"Gremlin Gang","floor":7,"turns":4},{"damage":22,"enemies":"Gremlin Nob","floor":8,"turns":5},{"damage":13,"enemies":"Lagavulin","floor":13,"turns":6},{"damage":66,"enemies":"Hexaghost","floor":16,"turns":9},{"damage":14,"enemies":"2 Thieves","floor":18,"turns":4},{"damage":14,"enemies":"Spheric Guardian","floor":19,"turns":6},{"damage":30,"enemies":"Colosseum Slavers","floor":20,"turns":6},{"damage":37,"enemies":"Colosseum Nobs","floor":20,"turns":5}],"seed_played":"1469553557274374101","potions_obtained":[{"floor":1,"key":"Dexterity Potion"},{"floor":7,"key":"SpeedPotion"},{"floor":16,"key":"SpeedPotion"}],"is_trial":false,"path_per_floor":["M","?","M","M","M","R","M","E","T","R","$","R","E","$","R","B",null,"M","M","?"],"character_chosen":"IRONCLAD","items_purchased":["Fire Breathing","Rage"],"campfire_rested":1,"item_purchase_floors":[11,14],"current_hp_per_floor":[80,80,80,80,73,73,75,59,66,66,66,66,59,59,85,25,87,79,71,10],"gold":136,"neow_bonus":"THREE_CARDS","is_prod":false,"is_daily":false,"chose_seed":false,"campfire_upgraded":3,"win_rate":0,"timestamp":1555963882,"path_taken":["M","?","?","M","M","R","M","E","T","R","?","R","E","$","R","BOSS","M","M","?"],"build_version":"2019-01-23","purchased_purges":1,"victory":false,"max_hp_per_floor":[80,80,80,80,80,80,80,80,87,87,87,87,87,87,87,87,87,87,87,87],"card_choices":[{"not_picked":["Rupture","Perfected Strike"],"picked":"Anger","floor":0},{"not_picked":["Seeing Red","Clash"],"picked":"Shrug It Off","floor":1},{"not_picked":["Perfected Strike","Armaments","Clothesline"],"picked":"SKIP","floor":3},{"not_picked":["Armaments","Twin Strike"],"picked":"Dual Wield","floor":4},{"not_picked":["Twin Strike","Clash"],"picked":"Flame Barrier","floor":5},{"not_picked":["Dropkick","Iron Wave"],"picked":"Inflame","floor":7},{"not_picked":["Heavy Blade","Iron Wave","Combust"],"picked":"SKIP","floor":8},{"not_picked":["Clothesline","Twin Strike","Sentinel"],"picked":"SKIP","floor":13},{"not_picked":["Berserk","Exhume"],"picked":"Barricade","floor":16},{"not_picked":["Heavy Blade+1","Warcry"],"picked":"Flame Barrier","floor":18},{"not_picked":["Rupture","Hemokinesis","Intimidate"],"picked":"SKIP","floor":19}],"player_experience":213978,"relics_obtained":[{"floor":8,"key":"Kunai"},{"floor":9,"key":"Strawberry"},{"floor":13,"key":"Vajra"}],"event_choices":[{"damage_healed":0,"gold_gain":0,"cards_transformed":["Strike_R"],"player_choice":"Transformed","damage_taken":0,"max_hp_gain":0,"max_hp_loss":0,"event_name":"Transmorgrifier","floor":2,"gold_loss":0,"cards_obtained":["Hemokinesis"]},{"damage_healed":0,"gold_gain":0,"player_choice":"Fight","damage_taken":0,"max_hp_gain":0,"max_hp_loss":0,"event_name":"Colosseum","floor":20,"gold_loss":0},{"damage_healed":0,"gold_gain":0,"player_choice":"Fought Nobs","damage_taken":0,"max_hp_gain":0,"max_hp_loss":0,"event_name":"Colosseum","floor":20,"gold_loss":0}],"is_beta":false,"boss_relics":[{"not_picked":["Cursed Key","Eternal Feather"],"picked":"Runic Pyramid"}],"items_purged_floors":[11],"is_endless":false,"potions_floor_spawned":[1,7,16,20],"killed_by":"Colosseum Nobs","ascension_level":0}