{"gold_per_floor":[119,119,119,119,69,69,30,30,30,43,43,57,87,104,104,205,205,224,224,194,205,52,52,52],"floor_reached":24,"playtime":1946,"items_purged":["Strike_B"],"score":298,"play_id":"d19752ce-d379-44ef-a181-40b41b9f2590","local_time":"20190225180731","is_ascension_mode":true,"campfire_choices":[{"data":"Conserve Battery","floor":6,"key":"SMITH"},{"data":"Sunder","floor":8,"key":"SMITH"},{"data":"Consume","floor":15,"key":"SMITH"},{"floor":23,"key":"REST"}],"neow_cost":"NONE","seed_source_timestamp":734991378857239,"circlet_count":0,"master_deck":["AscendersBane","Strike_B+1","Strike_B+1","Defend_B","Defend_B","Defend_B","Defend_B","Zap","Dualcast","Conserve Battery+1","Sunder+1","Chill","Consume+1","Biased Cognition","Cold Snap","Necronomicurse","Leap+1","Self Repair","Coolheaded"],"relics":["Cracked Core","Blood Vial","Blue Candle","Whetstone","The Courier","Snecko Eye","Necronomicon"],"potions_floor_usage":[13,16,24],"damage_taken":[{"damage":0,"enemies":"Small Slimes","floor":1,"turns":3},{"damage":2,"enemies":"Jaw Worm","floor":10,"turns":3},{"damage":0,"enemies":"2 Louse","floor":12,"turns":2},{"damage":14,"enemies":"Gremlin Nob","floor":13,"turns":4},{"damage":0,"enemies":"Red Slaver","floor":14,"turns":2},{"damage":37,"enemies":"Hexaghost","floor":16,"turns":11},{"damage":33,"enemies":"Chosen","floor":18,"turns":5},{"damage":18,"enemies":"2 Thieves","floor":21,"turns":4},{"damage":33,"enemies":"Book of Stabbing","floor":24,"turns":7}],"seed_played":"8847808292791002286","potions_obtained":[{"floor":11,"key":"Block Potion"},{"floor":11,"key":"Dexterity Potion"},{"floor":16,"key":"Ancient Potion"},{"floor":18,"key":"Strength Potion"},{"floor":20,"key":"SteroidPotion"},{"floor":20,"key":"Dexterity Potion"}],"is_trial":false,"path_per_floor":["M","?","?","?","?","R","$","R","T","M","?","M","E","M","R","B",null,"M","?","?","M","$","R","E"],"character_chosen":"DEFECT","items_purchased":["Sunder","Self Repair","Coolheaded"],"campfire_rested":1,"item_purchase_floors":[7,22,22],"current_hp_per_floor":[70,70,63,68,68,68,68,68,68,68,68,70,58,60,60,25,66,35,19,19,3,3,27,0],"gold":52,"neow_bonus":"RANDOM_COMMON_RELIC","is_prod":false,"is_daily":false,"chose_seed":false,"campfire_upgraded":3,"win_rate":0,"timestamp":1551114451,"path_taken":["M","?","?","?","?","R","$","R","T","?","?","M","E","M","R","BOSS","M","?","?","?","$","R","E"],"build_version":"2019-01-23","purchased_purges":1,"victory":false,"max_hp_per_floor":[75,75,75,80,80,80,80,80,80,80,80,80,80,80,80,80,80,80,80,80,80,80,80,80],"card_choices":[{"not_picked":["Turbo","Self Repair"],"picked":"Conserve Battery","floor":1},{"not_picked":["Steam","Hello World","Static Discharge"],"picked":"SKIP","floor":10},{"not_picked":["Streamline","Redo"],"picked":"Chill","floor":12},{"not_picked":["Cold Snap","Fusion"],"picked":"Consume","floor":13},{"not_picked":["Gash","Turbo","Compile Driver"],"picked":"SKIP","floor":14},{"not_picked":["Thunder Strike","Amplify"],"picked":"Biased Cognition","floor":16},{"not_picked":["Stack","Consume"],"picked":"Cold Snap","floor":18},{"not_picked":["Fusion","Rebound+1"],"picked":"Leap+1","floor":21}],"player_experience":692328,"relics_obtained":[{"floor":9,"key":"Whetstone"},{"floor":13,"key":"The Courier"},{"floor":19,"key":"Necronomicon"}],"event_choices":[{"damage_healed":0,"gold_gain":0,"player_choice":"Ignored","damage_taken":0,"max_hp_gain":0,"max_hp_loss":0,"event_name":"Liars Game","floor":2,"gold_loss":0},{"damage_healed":0,"gold_gain":0,"player_choice":"Success","damage_taken":7,"relics_obtained":["Blue Candle"],"max_hp_gain":0,"max_hp_loss":0,"event_name":"Scrap Ooze","floor":3,"gold_loss":0},{"damage_healed":0,"gold_gain":0,"player_choice":"Donut","damage_taken":0,"max_hp_gain":5,"max_hp_loss":0,"event_name":"Big Fish","floor":4,"gold_loss":0},{"cards_removed":["Strike_B"],"damage_healed":0,"gold_gain":0,"player_choice":"Card Removal","damage_taken":0,"max_hp_gain":0,"max_hp_loss":0,"event_name":"The Cleric","floor":5,"gold_loss":50},{"damage_healed":0,"gold_gain":0,"player_choice":"Got Potions","damage_taken":0,"max_hp_gain":0,"max_hp_loss":0,"event_name":"Lab","floor":11,"gold_loss":0},{"damage_healed":0,"gold_gain":0,"player_choice":"Obtained Book","damage_taken":16,"max_hp_gain":0,"max_hp_loss":0,"event_name":"Cursed Tome","floor":19,"gold_loss":0},{"damage_healed":0,"gold_gain":0,"player_choice":"Bought 2 Potions","damage_taken":0,"max_hp_gain":0,"max_hp_loss":0,"event_name":"The Woman in Blue","floor":20,"gold_loss":0}],"is_beta":false,"boss_relics":[{"not_picked":["Runic Pyramid","Velvet Choker"],"picked":"Snecko Eye"}],"items_purged_floors":[22],"is_endless":false,"potions_floor_spawned":[12,16,18],"killed_by":"Book of Stabbing","ascension_level":11}