{"gold_per_floor":[364,364,37,55,73,73,102,102,102,120,139,150,150,150,150,245,245,256,270,270,270,270],"floor_reached":22,"playtime":1259,"items_purged":[],"score":186,"play_id":"9ed85f3a-9d67-4584-a1dc-66f5b0d37db0","local_time":"20190409173227","is_ascension_mode":false,"campfire_choices":[{"floor":6.0,"key":"REST"},{"floor":8.0,"key":"REST"},{"floor":13.0,"key":"REST"},{"data":"Backstab","floor":15.0,"key":"SMITH"}],"neow_cost":"PERCENT_DAMAGE","seed_source_timestamp":0,"circlet_count":0,"master_deck":["Defend_G","Defend_G","Defend_G","Defend_G","Defend_G","Strike_G","Strike_G","Strike_G","Strike_G","Strike_G","Survivor","Neutralize","Poisoned Stab","Backstab+1","Dagger Spray","Distraction","Bane","Terror","Sucker Punch+1","Noxious Fumes","Unload+1","Leg Sweep+1","Dodge and Roll+1"],"special_seed":0,"relics":["Ring of the Snake","GremlinMask","Matryoshka","Kunai","Omamori","Molten Egg 2","Bag of Preparation","Fusion Hammer","Blue Candle"],"potions_floor_usage":[],"damage_taken":[{"damage":0.0,"enemies":"2 Louse","floor":1.0,"turns":6.0},{"damage":0.0,"enemies":"Cultist","floor":4.0,"turns":3.0},{"damage":0.0,"enemies":"Small Slimes","floor":5.0,"turns":3.0},{"damage":34.0,"enemies":"Lagavulin","floor":7.0,"turns":9.0},{"damage":10.0,"enemies":"2 Fungi Beasts","floor":10.0,"turns":4.0},{"damage":1.0,"enemies":"3 Louse","floor":11.0,"turns":2.0},{"damage":5.0,"enemies":"Looter","floor":12.0,"turns":3.0},{"damage":38.0,"enemies":"The Guardian","floor":16.0,"turns":8.0},{"damage":14,"enemies":"Spheric Guardian","floor":18,"turns":4},{"damage":0,"enemies":"3 Byrds","floor":19,"turns":4},{"damage":24,"enemies":"Colosseum Slavers","floor":21,"turns":7},{"damage":1,"enemies":"Centurion and Healer","floor":22,"turns":4}],"seed_played":"2717478832988503946","potions_obtained":[{"floor":10.0,"key":"Poison Potion"},{"floor":11.0,"key":"AttackPotion"}],"is_trial":false,"path_per_floor":["M","?","$","M","M","R","E","R","T","M","M","M","R","?","R","B",null,"M","M","?","?","M"],"character_chosen":"THE_SILENT","items_purchased":["Matryoshka","Backstab"],"campfire_rested":3,"item_purchase_floors":[3,3],"current_hp_per_floor":[49,49,49,49,49,70,36,57,57,47,46,41,62,59,59,21,70,56,56,56,32,31],"gold":270,"neow_bonus":"TWO_FIFTY_GOLD","is_prod":false,"is_daily":false,"chose_seed":false,"campfire_upgraded":1,"win_rate":0.0,"timestamp":1554845547,"path_taken":["M","?","$","M","M","R","E","R","T","?","M","M","R","?","R","BOSS","M","M","?","?","M"],"build_version":"2019-01-23","purchased_purges":0,"victory":false,"max_hp_per_floor":[70,70,70,70,70,70,70,70,70,70,70,70,70,70,70,70,70,70,70,70,70,70],"card_choices":[{"not_picked":["Blade Dance","Blur"],"picked":"Poisoned Stab","floor":1.0},{"not_picked":["Slice","Flechettes"],"picked":"Dagger Spray","floor":4.0},{"not_picked":["Blade Dance","Dodge and Roll"],"picked":"Distraction","floor":5.0},{"not_picked":["Skewer","Deflect"],"picked":"Bane","floor":7.0},{"not_picked":["Blade Dance","Tools of the Trade"],"picked":"Terror","floor":10.0},{"not_picked":["Slice+1","PiercingWail"],"picked":"Sucker Punch+1","floor":11.0},{"not_picked":["Backflip","Dagger Spray+1"],"picked":"Noxious Fumes","floor":12.0},{"not_picked":["Night Terror","After Image"],"picked":"Unload+1","floor":16.0},{"not_picked":["Dagger Throw+1","Heel Hook+1"],"picked":"Leg Sweep+1","floor":18},{"not_picked":["Deflect+1","Prepared"],"picked":"Dodge and Roll+1","floor":19}],"player_experience":85265,"relics_obtained":[{"floor":7.0,"key":"Kunai"},{"floor":9.0,"key":"Omamori"},{"floor":9.0,"key":"Molten Egg 2"}],"event_choices":[{"damage_healed":0.0,"max_hp_gain":0.0,"max_hp_loss":0.0,"gold_gain":0.0,"event_name":"FaceTrader","player_choice":"Trade","floor":2.0,"gold_loss":0.0,"damage_taken":0.0,"relics_obtained":["GremlinMask"]},{"damage_healed":0.0,"max_hp_gain":0.0,"max_hp_loss":0.0,"gold_gain":0.0,"event_name":"Scrap Ooze","player_choice":"Success","floor":14.0,"gold_loss":0.0,"damage_taken":3.0,"relics_obtained":["Bag of Preparation"]},{"damage_healed":0,"gold_gain":0,"player_choice":"Opened","damage_taken":0,"relics_obtained":["Blue Candle"],"max_hp_gain":0,"max_hp_loss":0,"event_name":"The Mausoleum","floor":20,"gold_loss":0},{"damage_healed":0,"gold_gain":0,"player_choice":"Fight","damage_taken":0,"max_hp_gain":0,"max_hp_loss":0,"event_name":"Colosseum","floor":21,"gold_loss":0},{"damage_healed":0,"gold_gain":0,"player_choice":"Fled From Nobs","damage_taken":0,"max_hp_gain":0,"max_hp_loss":0,"event_name":"Colosseum","floor":21,"gold_loss":0}],"is_beta":false,"boss_relics":[{"not_picked":["Velvet Choker","HoveringKite"],"picked":"Fusion Hammer"}],"items_purged_floors":[],"is_endless":false,"potions_floor_spawned":[10,11],"killed_by":"Centurion and Healer","ascension_level":0}