{"gold_per_floor":[113,113,63,63,82,82,114,114,114,74,91,102,102,113,113,214,214,231,231,250,267,278,278],"floor_reached":23,"playtime":2325,"items_purged":[],"score":290,"play_id":"8f96c879-1a73-46a5-81ab-4a24c84591dc","local_time":"20181229024742","is_ascension_mode":true,"campfire_choices":[{"data":"Genetic Algorithm","floor":6,"key":"SMITH"},{"data":"Chill","floor":8,"key":"SMITH"},{"data":"Defragment","floor":15,"key":"SMITH"}],"neow_cost":"NONE","seed_source_timestamp":24168375519018,"circlet_count":0,"master_deck":["AscendersBane","Strike_B","Strike_B","Defend_B","Defend_B","Defend_B","Zap","Dualcast","Genetic Algorithm+1","Cold Snap","Chill+1","Defragment+1","Go for the Eyes","Auto Shields","Echo Form","Conserve Battery+1","Loop","Creative AI"],"relics":["Cracked Core","Bag of Preparation","Regal Pillow","Unceasing Top"],"potions_floor_usage":[12,16,16,23,23,23],"damage_taken":[{"damage":2,"enemies":"Jaw Worm","floor":1,"turns":3},{"damage":4,"enemies":"Small Slimes","floor":5,"turns":4},{"damage":29,"enemies":"Lagavulin","floor":7,"turns":8},{"damage":0,"enemies":"2 Louse","floor":11,"turns":3},{"damage":2,"enemies":"2 Fungi Beasts","floor":12,"turns":4},{"damage":0,"enemies":"Lots of Slimes","floor":14,"turns":5},{"damage":44,"enemies":"Hexaghost","floor":16,"turns":15},{"damage":0,"enemies":"3 Byrds","floor":18,"turns":7},{"damage":5,"enemies":"Spheric Guardian","floor":20,"turns":7},{"damage":18,"enemies":"Snake Plant","floor":21,"turns":10},{"damage":6,"enemies":"Snecko","floor":22,"turns":6},{"damage":36,"enemies":"Slavers","floor":23,"turns":8}],"seed_played":"8601980479331522755","potions_obtained":[{"floor":1,"key":"Swift Potion"},{"floor":11,"key":"PowerPotion"},{"floor":12,"key":"Fruit Juice"},{"floor":16,"key":"SpeedPotion"},{"floor":20,"key":"Dexterity Potion"},{"floor":21,"key":"Dexterity Potion"}],"is_trial":false,"path_per_floor":["M","?","?","?","M","R","E","R","T","$","M","M","?","M","R","B",null,"M","?","M","M","M","E"],"character_chosen":"DEFECT","items_purchased":["Defragment"],"campfire_rested":0,"item_purchase_floors":[10],"current_hp_per_floor":[66,59,59,59,55,55,26,26,26,26,26,29,55,55,55,11,63,63,63,58,40,34,0],"gold":278,"neow_bonus":"RANDOM_COMMON_RELIC","is_prod":false,"is_daily":false,"chose_seed":false,"campfire_upgraded":3,"win_rate":0,"timestamp":1546069662,"path_taken":["M","?","?","?","M","R","E","R","T","?","M","M","?","?","R","BOSS","M","?","M","?","?","E"],"build_version":"2018-12-20","purchased_purges":0,"victory":false,"max_hp_per_floor":[75,75,75,75,75,75,75,75,75,75,75,80,80,80,80,80,80,80,80,80,80,80,80],"card_choices":[{"not_picked":["Double Energy","Steam"],"picked":"Genetic Algorithm","floor":1},{"not_picked":["Steam","Hologram"],"picked":"Cold Snap","floor":5},{"not_picked":["BootSequence","Loop"],"picked":"Chill","floor":7},{"not_picked":["Barrage","Genetic Algorithm"],"picked":"Go for the Eyes","floor":11},{"not_picked":["Force Field","Hologram"],"picked":"Auto Shields","floor":12},{"not_picked":["Skim","Aggregate","Redo"],"picked":"SKIP","floor":14},{"not_picked":["Fission","Electrodynamics"],"picked":"Echo Form","floor":16},{"not_picked":["Barrage+1","Recycle+1","Stack"],"picked":"SKIP","floor":18},{"not_picked":["Rebound","Sweeping Beam"],"picked":"Conserve Battery+1","floor":20},{"not_picked":["Skim","Compile Driver+1"],"picked":"Loop","floor":21},{"not_picked":["Reprogram","Rebound"],"picked":"Creative AI","floor":22}],"player_experience":629699,"relics_obtained":[{"floor":7,"key":"Regal Pillow"},{"floor":9,"key":"Unceasing Top"}],"event_choices":[{"cards_removed":["Strike_B"],"damage_healed":0,"gold_gain":0,"player_choice":"Card Removal","damage_taken":7,"max_hp_gain":0,"max_hp_loss":0,"event_name":"Golden Wing","floor":2,"gold_loss":0},{"cards_removed":["Strike_B"],"damage_healed":0,"gold_gain":0,"player_choice":"Card Removal","damage_taken":0,"max_hp_gain":0,"max_hp_loss":0,"event_name":"The Cleric","floor":3,"gold_loss":50},{"cards_removed":["Defend_B"],"damage_healed":0,"gold_gain":0,"player_choice":"Forget","damage_taken":0,"max_hp_gain":0,"max_hp_loss":0,"event_name":"Living Wall","floor":4,"gold_loss":0},{"damage_healed":26,"gold_gain":0,"player_choice":"Banana","damage_taken":0,"max_hp_gain":0,"max_hp_loss":0,"event_name":"Big Fish","floor":13,"gold_loss":0},{"damage_healed":0,"gold_gain":0,"player_choice":"0 cards matched","damage_taken":0,"max_hp_gain":0,"max_hp_loss":0,"event_name":"Match and Keep!","floor":19,"gold_loss":0,"cards_obtained":[]}],"is_beta":false,"boss_relics":[{"not_picked":[]}],"items_purged_floors":[],"is_endless":false,"potions_floor_spawned":[1,11,12,16,20,21],"killed_by":"Slavers","ascension_level":10}