{"gold_per_floor":[111,111,38,56,56,56,84,84,84,97,97,97,126,14,14,112,112,127,327,338,338,47,79,93,93,93,45,45,45,45,60,60,60],"floor_reached":33,"playtime":3032,"items_purged":["Strike_B","Strike_B"],"score":336,"play_id":"0c6c280f-6b83-4bb1-9e94-d248d3a7ff78","local_time":"20190426055327","is_ascension_mode":true,"campfire_choices":[{"data":"Zap","floor":6,"key":"SMITH"},{"data":"Hologram","floor":8,"key":"SMITH"},{"data":"Auto Shields","floor":12,"key":"SMITH"},{"floor":15,"key":"REST"},{"floor":25,"key":"REST"},{"data":"Conserve Battery","floor":28,"key":"SMITH"},{"data":"Leap","floor":30,"key":"SMITH"},{"data":"Capacitor","floor":32,"key":"SMITH"}],"neow_cost":"NONE","seed_source_timestamp":40716198381368,"circlet_count":0,"master_deck":["Strike_B+1","Strike_B+1","Defend_B","Defend_B","Defend_B","Defend_B","Zap+1","Dualcast","Hologram+1","Melter","Coolheaded","Cold Snap","Auto Shields+1","Cold Snap","Doom and Gloom","Electrodynamics","Redo","Compile Driver","Capacitor+1","Leap+1","Go for the Eyes+1","Conserve Battery+1"],"relics":["Cracked Core","Strawberry","Ornamental Fan","Symbiotic Virus","Busted Crown","Molten Egg 2","Mercury Hourglass"],"potions_floor_usage":[7,31,33],"damage_taken":[{"damage":2,"enemies":"Jaw Worm","floor":1,"turns":3},{"damage":0,"enemies":"Small Slimes","floor":4,"turns":2},{"damage":19,"enemies":"3 Sentries","floor":7,"turns":6},{"damage":1,"enemies":"Cultist","floor":10,"turns":3},{"damage":16,"enemies":"Gremlin Nob","floor":13,"turns":4},{"damage":12,"enemies":"The Guardian","floor":16,"turns":11},{"damage":4,"enemies":"3 Byrds","floor":18,"turns":2},{"damage":9,"enemies":"Shell Parasite","floor":20,"turns":4},{"damage":33,"enemies":"Book of Stabbing","floor":23,"turns":6},{"damage":3,"enemies":"Chosen and Byrds","floor":24,"turns":6},{"damage":0,"enemies":"Centurion and Healer","floor":31,"turns":5},{"damage":71,"enemies":"Collector","floor":33,"turns":7}],"seed_played":"6393570621793823021","potions_obtained":[{"floor":4,"key":"FocusPotion"},{"floor":10,"key":"SpeedPotion"},{"floor":23,"key":"Block Potion"},{"floor":31,"key":"LiquidBronze"}],"is_trial":false,"path_per_floor":["?","?","T","?","M","?","M","$","?"],"character_chosen":"DEFECT","items_purchased":["Melter","Doom and Gloom","Capacitor","Leap","Block Potion","FearPotion","Conserve Battery"],"campfire_rested":2,"item_purchase_floors":[3,14,22,22,22,22,27],"current_hp_per_floor":[80,64,64,64,64,64,52,52,52,51,51,51,35,35,61,49,79,75,75,66,66,66,33,30,56,56,56,56,56,56,56,56,0],"gold":60,"neow_bonus":"TEN_PERCENT_HP_BONUS","is_prod":false,"is_daily":false,"chose_seed":false,"campfire_upgraded":6,"win_rate":0,"timestamp":1556232807,"path_taken":["M","?","$","M","?","R","E","R","T","M","?","R","E","$","R","BOSS","M","?","?","?","$","E","?","R","T","?","R","?","R","M","R","BOSS"],"build_version":"2019-01-23","purchased_purges":2,"victory":false,"max_hp_per_floor":[82,82,82,82,82,82,89,89,89,89,89,89,89,89,89,89,89,89,89,89,89,89,89,89,89,89,89,89,89,89,89,89,89],"card_choices":[{"not_picked":["Turbo","Beam Cell"],"picked":"Hologram","floor":1},{"not_picked":["Melter","Skim"],"picked":"Coolheaded","floor":4},{"not_picked":["Steam","Turbo"],"picked":"Cold Snap","floor":7},{"not_picked":["Turbo","Beam Cell"],"picked":"Auto Shields","floor":10},{"not_picked":["Blizzard","Sweeping Beam"],"picked":"Cold Snap","floor":13},{"not_picked":["Meteor Strike","Machine Learning"],"picked":"Electrodynamics","floor":16},{"not_picked":[],"picked":"Redo","floor":18},{"not_picked":[],"picked":"Compile Driver","floor":20},{"not_picked":[],"picked":"Go for the Eyes","floor":23},{"not_picked":["Rebound+1"],"picked":"SKIP","floor":24},{"not_picked":["Rip and Tear+1"],"picked":"SKIP","floor":31}],"player_experience":73241,"relics_obtained":[{"floor":7,"key":"Strawberry"},{"floor":11,"key":"Ornamental Fan"},{"floor":13,"key":"Symbiotic Virus"},{"floor":23,"key":"Molten Egg 2"},{"floor":26,"key":"Mercury Hourglass"}],"event_choices":[{"damage_healed":0,"gold_gain":0,"player_choice":"Entered Light","damage_taken":16,"max_hp_gain":0,"max_hp_loss":0,"event_name":"Shining Light","floor":2,"gold_loss":0,"cards_upgraded":["Strike_B","Strike_B"]},{"damage_healed":0,"gold_gain":0,"player_choice":"Ignored","damage_taken":0,"max_hp_gain":0,"max_hp_loss":0,"event_name":"Liars Game","floor":5,"gold_loss":0},{"damage_healed":0,"gold_gain":200,"player_choice":"Gold","damage_taken":0,"max_hp_gain":0,"max_hp_loss":0,"event_name":"Wheel of Change","floor":19,"gold_loss":0},{"damage_healed":0,"gold_gain":0,"player_choice":"0 cards matched","damage_taken":0,"max_hp_gain":0,"max_hp_loss":0,"event_name":"Match and Keep!","floor":21,"gold_loss":0,"cards_obtained":[]},{"damage_healed":0,"gold_gain":0,"player_choice":"Ignored","damage_taken":0,"max_hp_gain":0,"max_hp_loss":0,"event_name":"Beggar","floor":29,"gold_loss":0}],"is_beta":false,"boss_relics":[{"not_picked":["Philosopher\u0027s Stone","White Beast Statue"],"picked":"Busted Crown"}],"items_purged_floors":[14,22],"is_endless":false,"potions_floor_spawned":[4,10,23,31],"killed_by":"Collector","ascension_level":5}