{"gold_per_floor":[116,133,58,58,70,70,70,70,116,141,160,160,171,184,184,286,286,303,123,123],"floor_reached":20,"playtime":2127,"items_purged":["Strike_B","Defend_B"],"score":278,"play_id":"00870997-3aa9-4b52-a94a-38fb9ab6e96b","local_time":"20190318012536","is_ascension_mode":true,"campfire_choices":[{"data":"Zap","floor":6,"key":"SMITH"},{"floor":8,"key":"REST"},{"data":"Reinforced Body","floor":12,"key":"SMITH"},{"floor":15,"key":"REST"}],"neow_cost":"NONE","seed_source_timestamp":1164375919671669,"circlet_count":0,"master_deck":["AscendersBane","Strike_B+1","Defend_B","Defend_B","Zap+1","Dualcast+1","FTL","Reinforced Body+1","Seek","Machine Learning+1","Leap+1","Steam Power+1","Defragment+1","Self Repair"],"relics":["Cracked Core","Lantern","Omamori","Astrolabe"],"potions_floor_usage":[7,10,18,20,20],"damage_taken":[{"damage":4,"enemies":"Small Slimes","floor":1,"turns":3},{"damage":2,"enemies":"Jaw Worm","floor":2,"turns":3},{"damage":0,"enemies":"Cultist","floor":5,"turns":3},{"damage":10,"enemies":"3 Sentries","floor":10,"turns":7},{"damage":0,"enemies":"Large Slime","floor":11,"turns":5},{"damage":7,"enemies":"2 Fungi Beasts","floor":13,"turns":3},{"damage":7,"enemies":"Lots of Slimes","floor":14,"turns":4},{"damage":23,"enemies":"The Guardian","floor":16,"turns":14},{"damage":16,"enemies":"3 Byrds","floor":18,"turns":5},{"damage":22,"enemies":"Colosseum Slavers","floor":20,"turns":5},{"damage":57,"enemies":"Colosseum Nobs","floor":20,"turns":4}],"seed_played":"-5495786375832862762","potions_obtained":[{"floor":5,"key":"Block Potion"},{"floor":7,"key":"Fruit Juice"},{"floor":7,"key":"Regen Potion"},{"floor":11,"key":"Strength Potion"},{"floor":18,"key":"Dexterity Potion"}],"is_trial":false,"path_per_floor":["M","M","$","?","M","R","?","R","T","E","M","R","M","M","R","B",null,"M","$","?"],"character_chosen":"DEFECT","items_purchased":["Self Repair"],"campfire_rested":2,"item_purchase_floors":[19],"current_hp_per_floor":[64,62,62,47,47,47,52,76,76,66,66,66,59,52,76,53,73,69,69,0],"gold":123,"neow_bonus":"THREE_CARDS","is_prod":false,"is_daily":false,"chose_seed":false,"campfire_upgraded":2,"win_rate":0,"timestamp":1552886736,"path_taken":["M","M","$","?","M","R","?","R","T","E","?","R","M","M","R","BOSS","M","$","?"],"build_version":"2019-01-23","purchased_purges":2,"victory":false,"max_hp_per_floor":[75,75,75,75,75,75,80,80,80,80,80,80,80,80,80,80,80,80,80,80],"card_choices":[{"not_picked":["Conserve Battery","White Noise"],"picked":"FTL","floor":1},{"not_picked":["Lockon","Hello World","Turbo"],"picked":"SKIP","floor":2},{"not_picked":["Leap","Compile Driver","Redo"],"picked":"SKIP","floor":5},{"not_picked":["Streamline","Chaos"],"picked":"Reinforced Body","floor":10},{"not_picked":["Steam","Reinforced Body","Beam Cell"],"picked":"SKIP","floor":11},{"not_picked":["Hologram","Gash","Stack"],"picked":"SKIP","floor":13},{"not_picked":["Melter","Compile Driver","Tempest"],"picked":"SKIP","floor":14},{"not_picked":["Rainbow","Machine Learning"],"picked":"Seek","floor":16},{"not_picked":["Stack","Hologram"],"picked":"Defragment+1","floor":18}],"player_experience":804321,"relics_obtained":[{"floor":9,"key":"Lantern"},{"floor":10,"key":"Omamori"}],"event_choices":[{"damage_healed":0,"gold_gain":0,"player_choice":"Entered Light","damage_taken":15,"max_hp_gain":0,"max_hp_loss":0,"event_name":"Shining Light","floor":4,"gold_loss":0,"cards_upgraded":["Dualcast","Strike_B"]},{"damage_healed":0,"gold_gain":0,"player_choice":"Got Potions","damage_taken":0,"max_hp_gain":0,"max_hp_loss":0,"event_name":"Lab","floor":7,"gold_loss":0},{"damage_healed":0,"gold_gain":0,"player_choice":"Fight","damage_taken":0,"max_hp_gain":0,"max_hp_loss":0,"event_name":"Colosseum","floor":20,"gold_loss":0},{"damage_healed":0,"gold_gain":0,"player_choice":"Fought Nobs","damage_taken":0,"max_hp_gain":0,"max_hp_loss":0,"event_name":"Colosseum","floor":20,"gold_loss":0}],"is_beta":false,"boss_relics":[{"not_picked":["Runic Pyramid","Calling Bell"],"picked":"Astrolabe"}],"items_purged_floors":[3,19],"is_endless":false,"potions_floor_spawned":[5,11,18],"killed_by":"Colosseum Nobs","ascension_level":12}