{"gold_per_floor":[114,127,12,112,31,31,31,31,31,62,72,104,104,121,121,217,217,234,234,252,252,266,266,266,300,300,76,76,93,93,106,106,201,201,211,136,156,180,0,0,0,15,95,95,112,112,147,166,166,166],"floor_reached":50,"playtime":3396,"items_purged":["Strike_R"],"score":598,"play_id":"76c488a8-facc-4fb1-be97-163fe6b20896","local_time":"20190402163915","is_ascension_mode":false,"campfire_choices":[{"data":"Cleave","floor":6,"key":"SMITH"},{"data":"Strike_R","floor":8,"key":"SMITH"},{"floor":15,"key":"REST"},{"floor":23,"key":"REST"},{"data":"Bash","floor":28,"key":"SMITH"},{"floor":30,"key":"REST"},{"floor":32,"key":"REST"},{"data":"Immolate","floor":40,"key":"SMITH"},{"floor":44,"key":"REST"},{"floor":46,"key":"REST"},{"floor":49,"key":"REST"}],"neow_cost":"NONE","seed_source_timestamp":416001927082069,"circlet_count":0,"master_deck":["Strike_R","Strike_R","Strike_R+1","Strike_R+1","Defend_R","Defend_R","Defend_R","Defend_R","Bash+1","Cleave+1","Reckless Charge","Evolve","Dropkick","Anger","Twin Strike","Twin Strike","Iron Wave","Impervious","Inflame+1","Fire Breathing+1","Inflame+1","Anger","Metallicize+1","Reckless Charge","Dual Wield+1","Intimidate","Mayhem+1","Headbutt","Corruption+1","Wild Strike+1","Immolate+1","Hemokinesis+1","Wild Strike","Fire Breathing+1","Cleave+1","Heavy Blade"],"relics":["Burning Blood","Frozen Egg 2","Bag of Preparation","Juzu Bracelet","Orrery","Pear","Self Forming Clay","Mark of Pain","Vajra","Red Mask","Kunai","Toxic Egg 2"],"potions_floor_usage":[10,16,16,29,48,50,50],"damage_taken":[{"damage":5,"enemies":"2 Louse","floor":1,"turns":2},{"damage":0,"enemies":"Cultist","floor":2,"turns":2},{"damage":26,"enemies":"3 Sentries","floor":10,"turns":5},{"damage":11,"enemies":"Jaw Worm","floor":11,"turns":2},{"damage":0,"enemies":"Gremlin Nob","floor":12,"turns":2},{"damage":9,"enemies":"Blue Slaver","floor":14,"turns":3},{"damage":39,"enemies":"Hexaghost","floor":16,"turns":7},{"damage":0,"enemies":"Chosen","floor":18,"turns":3},{"damage":11,"enemies":"Spheric Guardian","floor":20,"turns":5},{"damage":18,"enemies":"Cultist and Chosen","floor":22,"turns":6},{"damage":0,"enemies":"Gremlin Leader","floor":25,"turns":5},{"damage":43,"enemies":"Shelled Parasite and Fungi","floor":29,"turns":6},{"damage":36,"enemies":"Centurion and Healer","floor":31,"turns":5},{"damage":34,"enemies":"Champ","floor":33,"turns":7},{"damage":11,"enemies":"3 Darklings","floor":35,"turns":5},{"damage":27,"enemies":"3 Shapes","floor":37,"turns":4},{"damage":41,"enemies":"Maw","floor":42,"turns":7},{"damage":12,"enemies":"3 Darklings","floor":45,"turns":4},{"damage":45,"enemies":"Nemesis","floor":47,"turns":5},{"damage":18,"enemies":"Spire Growth","floor":48,"turns":4},{"damage":77,"enemies":"Donu and Deca","floor":50,"turns":4}],"seed_played":"7837995369984986741","potions_obtained":[{"floor":2,"key":"Fire Potion"},{"floor":10,"key":"Dexterity Potion"},{"floor":12,"key":"PowerPotion"},{"floor":22,"key":"Explosive Potion"},{"floor":24,"key":"Energy Potion"},{"floor":24,"key":"Fire Potion"},{"floor":35,"key":"Ancient Potion"},{"floor":42,"key":"AttackPotion"}],"is_trial":false,"path_per_floor":["M","M","$","?","$","R","$","R","T","E","M","E","?","M","R","B",null,"M","?","M","$","M","R","?","E","T","$","R","M","R","M","R","B",null,"M","$","M","T","?","R","$","M","T","R","M","R","E","M","R","B"],"character_chosen":"IRONCLAD","items_purchased":["Reckless Charge","Evolve","Dropkick","Mayhem+1","Headbutt"],"campfire_rested":7,"item_purchase_floors":[3,3,5,27,27],"current_hp_per_floor":[80,80,80,80,80,80,80,80,80,60,55,61,66,63,85,52,85,85,69,64,64,52,79,79,95,95,95,95,58,88,58,88,60,100,95,95,74,74,74,74,74,39,39,69,63,93,54,42,72,0],"gold":166,"neow_bonus":"UPGRADE_CARD","is_prod":false,"is_daily":false,"chose_seed":false,"campfire_upgraded":4,"win_rate":0,"timestamp":1554237555,"path_taken":["M","M","$","?","$","R","?","R","T","E","?","E","?","M","R","BOSS","M","?","M","$","M","R","?","E","T","$","R","M","R","M","R","BOSS","M","$","M","?","?","R","$","M","T","R","M","R","E","M","R","BOSS"],"build_version":"2019-01-23","purchased_purges":1,"victory":false,"max_hp_per_floor":[80,80,80,80,80,80,80,80,80,80,80,80,85,85,85,85,85,85,90,90,90,90,90,90,100,100,100,100,100,100,100,100,100,100,100,100,100,100,100,100,100,100,100,100,100,100,100,100,100,100],"card_choices":[{"not_picked":["Wild Strike","Pummel","Warcry"],"picked":"SKIP","floor":1},{"not_picked":["Body Slam","True Grit"],"picked":"Cleave","floor":2},{"not_picked":["Rage","Intimidate"],"picked":"Anger","floor":10},{"not_picked":["Power Through","True Grit"],"picked":"Twin Strike","floor":11},{"not_picked":["Ghostly Armor","Body Slam"],"picked":"Twin Strike","floor":12},{"not_picked":["Dark Embrace+1","Body Slam"],"picked":"Iron Wave","floor":14},{"not_picked":["Dark Embrace+1","Fiend Fire"],"picked":"Impervious","floor":16},{"not_picked":["Corruption+1","Twin Strike"],"picked":"Inflame+1","floor":17},{"not_picked":["Cleave","Body Slam"],"picked":"Fire Breathing+1","floor":17},{"not_picked":["Sever Soul","Wild Strike"],"picked":"Inflame+1","floor":17},{"not_picked":["Metallicize+1","Rupture+1"],"picked":"Anger","floor":17},{"not_picked":["Flex","Dropkick"],"picked":"Metallicize+1","floor":17},{"not_picked":["Shrug It Off","Twin Strike"],"picked":"Reckless Charge","floor":18},{"not_picked":["Combust+1","Clash"],"picked":"Dual Wield+1","floor":20},{"not_picked":["Entrench+1","Evolve+1","Clash"],"picked":"SKIP","floor":22},{"not_picked":["Dark Embrace+1","Battle Trance"],"picked":"Intimidate","floor":25},{"not_picked":["Body Slam","Iron Wave"],"picked":"Corruption+1","floor":29},{"not_picked":["Hemokinesis","Shrug It Off"],"picked":"Wild Strike+1","floor":31},{"not_picked":["Bludgeon","Demon Form+1"],"picked":"Immolate","floor":33},{"not_picked":["Clothesline+1","Whirlwind"],"picked":"Hemokinesis+1","floor":35},{"not_picked":["Cleave","Pummel+1"],"picked":"Wild Strike","floor":37},{"not_picked":["Evolve+1","Armaments"],"picked":"Fire Breathing+1","floor":42},{"not_picked":["Ghostly Armor","True Grit+1"],"picked":"Cleave+1","floor":45},{"not_picked":["Rupture+1","Hemokinesis+1"],"picked":"Heavy Blade","floor":47},{"not_picked":["Shrug It Off+1","Body Slam","Thunderclap"],"picked":"SKIP","floor":48}],"player_experience":15327,"relics_obtained":[{"floor":9,"key":"Frozen Egg 2"},{"floor":10,"key":"Bag of Preparation"},{"floor":12,"key":"Juzu Bracelet"},{"floor":25,"key":"Pear"},{"floor":26,"key":"Self Forming Clay"},{"floor":38,"key":"Vajra"},{"floor":43,"key":"Kunai"},{"floor":47,"key":"Toxic Egg 2"}],"event_choices":[{"damage_healed":0,"gold_gain":100,"player_choice":"Pray","damage_taken":0,"max_hp_gain":0,"max_hp_loss":0,"event_name":"Golden Shrine","floor":4,"gold_loss":0},{"damage_healed":0,"gold_gain":0,"player_choice":"Donut","damage_taken":0,"max_hp_gain":5,"max_hp_loss":0,"event_name":"Big Fish","floor":13,"gold_loss":0},{"damage_healed":0,"gold_gain":0,"player_choice":"Shed Blood","damage_taken":21,"max_hp_gain":5,"max_hp_loss":0,"event_name":"Forgotten Altar","floor":19,"gold_loss":0},{"damage_healed":0,"gold_gain":0,"player_choice":"Got Potions","damage_taken":0,"max_hp_gain":0,"max_hp_loss":0,"event_name":"Lab","floor":24,"gold_loss":0},{"damage_healed":0,"gold_gain":0,"player_choice":"Paid","damage_taken":0,"relics_obtained":["Red Mask"],"max_hp_gain":0,"max_hp_loss":0,"event_name":"Tomb of Lord Red Mask","floor":39,"gold_loss":180}],"is_beta":false,"boss_relics":[{"not_picked":["Black Blood","White Beast Statue"],"picked":"Orrery"},{"not_picked":["Runic Cube","Astrolabe"],"picked":"Mark of Pain"}],"items_purged_floors":[36],"is_endless":false,"potions_floor_spawned":[2,10,12,22,25,35,42],"killed_by":"Donu and Deca","ascension_level":0}