{"gold_per_floor":[112,112,122,47,60,60,92,92,119,119,194,194,214,224,224,320,320,337,355,355,373,385,385,385,385,385,395,415,433,444,454,454,551,551,563,573,92,92,92,92,125,152,189,201,244,256,285,313,325,337],"floor_reached":51,"playtime":2813,"items_purged":["Defend_G","Acrobatics"],"score":873,"play_id":"c9c80c6a-94b0-4b4f-9a0d-32a701416e77","local_time":"20180911233348","is_ascension_mode":true,"campfire_choices":[{"data":"Poisoned Stab","floor":6,"key":"SMITH"},{"floor":10,"key":"REST"},{"floor":15,"key":"REST"},{"floor":23,"key":"REST"},{"floor":25,"key":"REST"},{"floor":32,"key":"REST"},{"data":"Adrenaline","floor":40,"key":"SMITH"},{"data":"Panache","floor":44,"key":"SMITH"},{"floor":46,"key":"REST"},{"data":"Envenom","floor":49,"key":"SMITH"}],"neow_cost":"NONE","seed_source_timestamp":362392895083141,"circlet_count":0,"master_deck":["Survivor","Neutralize+1","PiercingWail","Deflect","Poisoned Stab+1","Adrenaline+1","Choke","Dash","Backstab","Malaise","Dagger Throw","Calculated Gamble","Calculated Gamble","Heel Hook","Backstab","Prepared","Cloak And Dagger","Backflip","PiercingWail","Blur+1","Heel Hook+1","Terror+1","Cloak And Dagger+1","Leg Sweep","Blur+1","Corpse Explosion","Heel Hook","Dash+1","Panache+1","Adrenaline","Calculated Gamble","Blur+1","Shame","Pain","Dagger Spray","Envenom+1","Poisoned Stab+1"],"relics":["Ring of the Snake","Orichalcum","Juzu Bracelet","Pandora\u0027s Box","Shuriken","Cursed Key","Sling","Dead Branch","Turnip","MawBank","Art of War","Lantern"],"potions_floor_usage":[16,22,31,33,45,48,50,50,50,50],"damage_taken":[{"damage":3,"enemies":"Jaw Worm","floor":1,"turns":5},{"damage":0,"enemies":"2 Louse","floor":3,"turns":2},{"damage":0,"enemies":"Cultist","floor":5,"turns":4},{"damage":43,"enemies":"Lagavulin","floor":7,"turns":8},{"damage":1,"enemies":"Red Slaver","floor":13,"turns":3},{"damage":0,"enemies":"2 Fungi Beasts","floor":14,"turns":2},{"damage":29,"enemies":"The Guardian","floor":16,"turns":13},{"damage":3,"enemies":"3 Byrds","floor":18,"turns":5},{"damage":2,"enemies":"Shell Parasite","floor":19,"turns":3},{"damage":25,"enemies":"Cultist and Chosen","floor":21,"turns":8},{"damage":4,"enemies":"Sentry and Sphere","floor":22,"turns":9},{"damage":5,"enemies":"Snake Plant","floor":27,"turns":4},{"damage":0,"enemies":"Chosen and Byrds","floor":28,"turns":7},{"damage":8,"enemies":"Centurion and Healer","floor":29,"turns":6},{"damage":0,"enemies":"Shelled Parasite and Fungi","floor":30,"turns":3},{"damage":15,"enemies":"Snecko","floor":31,"turns":4},{"damage":40,"enemies":"Champ","floor":33,"turns":13},{"damage":0,"enemies":"Orb Walker","floor":35,"turns":3},{"damage":0,"enemies":"3 Darklings","floor":36,"turns":2},{"damage":0,"enemies":"Mind Bloom Boss Battle","floor":39,"turns":4},{"damage":2,"enemies":"Giant Head","floor":41,"turns":4},{"damage":24,"enemies":"Nemesis","floor":45,"turns":3},{"damage":4,"enemies":"Maw","floor":47,"turns":7},{"damage":0,"enemies":"Sphere and 2 Shapes","floor":48,"turns":1},{"damage":12,"enemies":"Donu and Deca","floor":50,"turns":4}],"seed_played":"-8852287314738447240","potions_obtained":[{"floor":5,"key":"Dexterity Potion"},{"floor":13,"key":"Block Potion"},{"floor":14,"key":"Swift Potion"},{"floor":16,"key":"Weak Potion"},{"floor":21,"key":"GhostInAJar"},{"floor":27,"key":"SkillPotion"},{"floor":29,"key":"Explosive Potion"},{"floor":31,"key":"Energy Potion"},{"floor":36,"key":"FearPotion"},{"floor":45,"key":"Ancient Potion"},{"floor":48,"key":"Fire Potion"}],"is_trial":false,"path_per_floor":["M","?","M","$","M","R","E","?","T","R","?","?","M","M","R","B",null,"M","M","?","M","M","R","?","R","T","M","M","M","M","M","R","B",null,"M","M","$","?","?","R","E","T","T","R","E","R","M","M","R","B"],"character_chosen":"THE_SILENT","items_purchased":["Sling","Panache"],"campfire_rested":6,"item_purchase_floors":[37,37],"current_hp_per_floor":[67,60,60,60,60,60,17,17,17,38,27,27,26,26,47,18,70,67,65,52,27,23,45,45,67,67,62,62,54,54,39,61,21,75,75,75,75,75,75,75,73,73,73,73,49,71,67,67,67,55],"gold":349,"neow_bonus":"UPGRADE_CARD","is_prod":false,"is_daily":false,"chose_seed":false,"campfire_upgraded":4,"win_rate":0,"timestamp":1536723228,"path_taken":["M","?","M","$","?","R","E","?","T","R","?","?","M","M","R","BOSS","M","M","?","M","M","R","?","R","T","M","M","M","M","M","R","BOSS","M","M","?","?","?","R","E","?","T","R","E","R","M","M","R","BOSS"],"build_version":"2018-09-06","purchased_purges":2,"victory":true,"max_hp_per_floor":[70,70,70,70,70,70,70,70,70,70,70,70,70,70,70,70,70,70,70,75,75,75,75,75,75,75,75,75,75,75,75,75,75,75,75,75,75,75,75,75,75,75,75,75,75,75,75,75,75,75],"card_choices":[{"not_picked":["Sucker Punch","Accuracy"],"picked":"PiercingWail","floor":1},{"not_picked":["Poisoned Stab","Blade Dance"],"picked":"Deflect","floor":3},{"not_picked":["Slice","Accuracy"],"picked":"Poisoned Stab","floor":5},{"not_picked":["Outmaneuver","Cloak And Dagger"],"picked":"Adrenaline","floor":7},{"not_picked":["Bouncing Flask","Dagger Throw"],"picked":"Dash","floor":13},{"not_picked":["PiercingWail","Acrobatics"],"picked":"Backstab","floor":14},{"not_picked":["Venomology","Night Terror"],"picked":"Malaise","floor":16},{"not_picked":["Flying Knee","Bane"],"picked":"Cloak And Dagger","floor":18},{"not_picked":["Dodge and Roll","Flying Knee"],"picked":"Backflip","floor":19},{"not_picked":["Underhanded Strike","Bane"],"picked":"PiercingWail","floor":21},{"not_picked":["Riddle With Holes","Flying Knee+1"],"picked":"Blur+1","floor":22},{"not_picked":["Leg Sweep","Bouncing Flask"],"picked":"Heel Hook+1","floor":27},{"not_picked":["Calculated Gamble","Deflect+1"],"picked":"Terror+1","floor":28},{"not_picked":["Reflex","Dash+1"],"picked":"Cloak And Dagger+1","floor":29},{"not_picked":["Prepared","Heel Hook"],"picked":"Leg Sweep","floor":30},{"not_picked":["Caltrops","Flying Knee"],"picked":"Blur+1","floor":31},{"not_picked":["Die Die Die","Wraith Form v2"],"picked":"Corpse Explosion","floor":33},{"not_picked":["Bouncing Flask","Bane+1"],"picked":"Heel Hook","floor":35},{"not_picked":["Flechettes","Outmaneuver+1"],"picked":"Dash+1","floor":36},{"not_picked":["Prepared","Slice"],"picked":"Calculated Gamble","floor":39},{"not_picked":["Backflip","All Out Attack+1"],"picked":"Blur+1","floor":41},{"not_picked":["Caltrops","Acrobatics+1"],"picked":"Dagger Spray","floor":45},{"not_picked":["Deadly Poison","Deflect"],"picked":"Envenom","floor":47},{"not_picked":["Acrobatics+1","Expertise"],"picked":"Poisoned Stab+1","floor":48}],"player_experience":111173,"relics_obtained":[{"floor":7,"key":"Orichalcum"},{"floor":9,"key":"Juzu Bracelet"},{"floor":26,"key":"Shuriken"},{"floor":39,"key":"Dead Branch"},{"floor":41,"key":"Turnip"},{"floor":42,"key":"MawBank"},{"floor":43,"key":"Art of War"},{"floor":45,"key":"Lantern"}],"event_choices":[{"event_name":"Golden Wing","player_choice":"Card Removal","floor":2,"damage_taken":0},{"event_name":"Living Wall","player_choice":"Change","floor":8,"damage_taken":0},{"event_name":"World of Goop","player_choice":"Gather Gold","floor":11,"damage_taken":0},{"event_name":"Liars Game","player_choice":"disagreed","floor":12,"damage_taken":0},{"event_name":"Forgotten Altar","player_choice":"Shed Blood","floor":20,"damage_taken":0},{"event_name":"Vampires","player_choice":"Ignored","floor":24,"damage_taken":0},{"event_name":"Duplicator","player_choice":"One dupe","floor":38,"damage_taken":0},{"event_name":"MindBloom","player_choice":"Fight","floor":39,"damage_taken":0}],"is_beta":false,"boss_relics":[{"not_picked":["Philosopher\u0027s Stone","Runic Dome"],"picked":"Pandora\u0027s Box"},{"not_picked":["Orrery","Empty Cage"],"picked":"Cursed Key"}],"items_purged_floors":[4,37],"is_endless":false,"potions_floor_spawned":[5,13,14,16,19,21,27,29,31,36,39,41,45,48],"ascension_level":4}