{"gold_per_floor":[109,124,124,199,199,199,237,237,316,316,339,339,68,91,91,211,211,224,247,119,244,262,262,262,262,308,324,357,368,379,399,399,498,498,508,508,525,625,639,665,665,67,119,130,130,148,159,63,63,63],"floor_reached":51,"playtime":2494,"items_purged":["Strike_R"],"score":799,"play_id":"9fb89175-0969-4111-b190-0c1819f15da4","local_time":"20190419124623","is_ascension_mode":false,"campfire_choices":[{"data":"Flame Barrier","floor":6,"key":"SMITH"},{"floor":8,"key":"REST"},{"data":"Bash","floor":10,"key":"SMITH"},{"data":"Apotheosis","floor":15,"key":"SMITH"},{"floor":23,"key":"REST"},{"data":"Barricade","floor":25,"key":"SMITH"},{"data":"Searing Blow+1","floor":32,"key":"SMITH"},{"floor":41,"key":"REST"},{"data":"Searing Blow+2","floor":45,"key":"SMITH"},{"data":"Searing Blow+3","floor":49,"key":"SMITH"}],"neow_cost":"NONE","seed_source_timestamp":322172434120900,"circlet_count":0,"master_deck":["Strike_R+1","Strike_R","Strike_R","Strike_R","Defend_R","Defend_R","Defend_R+1","Defend_R","Bash+1","Flame Barrier+1","Cleave","Anger","Apotheosis+1","Flame Barrier","Barricade+1","Pummel","Power Through","Body Slam","Entrench+1","Searing Blow+4","Shrug It Off","Juggernaut","Impervious","Ghostly Armor","Entrench+1","Parasite","Armaments+1"],"relics":["Burning Blood","NeowsBlessing","Bloody Idol","Singing Bowl","Ginger","Shuriken","Velvet Choker","Turnip","Letter Opener","Orichalcum","Vajra","Sozu","Incense Burner","Calipers","Kunai","Medical Kit","Boot","Oddly Smooth Stone"],"potions_floor_usage":[16,22,29,33,38],"damage_taken":[{"damage":0,"enemies":"2 Louse","floor":1,"turns":1},{"damage":0,"enemies":"Small Slimes","floor":2,"turns":1},{"damage":0,"enemies":"Gremlin Nob","floor":7,"turns":1},{"damage":1,"enemies":"Jaw Worm","floor":11,"turns":3},{"damage":0,"enemies":"Exordium Wildlife","floor":14,"turns":4},{"damage":48,"enemies":"Hexaghost","floor":16,"turns":8},{"damage":0,"enemies":"Chosen","floor":18,"turns":6},{"damage":13,"enemies":"2 Thieves","floor":19,"turns":4},{"damage":11,"enemies":"Colosseum Slavers","floor":21,"turns":5},{"damage":21,"enemies":"Colosseum Nobs","floor":21,"turns":5},{"damage":29,"enemies":"3 Cultists","floor":22,"turns":5},{"damage":5,"enemies":"Snake Plant","floor":27,"turns":3},{"damage":36,"enemies":"Slavers","floor":28,"turns":7},{"damage":0,"enemies":"Snecko","floor":29,"turns":4},{"damage":0,"enemies":"Sentry and Sphere","floor":30,"turns":4},{"damage":2,"enemies":"3 Cultists","floor":31,"turns":5},{"damage":10,"enemies":"Automaton","floor":33,"turns":23},{"damage":1,"enemies":"3 Darklings","floor":35,"turns":5},{"damage":0,"enemies":"Orb Walker","floor":37,"turns":3},{"damage":8,"enemies":"Mind Bloom Boss Battle","floor":38,"turns":5},{"damage":15,"enemies":"Sphere and 2 Shapes","floor":39,"turns":6},{"damage":46,"enemies":"Reptomancer","floor":40,"turns":6},{"damage":27,"enemies":"3 Darklings","floor":44,"turns":6},{"damage":0,"enemies":"Transient","floor":46,"turns":5},{"damage":0,"enemies":"Writhing Mass","floor":47,"turns":6},{"damage":8,"enemies":"Donu and Deca","floor":50,"turns":11}],"seed_played":"-3787306972058977007","potions_obtained":[{"floor":1,"key":"Block Potion"},{"floor":11,"key":"Ancient Potion"},{"floor":14,"key":"SteroidPotion"},{"floor":21,"key":"LiquidBronze"},{"floor":28,"key":"Poison Potion"},{"floor":30,"key":"Regen Potion"}],"is_trial":false,"path_per_floor":["M","M","?","?","T","R","E","R","T","R","M","?","$","M","R","B",null,"M","M","$","?","M","R","?","R","T","M","E","M","M","M","R","B",null,"M","?","M","?","M","E","R","$","T","M","R","M","M","?","R","B",null],"character_chosen":"IRONCLAD","items_purchased":["Apotheosis","Flame Barrier","Power Through","Body Slam","Kunai","Medical Kit","Ghostly Armor"],"campfire_rested":3,"item_purchase_floors":[13,13,20,20,42,42,42],"current_hp_per_floor":[80,80,60,49,49,49,57,81,81,81,82,66,66,74,74,32,84,86,79,79,59,38,64,64,64,69,77,54,67,78,87,87,94,94,96,96,98,100,98,65,96,96,101,87,87,98,106,106,106,104],"gold":63,"neow_bonus":"THREE_ENEMY_KILL","is_prod":false,"is_daily":false,"chose_seed":false,"campfire_upgraded":7,"win_rate":0,"timestamp":1555692383,"path_taken":["M","M","?","?","?","R","E","R","T","R","?","?","$","M","R","BOSS","M","M","$","?","M","R","?","R","T","M","E","M","M","M","R","BOSS","M","?","?","?","M","E","R","$","T","M","R","M","M","?","R","BOSS"],"build_version":"2019-01-23","purchased_purges":1,"victory":true,"max_hp_per_floor":[80,80,80,80,80,80,82,82,82,82,82,82,82,84,84,84,84,86,86,86,86,88,88,88,88,88,90,92,94,94,94,94,94,94,96,96,98,100,102,104,104,104,104,106,106,106,106,106,106,106],"card_choices":[{"not_picked":["Flex","Headbutt"],"picked":"Flame Barrier","floor":1},{"not_picked":["Heavy Blade","Hemokinesis"],"picked":"Cleave","floor":2},{"not_picked":["Clash","Thunderclap","Spot Weakness"],"picked":"Singing Bowl","floor":7},{"not_picked":["Pommel Strike","Rupture"],"picked":"Anger","floor":11},{"not_picked":["Havoc","Corruption","Brutality"],"picked":"Singing Bowl","floor":14},{"not_picked":["Feed","Exhume"],"picked":"Barricade","floor":16},{"not_picked":["Sword Boomerang","Warcry","Cleave"],"picked":"Singing Bowl","floor":18},{"not_picked":["Feel No Pain","Wild Strike"],"picked":"Pummel","floor":19},{"not_picked":["True Grit+1","Clash"],"picked":"Entrench+1","floor":21},{"not_picked":["Dropkick","Wild Strike","Thunderclap"],"picked":"Singing Bowl","floor":22},{"not_picked":["Warcry","Reckless Charge+1","Corruption"],"picked":"Singing Bowl","floor":27},{"not_picked":["Iron Wave","True Grit","Clothesline"],"picked":"Singing Bowl","floor":28},{"not_picked":["Dual Wield","Sword Boomerang+1","Rupture+1"],"picked":"Singing Bowl","floor":29},{"not_picked":["Dropkick","Clothesline"],"picked":"Searing Blow+1","floor":30},{"not_picked":["Reckless Charge","Iron Wave+1"],"picked":"Shrug It Off","floor":31},{"not_picked":["Exhume","Offering"],"picked":"Juggernaut","floor":33},{"not_picked":["Sever Soul+1","Shrug It Off","Reckless Charge"],"picked":"Singing Bowl","floor":35},{"not_picked":["Searing Blow+1","Cleave+1","Sword Boomerang+1"],"picked":"Singing Bowl","floor":37},{"not_picked":["Twin Strike+1","True Grit+1","Rampage"],"picked":"Singing Bowl","floor":38},{"not_picked":["Shockwave","Heavy Blade+1","Pommel Strike+1"],"picked":"Singing Bowl","floor":39},{"not_picked":["Clothesline+1","Fire Breathing+1","Pommel Strike+1"],"picked":"Singing Bowl","floor":40},{"not_picked":["Juggernaut","Headbutt","Whirlwind"],"picked":"Singing Bowl","floor":44},{"not_picked":["Twin Strike","Reckless Charge+1"],"picked":"Entrench+1","floor":46},{"not_picked":["Pommel Strike+1","Rupture"],"picked":"Armaments+1","floor":47}],"player_experience":187530,"relics_obtained":[{"floor":5,"key":"Singing Bowl"},{"floor":7,"key":"Ginger"},{"floor":9,"key":"Shuriken"},{"floor":21,"key":"Turnip"},{"floor":21,"key":"Letter Opener"},{"floor":26,"key":"Orichalcum"},{"floor":28,"key":"Vajra"},{"floor":38,"key":"Incense Burner"},{"floor":40,"key":"Calipers"},{"floor":43,"key":"Boot"}],"event_choices":[{"damage_healed":0,"gold_gain":0,"player_choice":"Take Damage","damage_taken":20,"relics_obtained":["Golden Idol"],"max_hp_gain":0,"max_hp_loss":0,"event_name":"Golden Idol","floor":3,"gold_loss":0},{"damage_healed":0,"gold_gain":75,"player_choice":"Gather Gold","damage_taken":11,"max_hp_gain":0,"max_hp_loss":0,"event_name":"World of Goop","floor":4,"gold_loss":0},{"damage_healed":0,"gold_gain":0,"player_choice":"Entered Light","damage_taken":16,"max_hp_gain":0,"max_hp_loss":0,"event_name":"Shining Light","floor":12,"gold_loss":0,"cards_upgraded":["Strike_R","Defend_R"]},{"damage_healed":0,"gold_gain":0,"player_choice":"Fight","damage_taken":0,"max_hp_gain":0,"max_hp_loss":0,"event_name":"Colosseum","floor":21,"gold_loss":0},{"damage_healed":0,"gold_gain":0,"player_choice":"Fought Nobs","damage_taken":0,"max_hp_gain":0,"max_hp_loss":0,"event_name":"Colosseum","floor":21,"gold_loss":0},{"damage_healed":0,"gold_gain":0,"player_choice":"Gave Idol","damage_taken":0,"relics_obtained":["Bloody Idol"],"max_hp_gain":0,"max_hp_loss":0,"event_name":"Forgotten Altar","floor":24,"relics_lost":["Golden Idol"],"gold_loss":0},{"damage_healed":0,"gold_gain":0,"player_choice":"1 cards matched","damage_taken":0,"max_hp_gain":0,"max_hp_loss":0,"event_name":"Match and Keep!","floor":36,"gold_loss":0,"cards_obtained":["Impervious"]},{"damage_healed":0,"gold_gain":0,"player_choice":"Fight","damage_taken":0,"max_hp_gain":0,"max_hp_loss":0,"event_name":"MindBloom","floor":38,"gold_loss":0},{"damage_healed":0,"gold_gain":0,"player_choice":"Paid Gold","damage_taken":0,"relics_obtained":["Oddly Smooth Stone"],"max_hp_gain":0,"max_hp_loss":0,"event_name":"WeMeetAgain","floor":48,"gold_loss":96}],"is_beta":false,"boss_relics":[{"not_picked":["Eternal Feather","Runic Cube"],"picked":"Velvet Choker"},{"not_picked":["Orrery","Runic Dome"],"picked":"Sozu"}],"items_purged_floors":[42],"is_endless":false,"potions_floor_spawned":[1,11,14,21,28,30,31,35,40,46],"ascension_level":0}