{"gold_per_floor":[11,11,11,26,40,70,80,98,98,124,135,135,155,169,169,272,272,287,287,305,305,324,20,35,35,58,58,84,84,117,133,133,237,237,255,255,255],"floor_reached":37,"playtime":1807,"items_purged":[],"score":523,"play_id":"742267a4-c1e7-4d51-8336-aedce9c697b4","local_time":"20190422182523","is_ascension_mode":false,"campfire_choices":[{"floor":12,"key":"REST"},{"data":"Armaments","floor":15,"key":"SMITH"},{"floor":27,"key":"REST"},{"floor":29,"key":"RECALL"},{"data":"Flame Barrier","floor":32,"key":"SMITH"}],"neow_cost":"NO_GOLD","seed_source_timestamp":602402669118300,"circlet_count":0,"master_deck":["Strike_R","Defend_R","Defend_R","Defend_R","Bash","Metallicize","Body Slam+1","Flame Barrier+1","Battle Trance","Armaments+1","Carnage","Corruption","Barricade+1","Rage","Body Slam","Clumsy","Double Tap","Rage","PanicButton","Madness"],"relics":["Burning Blood","Boot","Pen Nib","Oddly Smooth Stone","Cursed Key","FaceOfCleric","Anchor","Ancient Tea Set","PreservedInsect","Self Forming Clay","Juzu Bracelet","Empty Cage"],"potions_floor_usage":[10,13,16,33,37,37],"damage_taken":[{"damage":0,"enemies":"Small Slimes","floor":1,"turns":3},{"damage":0,"enemies":"Cultist","floor":4,"turns":3},{"damage":2,"enemies":"2 Louse","floor":5,"turns":2},{"damage":21,"enemies":"Lagavulin","floor":6,"turns":8},{"damage":9,"enemies":"Lots of Slimes","floor":7,"turns":3},{"damage":10,"enemies":"Looter","floor":8,"turns":3},{"damage":21,"enemies":"Gremlin Nob","floor":10,"turns":5},{"damage":5,"enemies":"Gremlin Gang","floor":11,"turns":5},{"damage":0,"enemies":"Exordium Wildlife","floor":13,"turns":2},{"damage":0,"enemies":"2 Fungi Beasts","floor":14,"turns":3},{"damage":44,"enemies":"Hexaghost","floor":16,"turns":9},{"damage":0,"enemies":"Chosen","floor":18,"turns":5},{"damage":10,"enemies":"Shell Parasite","floor":20,"turns":4},{"damage":23,"enemies":"Sentry and Sphere","floor":22,"turns":6},{"damage":27,"enemies":"Snake Plant","floor":24,"turns":4},{"damage":0,"enemies":"Gremlin Leader","floor":28,"turns":1},{"damage":17,"enemies":"Book of Stabbing","floor":30,"turns":5},{"damage":5,"enemies":"Shelled Parasite and Fungi","floor":31,"turns":6},{"damage":0,"enemies":"Collector","floor":33,"turns":7},{"damage":20,"enemies":"3 Darklings","floor":35,"turns":4},{"damage":89,"enemies":"2 Orb Walkers","floor":37,"turns":5}],"seed_played":"-8410552248210734047","potions_obtained":[{"floor":1,"key":"Regen Potion"},{"floor":6,"key":"SteroidPotion"},{"floor":8,"key":"AttackPotion"},{"floor":10,"key":"FearPotion"},{"floor":14,"key":"PowerPotion"},{"floor":18,"key":"FairyPotion"},{"floor":30,"key":"AttackPotion"},{"floor":33,"key":"Poison Potion"}],"is_trial":false,"path_per_floor":["M","?","?","M","M","E","M","M","T","E","M","R","M","M","R","B",null,"M","?","M","?","M","$","M","$","T","R","E","R","E","M","R","B",null,"M","?","?"],"character_chosen":"IRONCLAD","items_purchased":["Anchor","Ancient Tea Set"],"campfire_rested":2,"item_purchase_floors":[23,23],"current_hp_per_floor":[80,73,73,79,80,65,62,58,58,43,44,68,74,80,80,42,80,80,80,76,76,60,60,40,40,40,64,71,71,61,63,63,70,86,73,68,0],"gold":255,"neow_bonus":"TRANSFORM_TWO_CARDS","is_prod":false,"is_daily":false,"chose_seed":false,"campfire_upgraded":2,"win_rate":0,"timestamp":1555971923,"path_taken":["M","?","?","?","M","E","?","M","T","E","M","R","M","M","R","BOSS","M","?","?","?","M","$","?","$","T","R","E","R","E","M","R","BOSS","M","?","?"],"build_version":"2019-01-23","purchased_purges":0,"victory":false,"max_hp_per_floor":[80,80,80,80,80,80,80,80,80,80,80,80,80,80,80,80,80,80,80,80,80,81,81,82,82,82,82,83,83,84,85,85,86,86,87,87,87],"card_choices":[{"not_picked":["Infernal Blade","Shrug It Off"],"picked":"Flame Barrier","floor":1},{"not_picked":["Cleave","Twin Strike","Pummel"],"picked":"SKIP","floor":4},{"not_picked":["Rampage","Reckless Charge"],"picked":"Battle Trance","floor":5},{"not_picked":["Second Wind","Feel No Pain","Rampage"],"picked":"SKIP","floor":6},{"not_picked":["Perfected Strike","Disarm","Sword Boomerang"],"picked":"SKIP","floor":7},{"not_picked":["Clash","Second Wind"],"picked":"Armaments","floor":8},{"not_picked":["Burning Pact","Cleave","Headbutt"],"picked":"SKIP","floor":10},{"not_picked":["Clash","Warcry"],"picked":"Carnage","floor":11},{"not_picked":["Uppercut","Flex","Warcry"],"picked":"SKIP","floor":13},{"not_picked":["Sword Boomerang","Clothesline"],"picked":"Corruption","floor":14},{"not_picked":["Feed","Reaper"],"picked":"Barricade","floor":16},{"not_picked":["Corruption","Thunderclap"],"picked":"Rage","floor":18},{"not_picked":["Havoc+1","Infernal Blade+1"],"picked":"Body Slam","floor":20},{"not_picked":["Iron Wave","Perfected Strike","Hemokinesis+1"],"picked":"SKIP","floor":22},{"not_picked":["Twin Strike+1","Corruption","Dual Wield"],"picked":"SKIP","floor":24},{"not_picked":["Body Slam","Second Wind","Exhume"],"picked":"SKIP","floor":28},{"not_picked":["Armaments","Reckless Charge","Carnage"],"picked":"SKIP","floor":30},{"not_picked":["Rupture","Anger","Fire Breathing"],"picked":"SKIP","floor":31},{"not_picked":["Berserk","Dark Embrace"],"picked":"Double Tap","floor":33},{"not_picked":["Twin Strike+1","Body Slam"],"picked":"Rage","floor":35},{"not_picked":["Jack Of All Trades","Secret Weapon"],"picked":"PanicButton","floor":36},{"not_picked":["Dark Shackles","Violence"],"picked":"Madness","floor":36}],"player_experience":218137,"relics_obtained":[{"floor":6,"key":"Boot"},{"floor":9,"key":"Pen Nib"},{"floor":10,"key":"Oddly Smooth Stone"},{"floor":26,"key":"PreservedInsect"},{"floor":28,"key":"Self Forming Clay"},{"floor":30,"key":"Juzu Bracelet"}],"event_choices":[{"cards_removed":["Strike_R"],"damage_healed":0,"gold_gain":0,"player_choice":"Card Removal","damage_taken":7,"max_hp_gain":0,"max_hp_loss":0,"event_name":"Golden Wing","floor":2,"gold_loss":0},{"damage_healed":0,"gold_gain":0,"player_choice":"Upgraded","damage_taken":0,"max_hp_gain":0,"max_hp_loss":0,"event_name":"Upgrade Shrine","floor":3,"gold_loss":0,"cards_upgraded":["Body Slam"]},{"damage_healed":0,"gold_gain":0,"player_choice":"Upgraded","damage_taken":0,"max_hp_gain":0,"max_hp_loss":0,"event_name":"Upgrade Shrine","floor":19,"gold_loss":0,"cards_upgraded":["Barricade"]},{"damage_healed":0,"gold_gain":0,"player_choice":"Trade","damage_taken":0,"relics_obtained":["FaceOfCleric"],"max_hp_gain":0,"max_hp_loss":0,"event_name":"FaceTrader","floor":21,"gold_loss":0},{"damage_healed":0,"gold_gain":0,"player_choice":"Memory 2","damage_taken":5,"max_hp_gain":0,"max_hp_loss":0,"event_name":"SensoryStone","floor":36,"gold_loss":0},{"damage_healed":0,"gold_gain":0,"player_choice":"Fight","damage_taken":0,"max_hp_gain":0,"max_hp_loss":0,"event_name":"Mysterious Sphere","floor":37,"gold_loss":0}],"is_beta":false,"boss_relics":[{"not_picked":["Runic Pyramid","Ectoplasm"],"picked":"Cursed Key"},{"not_picked":["Snecko Eye","White Beast Statue"],"picked":"Empty Cage"}],"items_purged_floors":[],"is_endless":false,"potions_floor_spawned":[1,6,8,10,14,18,24,30,33],"killed_by":"2 Orb Walkers","ascension_level":0}