{"gold_per_floor":[113,125,141,209,222,552,552,580,628,649,663,663,335,346,346,444,444,464,464,10,29,42,42,42,75,75,0,0,0,0,20,20,120,120,140,166,185,198,73,73,73,73,97,97,97,115,132,160,160,160,160,160,10,37,37],"floor_reached":55,"playtime":7715,"items_purged":["Strike_B","Strike_B","Zap","Self Repair"],"score":805,"play_id":"fcea0703-3491-4af1-9eb1-873d6f9d8df8","local_time":"20181227010325","is_ascension_mode":false,"campfire_choices":[{"data":"Consume","floor":7,"key":"SMITH"},{"data":"Ball Lightning","floor":12,"key":"SMITH"},{"data":"Thinking Ahead","floor":15,"key":"SMITH"},{"data":"Buffer","floor":23,"key":"SMITH"},{"data":"Buffer","floor":29,"key":"SMITH"},{"data":"Conserve Battery","floor":32,"key":"SMITH"},{"data":"Buffer","floor":40,"key":"SMITH"},{"data":"Machine Learning","floor":42,"key":"SMITH"},{"data":"Cold Snap","floor":45,"key":"SMITH"},{"floor":49,"key":"RECALL"},{"data":"Undo","floor":52,"key":"SMITH"}],"neow_cost":"NONE","seed_source_timestamp":705203717755168,"circlet_count":0,"master_deck":["Dualcast+1","Chill","Consume+1","Ball Lightning+1","BootSequence","Conserve Battery+1","Cold Snap+1","Buffer+1","Thinking Ahead+1","Machine Learning+1","Melter+1","Ball Lightning+1","FTL+1","Buffer+1","Undo+1","Go for the Eyes+1","Buffer+1","Reinforced Body+1","Coolheaded+1"],"relics":["Cracked Core","Letter Opener","Old Coin","Bottled Flame","Orichalcum","Odd Mushroom","Astrolabe","Runic Capacitor","PreservedInsect","Ornamental Fan","Calipers","MutagenicStrength","Busted Crown","Omamori","Boot","Bottled Lightning"],"potions_floor_usage":[8,22,25,50,54,55],"damage_taken":[{"damage":0,"enemies":"Cultist","floor":1,"turns":3},{"damage":1,"enemies":"Jaw Worm","floor":2,"turns":3},{"damage":0,"enemies":"2 Louse","floor":3,"turns":3},{"damage":0,"enemies":"Looter","floor":5,"turns":3},{"damage":21,"enemies":"Lagavulin","floor":6,"turns":6},{"damage":8,"enemies":"3 Sentries","floor":8,"turns":7},{"damage":8,"enemies":"The Mushroom Lair","floor":10,"turns":4},{"damage":3,"enemies":"2 Fungi Beasts","floor":11,"turns":3},{"damage":0,"enemies":"Exordium Wildlife","floor":14,"turns":4},{"damage":33,"enemies":"Hexaghost","floor":16,"turns":10},{"damage":0,"enemies":"Shell Parasite","floor":18,"turns":4},{"damage":0,"enemies":"Spheric Guardian","floor":21,"turns":1},{"damage":0,"enemies":"Snecko","floor":22,"turns":4},{"damage":12,"enemies":"Gremlin Leader","floor":25,"turns":7},{"damage":0,"enemies":"Snake Plant","floor":31,"turns":5},{"damage":2,"enemies":"Collector","floor":33,"turns":10},{"damage":0,"enemies":"3 Shapes","floor":35,"turns":5},{"damage":6,"enemies":"Orb Walker","floor":37,"turns":3},{"damage":0,"enemies":"Spire Growth","floor":38,"turns":6},{"damage":0,"enemies":"Sphere and 2 Shapes","floor":46,"turns":6},{"damage":0,"enemies":"Writhing Mass","floor":47,"turns":6},{"damage":0,"enemies":"Giant Head","floor":48,"turns":8},{"damage":0,"enemies":"Donu and Deca","floor":50,"turns":14},{"damage":37,"enemies":"Shield and Spear","floor":54,"turns":8},{"damage":41,"enemies":"The Heart","floor":55,"turns":12}],"seed_played":"2541174896752522423","potions_obtained":[{"floor":1,"key":"Ancient Potion"},{"floor":3,"key":"Regen Potion"},{"floor":14,"key":"PowerPotion"},{"floor":16,"key":"PowerPotion"},{"floor":22,"key":"SkillPotion"},{"floor":31,"key":"Ancient Potion"}],"is_trial":false,"path_per_floor":["M","M","M","T","M","E","R","E","T","?","M","R","$","M","R","B",null,"M","?","$","M","M","R","?","E","T","?","?","R","$","M","R","B",null,"M","T","M","M","$","R","?","R","T","$","R","M","M","E","R","B",null,"R","$","E","B"],"character_chosen":"DEFECT","items_purchased":["Buffer","Thinking Ahead","Runic Capacitor","PreservedInsect"],"campfire_rested":0,"item_purchase_floors":[13,13,20,20],"current_hp_per_floor":[75,74,74,74,74,60,60,74,74,66,70,70,70,75,75,49,75,75,75,75,75,75,75,75,70,70,70,70,70,70,75,75,75,75,75,75,75,75,75,75,75,75,75,75,75,75,75,75,75,75,75,75,75,38,0],"gold":37,"neow_bonus":"UPGRADE_CARD","is_prod":false,"is_daily":false,"chose_seed":false,"campfire_upgraded":10,"win_rate":0,"timestamp":1545890605,"path_taken":["M","M","M","?","M","E","R","E","T","?","M","R","?","?","R","BOSS","M","?","$","?","M","R","?","E","T","?","?","R","$","?","R","BOSS","M","?","M","M","$","R","?","R","T","$","R","?","M","E","R","BOSS","R","$","E","BOSS"],"build_version":"2018-12-20","purchased_purges":4,"victory":false,"max_hp_per_floor":[75,75,75,75,75,75,75,75,75,75,75,75,75,75,75,75,75,75,75,75,75,75,75,75,75,75,75,75,75,75,75,75,75,75,75,75,75,75,75,75,75,75,75,75,75,75,75,75,75,75,75,75,75,75,75],"card_choices":[{"not_picked":["Hello World","Streamline"],"picked":"Chill","floor":1},{"not_picked":["Streamline","Beam Cell"],"picked":"Consume","floor":2},{"not_picked":["Streamline","Rip and Tear"],"picked":"Ball Lightning","floor":3},{"not_picked":["Streamline","Turbo"],"picked":"Self Repair","floor":5},{"not_picked":["Hologram","Sweeping Beam"],"picked":"BootSequence","floor":6},{"not_picked":["Skim","Streamline"],"picked":"Conserve Battery","floor":8},{"not_picked":["Sweeping Beam","Recycle"],"picked":"Cold Snap","floor":10},{"not_picked":["Gash","Leap","Turbo"],"picked":"SKIP","floor":11},{"not_picked":["Hologram","Rebound","Hyperbeam"],"picked":"SKIP","floor":14},{"not_picked":["Fission","Meteor Strike"],"picked":"Machine Learning","floor":16},{"not_picked":["Streamline","Doom and Gloom","Turbo+1"],"picked":"SKIP","floor":18},{"not_picked":["Stack","Force Field"],"picked":"Undo","floor":21},{"not_picked":["Rebound","Melter+1"],"picked":"Go for the Eyes+1","floor":22},{"not_picked":["Go for the Eyes","Turbo","Beam Cell"],"picked":"SKIP","floor":25},{"not_picked":["Skim","Redo","Ball Lightning"],"picked":"SKIP","floor":31},{"not_picked":["Biased Cognition","Rainbow"],"picked":"Buffer","floor":33},{"not_picked":[],"picked":"Reinforced Body+1","floor":35},{"not_picked":[],"picked":"Coolheaded+1","floor":37},{"not_picked":["Coolheaded"],"picked":"SKIP","floor":38},{"not_picked":["Streamline"],"picked":"SKIP","floor":46},{"not_picked":["Stack+1"],"picked":"SKIP","floor":47},{"not_picked":["Turbo+1"],"picked":"SKIP","floor":48},{"not_picked":["Steam+1"],"picked":"SKIP","floor":54}],"player_experience":575085,"relics_obtained":[{"floor":4,"key":"Letter Opener"},{"floor":6,"key":"Old Coin"},{"floor":8,"key":"Bottled Flame"},{"floor":9,"key":"Orichalcum"},{"floor":10,"key":"Odd Mushroom"},{"floor":25,"key":"Ornamental Fan"},{"floor":26,"key":"Calipers"},{"floor":43,"key":"Omamori"},{"floor":48,"key":"Boot"},{"floor":54,"key":"Bottled Lightning"}],"event_choices":[{"damage_healed":0,"gold_gain":0,"player_choice":"Fought Mushrooms","damage_taken":0,"max_hp_gain":0,"max_hp_loss":0,"event_name":"Mushrooms","floor":10,"gold_loss":0},{"damage_healed":0,"gold_gain":0,"player_choice":"Copied","damage_taken":0,"max_hp_gain":0,"max_hp_loss":0,"event_name":"Duplicator","floor":19,"gold_loss":0,"cards_obtained":["Buffer"]},{"cards_removed":["Defend_B"],"damage_healed":0,"gold_gain":0,"player_choice":"Elegance","damage_taken":0,"max_hp_gain":0,"max_hp_loss":0,"event_name":"Back to Basics","floor":24,"gold_loss":0},{"cards_removed":["Defend_B"],"damage_healed":0,"gold_gain":0,"player_choice":"Gave Gold","damage_taken":0,"max_hp_gain":0,"max_hp_loss":0,"event_name":"Beggar","floor":27,"gold_loss":75},{"damage_healed":0,"gold_gain":0,"player_choice":"Inject Mutagens","damage_taken":0,"relics_obtained":["MutagenicStrength"],"max_hp_gain":0,"max_hp_loss":0,"event_name":"Drug Dealer","floor":28,"gold_loss":0},{"cards_removed":["Defend_B"],"damage_healed":0,"gold_gain":0,"player_choice":"Purged","damage_taken":0,"max_hp_gain":0,"max_hp_loss":0,"event_name":"Purifier","floor":41,"gold_loss":0}],"is_beta":false,"boss_relics":[{"not_picked":["Empty Cage","Calling Bell"],"picked":"Astrolabe"},{"not_picked":["Black Star","Runic Pyramid"],"picked":"Busted Crown"}],"items_purged_floors":[13,20,39,53],"is_endless":false,"potions_floor_spawned":[1,3,14,16,22,31,35,47],"killed_by":"The Heart","ascension_level":0}