{"gold_per_floor":[365,365,22,37,2,2,2,17,91,103,103,118,173,7,7,110,110,126,126,126,136,36,36,36,52,78,78,0,0,15,28,28,28],"floor_reached":33,"playtime":1237,"items_purged":["Strike_R","Strike_R"],"score":235,"play_id":"2d646f1b-351a-4b9d-8bf8-553bc523761f","local_time":"20190420173200","is_ascension_mode":false,"campfire_choices":[{"data":"Body Slam","floor":6,"key":"SMITH"},{"data":"True Grit","floor":15,"key":"SMITH"},{"floor":24,"key":"REST"},{"floor":27,"key":"REST"},{"floor":29,"key":"REST"},{"floor":32,"key":"REST"}],"neow_cost":"PERCENT_DAMAGE","seed_source_timestamp":426970618630900,"circlet_count":0,"master_deck":["Strike_R","Strike_R","Defend_R","Defend_R","Defend_R","Defend_R","Bash","Body Slam+1","True Grit+1","Searing Blow","Anger","Rampage","Shrug It Off","Reaper","Armaments","Flame Barrier+1","RitualDagger","Anger","Armaments"],"relics":["Burning Blood","Shuriken","Darkstone Periapt","Blue Candle","Orichalcum","Black Star","Potion Belt"],"potions_floor_usage":[16,16,25,33,33],"damage_taken":[{"damage":0,"enemies":"2 Louse","floor":1,"turns":3},{"damage":3,"enemies":"Jaw Worm","floor":4,"turns":3},{"damage":0,"enemies":"Small Slimes","floor":8,"turns":3},{"damage":4,"enemies":"2 Fungi Beasts","floor":10,"turns":4},{"damage":7,"enemies":"Blue Slaver","floor":12,"turns":4},{"damage":35,"enemies":"Hexaghost","floor":16,"turns":9},{"damage":20,"enemies":"3 Byrds","floor":18,"turns":6},{"damage":23,"enemies":"Spheric Guardian","floor":21,"turns":6},{"damage":75,"enemies":"3 Cultists","floor":25,"turns":9},{"damage":12,"enemies":"Snake Plant","floor":30,"turns":4},{"damage":41,"enemies":"Sentry and Sphere","floor":31,"turns":7},{"damage":69,"enemies":"Champ","floor":33,"turns":10}],"seed_played":"-1611567035262494409","potions_obtained":[{"floor":4,"key":"SneckoOil"},{"floor":8,"key":"Explosive Potion"},{"floor":16,"key":"Regen Potion"},{"floor":18,"key":"SteroidPotion"},{"floor":30,"key":"AttackPotion"}],"is_trial":false,"path_per_floor":["M","?","$","M","?","R","$","M","T","M","?","M","T","$","R","B",null,"M","?","?","M","$","?","R","M","T","R","?","R","M","M","R","B"],"character_chosen":"IRONCLAD","items_purchased":["Shuriken","Searing Blow","Anger","Rampage","Shrug It Off"],"campfire_rested":4,"item_purchase_floors":[3,3,3,14,14],"current_hp_per_floor":[62,62,62,65,80,80,80,80,80,80,77,76,76,76,76,47,80,70,70,70,53,53,47,71,7,7,31,31,55,49,14,38,0],"gold":28,"neow_bonus":"TWO_FIFTY_GOLD","is_prod":false,"is_daily":false,"chose_seed":false,"campfire_upgraded":2,"win_rate":0,"timestamp":1555795920,"path_taken":["M","?","$","M","?","R","$","M","T","M","?","M","?","?","R","BOSS","M","?","?","M","$","?","R","M","T","R","?","R","M","M","R","BOSS"],"build_version":"2019-01-23","purchased_purges":2,"victory":false,"max_hp_per_floor":[80,80,80,80,80,80,80,80,80,80,80,80,80,80,80,80,80,80,80,80,80,80,80,80,80,80,80,80,80,80,80,80,80],"card_choices":[{"not_picked":["Pommel Strike","Combust"],"picked":"Body Slam","floor":1},{"not_picked":["Twin Strike","Bloodletting","Blood for Blood"],"picked":"SKIP","floor":4},{"not_picked":["Corruption","Anger","Hemokinesis"],"picked":"SKIP","floor":8},{"not_picked":["Wild Strike","Shockwave","True Grit"],"picked":"SKIP","floor":10},{"not_picked":["Sword Boomerang","Reckless Charge","Twin Strike"],"picked":"SKIP","floor":12},{"not_picked":["Impervious","Bludgeon"],"picked":"Reaper","floor":16},{"not_picked":["Uppercut","Heavy Blade","Evolve+1"],"picked":"SKIP","floor":18},{"not_picked":["Whirlwind+1","Clothesline"],"picked":"Flame Barrier+1","floor":21},{"not_picked":["Pommel Strike","Sentinel"],"picked":"Anger","floor":25},{"not_picked":["Combust","Pommel Strike","Intimidate+1"],"picked":"SKIP","floor":30},{"not_picked":["Rage","Clothesline"],"picked":"Armaments","floor":31}],"player_experience":196186,"relics_obtained":[{"floor":9,"key":"Darkstone Periapt"},{"floor":13,"key":"Orichalcum"},{"floor":26,"key":"Potion Belt"}],"event_choices":[{"damage_healed":0,"gold_gain":0,"cards_transformed":["Strike_R"],"player_choice":"Change","damage_taken":0,"max_hp_gain":0,"max_hp_loss":0,"event_name":"Living Wall","floor":2,"gold_loss":0,"cards_obtained":["True Grit"]},{"damage_healed":20,"gold_gain":0,"player_choice":"Healed","damage_taken":0,"max_hp_gain":0,"max_hp_loss":0,"event_name":"The Cleric","floor":5,"gold_loss":35},{"damage_healed":0,"gold_gain":0,"player_choice":"Success","damage_taken":3,"relics_obtained":["Blue Candle"],"max_hp_gain":0,"max_hp_loss":0,"event_name":"Scrap Ooze","floor":11,"gold_loss":0},{"damage_healed":0,"gold_gain":0,"player_choice":"Ignored","damage_taken":0,"max_hp_gain":0,"max_hp_loss":0,"event_name":"Vampires","floor":19,"gold_loss":0},{"damage_healed":0,"gold_gain":0,"player_choice":"Read","damage_taken":0,"max_hp_gain":0,"max_hp_loss":0,"event_name":"The Library","floor":20,"gold_loss":0,"cards_obtained":["Armaments"]},{"damage_healed":0,"gold_gain":0,"player_choice":"Joined the Cult","damage_taken":6,"max_hp_gain":0,"max_hp_loss":0,"event_name":"Nest","floor":23,"gold_loss":0,"cards_obtained":["RitualDagger"]},{"damage_healed":0,"gold_gain":0,"player_choice":"Paid Fearfully","damage_taken":0,"max_hp_gain":0,"max_hp_loss":0,"event_name":"Masked Bandits","floor":28,"gold_loss":78}],"is_beta":false,"boss_relics":[{"not_picked":["Orrery","White Beast Statue"],"picked":"Black Star"}],"items_purged_floors":[14,22],"is_endless":false,"potions_floor_spawned":[4,8,16,18,30],"killed_by":"Champ","ascension_level":0}