{"gold_per_floor":[109,109,126,140,140,140,171,171,171,171,186,204,214,214,214,313,313,333,248,50,50,50,50,67,99,146,165,165,179,194,223,223,319,369,382,392,492,504,504,504,517,517,542,559,559,576,592,344,344,344],"floor_reached":51,"playtime":2429,"items_purged":["Strike_G","Strike_G"],"score":774,"play_id":"bf167f2e-b744-44b1-a0be-e4e3622de8bd","local_time":"20190426042341","is_ascension_mode":true,"campfire_choices":[{"data":"Noxious Fumes","floor":6,"key":"SMITH"},{"data":"Corpse Explosion","floor":10,"key":"SMITH"},{"data":"Endless Agony","floor":15,"key":"SMITH"},{"data":"Blur","floor":23,"key":"SMITH"},{"data":"Backflip","floor":28,"key":"SMITH"},{"floor":32,"key":"REST"},{"floor":40,"key":"DIG"},{"floor":42,"key":"REST"},{"floor":45,"key":"REST"},{"data":"Burst","floor":49,"key":"SMITH"}],"neow_cost":"NONE","seed_source_timestamp":35928743296470,"circlet_count":0,"master_deck":["Defend_G+1","Defend_G","Defend_G","Defend_G","Defend_G","Strike_G+1","Survivor+1","Neutralize+1","Quick Slash+1","Caltrops+1","Noxious Fumes+1","Corpse Explosion+1","Endless Agony+1","PiercingWail","PiercingWail","Die Die Die+1","Blur+1","Backflip+1","Well Laid Plans+1","Backflip","Poisoned Stab+1","PiercingWail","Corpse Explosion","Backflip","Footwork+1","Burst+1","Prepared+1","Noxious Fumes+1","Crippling Poison+1","Dash+1","Night Terror"],"relics":["Ring of the Snake","Mango","The Specimen","Ice Cream","Runic Pyramid","Sundial","Dream Catcher","CultistMask","Thread and Needle","Whetstone","Bottled Lightning","Tiny House","Shovel","StoneCalendar","Oddly Smooth Stone"],"potions_floor_usage":[31,31,31,46,50,50,50],"damage_taken":[{"damage":0,"enemies":"Jaw Worm","floor":1,"turns":6},{"damage":0,"enemies":"2 Louse","floor":3,"turns":2},{"damage":0,"enemies":"Cultist","floor":4,"turns":3},{"damage":10,"enemies":"3 Sentries","floor":7,"turns":7},{"damage":0,"enemies":"2 Fungi Beasts","floor":11,"turns":3},{"damage":1,"enemies":"Looter","floor":12,"turns":4},{"damage":0,"enemies":"Large Slime","floor":13,"turns":4},{"damage":30,"enemies":"The Guardian","floor":16,"turns":9},{"damage":3,"enemies":"3 Byrds","floor":18,"turns":4},{"damage":13,"enemies":"2 Thieves","floor":24,"turns":4},{"damage":11,"enemies":"Book of Stabbing","floor":25,"turns":7},{"damage":0,"enemies":"Centurion and Healer","floor":27,"turns":5},{"damage":2,"enemies":"3 Cultists","floor":29,"turns":3},{"damage":0,"enemies":"Cultist and Chosen","floor":30,"turns":4},{"damage":8,"enemies":"Slavers","floor":31,"turns":5},{"damage":38,"enemies":"Automaton","floor":33,"turns":11},{"damage":6,"enemies":"Orb Walker","floor":35,"turns":6},{"damage":4,"enemies":"3 Shapes","floor":36,"turns":4},{"damage":6,"enemies":"Mind Bloom Boss Battle","floor":37,"turns":9},{"damage":4,"enemies":"Jaw Worm Horde","floor":38,"turns":3},{"damage":26,"enemies":"4 Shapes","floor":41,"turns":3},{"damage":44,"enemies":"Spire Growth","floor":44,"turns":7},{"damage":0,"enemies":"Jaw Worm Horde","floor":46,"turns":2},{"damage":3,"enemies":"Sphere and 2 Shapes","floor":47,"turns":6},{"damage":52,"enemies":"Donu and Deca","floor":50,"turns":10}],"seed_played":"6254404702259118170","potions_obtained":[{"floor":3,"key":"Weak Potion"},{"floor":13,"key":"Ancient Potion"},{"floor":16,"key":"Ancient Potion"},{"floor":18,"key":"SkillPotion"},{"floor":29,"key":"Block Potion"},{"floor":33,"key":"Fruit Juice"},{"floor":34,"key":"Regen Potion"},{"floor":44,"key":"FearPotion"},{"floor":46,"key":"Block Potion"},{"floor":47,"key":"Block Potion"}],"is_trial":false,"path_per_floor":["?","?","?","M","?","?","?","?","M","M","?","?","M"],"character_chosen":"THE_SILENT","items_purchased":["Blur","Backflip","Oddly Smooth Stone"],"campfire_rested":3,"item_purchase_floors":[20,20,48],"current_hp_per_floor":[70,81,81,81,64,64,54,54,54,54,54,53,53,53,53,23,84,81,81,81,81,81,81,68,57,57,57,57,55,55,47,72,34,89,83,79,73,69,69,69,43,69,69,25,51,60,57,57,57,10],"gold":344,"neow_bonus":"UPGRADE_CARD","is_prod":false,"is_daily":false,"chose_seed":false,"campfire_upgraded":6,"win_rate":0,"timestamp":1556227421,"path_taken":["M","?","M","M","?","R","E","?","T","R","?","M","M","?","R","BOSS","M","?","$","?","?","R","?","E","T","M","R","M","?","E","R","BOSS","M","M","?","M","?","R","?","R","T","M","R","M","M","$","R","BOSS"],"build_version":"2019-01-23","purchased_purges":2,"victory":true,"max_hp_per_floor":[70,84,84,84,84,84,84,84,84,84,84,84,84,84,84,84,84,84,84,84,84,84,84,84,84,84,84,84,84,84,84,84,84,89,89,89,89,89,89,89,89,89,89,89,89,89,89,89,89,94],"card_choices":[{"not_picked":["Endless Agony","Deflect"],"picked":"Quick Slash","floor":1},{"not_picked":["Slice","Deflect"],"picked":"Caltrops","floor":3},{"not_picked":["Slice","Bouncing Flask"],"picked":"Noxious Fumes","floor":4},{"not_picked":["Acrobatics","Dodge and Roll"],"picked":"Corpse Explosion","floor":7},{"not_picked":["Quick Slash","Riddle With Holes"],"picked":"Endless Agony","floor":11},{"not_picked":["Poisoned Stab","Underhanded Strike"],"picked":"PiercingWail","floor":12},{"not_picked":["Terror","All Out Attack"],"picked":"PiercingWail","floor":13},{"not_picked":["Doppelganger","Unload"],"picked":"Die Die Die","floor":16},{"not_picked":["Acrobatics","Deadly Poison","Slice"],"picked":"SKIP","floor":18},{"not_picked":["Cloak And Dagger","Escape Plan+1"],"picked":"Well Laid Plans+1","floor":24},{"not_picked":["Infinite Blades","Reflex+1"],"picked":"Backflip","floor":25},{"not_picked":["Bane","Accuracy+1"],"picked":"Poisoned Stab+1","floor":27},{"not_picked":["Deflect+1","Underhanded Strike"],"picked":"PiercingWail","floor":29},{"not_picked":["Endless Agony","Slice"],"picked":"Corpse Explosion","floor":30},{"not_picked":["Finisher","Dodge and Roll"],"picked":"Backflip","floor":31},{"not_picked":["Bane","Deflect+1"],"picked":"Footwork+1","floor":32},{"not_picked":["Night Terror","Die Die Die"],"picked":"Burst","floor":33},{"not_picked":["Blade Dance+1","Dodge and Roll"],"picked":"Prepared+1","floor":34},{"not_picked":["Riddle With Holes+1","Die Die Die"],"picked":"Noxious Fumes+1","floor":35},{"not_picked":["Blade Dance+1","Well Laid Plans+1","All Out Attack"],"picked":"SKIP","floor":36},{"not_picked":["Bane","Dagger Throw","Deflect+1"],"picked":"SKIP","floor":38},{"not_picked":["Backstab","Poisoned Stab"],"picked":"Crippling Poison+1","floor":41},{"not_picked":["Well Laid Plans+1","Backflip"],"picked":"Dash+1","floor":44},{"not_picked":["Quick Slash","Noxious Fumes"],"picked":"Night Terror","floor":46},{"not_picked":["Underhanded Strike","Deadly Poison","All Out Attack+1"],"picked":"SKIP","floor":47}],"player_experience":68548,"relics_obtained":[{"floor":7,"key":"The Specimen"},{"floor":9,"key":"Ice Cream"},{"floor":25,"key":"Thread and Needle"},{"floor":26,"key":"Whetstone"},{"floor":31,"key":"Bottled Lightning"},{"floor":37,"key":"Shovel"},{"floor":40,"key":"StoneCalendar"}],"event_choices":[{"damage_healed":0,"gold_gain":0,"player_choice":"Success","damage_taken":3,"relics_obtained":["Mango"],"max_hp_gain":0,"max_hp_loss":0,"event_name":"Scrap Ooze","floor":2,"gold_loss":0},{"damage_healed":0,"gold_gain":0,"player_choice":"Entered Light","damage_taken":17,"max_hp_gain":0,"max_hp_loss":0,"event_name":"Shining Light","floor":5,"gold_loss":0,"cards_upgraded":["Strike_G","Defend_G"]},{"damage_healed":0,"gold_gain":0,"player_choice":"Upgraded","damage_taken":0,"max_hp_gain":0,"max_hp_loss":0,"event_name":"Upgrade Shrine","floor":8,"gold_loss":0,"cards_upgraded":["Survivor"]},{"cards_removed":["Strike_G"],"damage_healed":0,"gold_gain":0,"player_choice":"Forget","damage_taken":0,"max_hp_gain":0,"max_hp_loss":0,"event_name":"Living Wall","floor":14,"gold_loss":0},{"damage_healed":0,"gold_gain":0,"player_choice":"Obtained Relic","damage_taken":0,"relics_obtained":["Sundial"],"max_hp_gain":0,"max_hp_loss":0,"event_name":"Addict","floor":19,"gold_loss":85},{"damage_healed":0,"gold_gain":0,"player_choice":"Opened","damage_taken":0,"relics_obtained":["Dream Catcher"],"max_hp_gain":0,"max_hp_loss":0,"event_name":"The Mausoleum","floor":21,"gold_loss":0},{"damage_healed":0,"gold_gain":0,"player_choice":"Trade","damage_taken":0,"relics_obtained":["CultistMask"],"max_hp_gain":0,"max_hp_loss":0,"event_name":"FaceTrader","floor":22,"gold_loss":0},{"damage_healed":0,"gold_gain":0,"player_choice":"Fight","damage_taken":0,"max_hp_gain":0,"max_hp_loss":0,"event_name":"MindBloom","floor":37,"gold_loss":0},{"cards_removed":["Strike_G"],"damage_healed":0,"gold_gain":0,"player_choice":"Offered Basic","damage_taken":0,"max_hp_gain":0,"max_hp_loss":0,"event_name":"Bonfire Elementals","floor":39,"gold_loss":0}],"is_beta":false,"boss_relics":[{"not_picked":["Ectoplasm","Empty Cage"],"picked":"Runic Pyramid"},{"not_picked":["Philosopher\u0027s Stone","White Beast Statue"],"picked":"Tiny House"}],"items_purged_floors":[20,48],"is_endless":false,"potions_floor_spawned":[3,13,16,18,25,29,33,44,46,47],"ascension_level":1}