{"gold_per_floor":[216,230,230,247,263,263,274,274,301,312,324,324,341,361,361,465,465,475,475,492,504,520,520,547,74,100,100,200,200,210,210,210,305,305,323,339,359,76,96,96,96,318,368,468,480,480,492,510,510,510],"floor_reached":51,"playtime":10536,"items_purged":["Strike_B","Defend_B+1"],"score":622,"play_id":"6f9d5c60-d886-4f00-8d3c-d6837490dba3","local_time":"20190224135504","is_ascension_mode":false,"campfire_choices":[{"data":"Sweeping Beam","floor":6.0,"key":"SMITH"},{"data":"Capacitor","floor":8.0,"key":"SMITH"},{"floor":12.0,"key":"REST"},{"data":"Defragment","floor":15.0,"key":"SMITH"},{"floor":23.0,"key":"REST"},{"floor":27.0,"key":"REST"},{"floor":32.0,"key":"REST"},{"data":"Defragment","floor":40,"key":"SMITH"},{"floor":46,"key":"REST"},{"data":"Meteor Strike","floor":49,"key":"SMITH"}],"neow_cost":"NONE","seed_source_timestamp":0,"circlet_count":0,"master_deck":["Strike_B+1","Strike_B+1","Defend_B+1","Defend_B+1","Defend_B+1","Zap","Dualcast","Redo","Rebound","Sweeping Beam+1","Leap","Capacitor+1","BootSequence","Defragment+1","Rebound","Rip and Tear","Electrodynamics","Compile Driver+1","RitualDagger","Glacier","Chill+1","Conserve Battery","Self Repair","Mind Blast+1","Doom and Gloom","Creative AI","Aggregate+1","Defragment+1","Glacier+1","Meteor Strike+1","Streamline+1","Magnetism"],"special_seed":0,"relics":["Cracked Core","Omamori","Snecko Eye","Red Mask","Vajra","Whetstone","Prayer Wheel","Cables","Nilry\u0027s Codex","Busted Crown","Dream Catcher","Torii"],"potions_floor_usage":[50,50,50],"damage_taken":[{"damage":0.0,"enemies":"2 Louse","floor":1.0,"turns":3.0},{"damage":1.0,"enemies":"Jaw Worm","floor":2.0,"turns":4.0},{"damage":7.0,"enemies":"Small Slimes","floor":4.0,"turns":3.0},{"damage":6.0,"enemies":"2 Fungi Beasts","floor":5.0,"turns":3.0},{"damage":2.0,"enemies":"Blue Slaver","floor":7.0,"turns":4.0},{"damage":12.0,"enemies":"3 Louse","floor":10.0,"turns":3.0},{"damage":1.0,"enemies":"2 Fungi Beasts","floor":11.0,"turns":3.0},{"damage":3.0,"enemies":"Lots of Slimes","floor":13.0,"turns":4.0},{"damage":9.0,"enemies":"Blue Slaver","floor":14.0,"turns":4.0},{"damage":46.0,"enemies":"The Guardian","floor":16.0,"turns":11.0},{"damage":30.0,"enemies":"2 Thieves","floor":18.0,"turns":3.0},{"damage":0.0,"enemies":"Chosen","floor":20.0,"turns":3.0},{"damage":4.0,"enemies":"Centurion and Healer","floor":21.0,"turns":10.0},{"damage":3.0,"enemies":"Cultist and Chosen","floor":22.0,"turns":5.0},{"damage":11.0,"enemies":"Masked Bandits","floor":24.0,"turns":3.0},{"damage":6.0,"enemies":"Colosseum Slavers","floor":28.0,"turns":4.0},{"damage":8.0,"enemies":"Colosseum Nobs","floor":28.0,"turns":5.0},{"damage":22.0,"enemies":"Snake Plant","floor":30.0,"turns":4.0},{"damage":6.0,"enemies":"Collector","floor":33.0,"turns":10.0},{"damage":0,"enemies":"Orb Walker","floor":35,"turns":4},{"damage":0,"enemies":"3 Shapes","floor":36,"turns":3},{"damage":0,"enemies":"Spire Growth","floor":37,"turns":4},{"damage":0,"enemies":"3 Darklings","floor":39,"turns":3},{"damage":19,"enemies":"Mind Bloom Boss Battle","floor":44,"turns":5},{"damage":10,"enemies":"4 Shapes","floor":45,"turns":3},{"damage":0,"enemies":"Transient","floor":47,"turns":5},{"damage":0,"enemies":"Jaw Worm Horde","floor":48,"turns":4},{"damage":53,"enemies":"Donu and Deca","floor":50,"turns":8}],"seed_played":"2338054766484364474","potions_obtained":[{"floor":1.0,"key":"Weak Potion"},{"floor":2.0,"key":"Weak Potion"},{"floor":7.0,"key":"SpeedPotion"},{"floor":11.0,"key":"PowerPotion"},{"floor":20.0,"key":"PowerPotion"},{"floor":21.0,"key":"Strength Potion"},{"floor":22.0,"key":"Energy Potion"},{"floor":33.0,"key":"Swift Potion"},{"floor":36,"key":"Block Potion"},{"floor":44,"key":"Poison Potion"}],"is_trial":false,"path_per_floor":["M","M","?","M","M","R","M","R","T","M","M","R","M","M","R","B",null,"M","?","M","M","M","R","?","$","T","R","?","?","M","?","R","B",null,"M","M","M","$","M","R","?","?","T","?","M","R","M","M","R","B",null],"character_chosen":"DEFECT","items_purchased":["Mind Blast","Doom and Gloom","Creative AI","Vajra","Magnetism"],"campfire_rested":5,"item_purchase_floors":[25,25,25,25,38],"current_hp_per_floor":[75,74,67,60,54,54,52,52,52,40,39,61,58,49,49,3,75,45,39,39,35,32,54,43,43,43,65,65,65,43,27,49,50,75,75,75,75,75,75,75,71,71,71,59,49,70,71,71,71,18],"gold":510,"neow_bonus":"HUNDRED_GOLD","is_prod":false,"is_daily":false,"chose_seed":false,"campfire_upgraded":5,"win_rate":0,"timestamp":1551012904,"path_taken":["M","M","?","M","M","R","M","R","T","M","M","R","M","M","R","BOSS","M","?","M","M","M","R","?","$","T","R","?","?","M","?","R","BOSS","M","M","M","$","M","R","?","?","T","?","M","R","M","M","R","BOSS"],"build_version":"2019-01-23","purchased_purges":2,"victory":true,"max_hp_per_floor":[75,75,75,75,75,75,75,75,75,75,75,75,75,75,75,75,75,75,75,75,75,75,75,75,75,75,75,75,75,75,75,75,75,75,75,75,75,75,75,75,71,71,71,71,71,71,71,71,71,71],"card_choices":[{"not_picked":["Undo","Lockon"],"picked":"Redo","floor":1.0},{"not_picked":["Coolheaded","Blizzard"],"picked":"Rebound","floor":2.0},{"not_picked":["Hologram","Barrage"],"picked":"Sweeping Beam","floor":4.0},{"not_picked":["Amplify","Ball Lightning"],"picked":"Leap","floor":5.0},{"not_picked":["Compile Driver","Streamline"],"picked":"Capacitor","floor":7.0},{"not_picked":["Hello World","Streamline"],"picked":"BootSequence","floor":10.0},{"not_picked":["FTL","Cold Snap"],"picked":"Defragment","floor":11.0},{"not_picked":["Reboot","Coolheaded"],"picked":"Rebound","floor":13.0},{"not_picked":["Rebound","Hologram"],"picked":"Rip and Tear","floor":14.0},{"not_picked":["Creative AI","Meteor Strike"],"picked":"Electrodynamics","floor":16.0},{"not_picked":["Gash","Steam Power"],"picked":"Compile Driver","floor":18.0},{"not_picked":["Beam Cell","Steam"],"picked":"Glacier","floor":20.0},{"not_picked":["Redo","Reinforced Body"],"picked":"Chill+1","floor":21.0},{"not_picked":["Ball Lightning","Compile Driver+1"],"picked":"Conserve Battery","floor":22.0},{"not_picked":["Scrape","Conserve Battery"],"picked":"Self Repair","floor":24.0},{"not_picked":["Loop","Chill"],"picked":"Aggregate+1","floor":28.0},{"not_picked":["Barrage","Ball Lightning"],"picked":"Defragment","floor":30.0},{"not_picked":["Gash","Tempest"],"picked":"Glacier+1","floor":30.0},{"not_picked":["Biased Cognition","Creative AI"],"picked":"Meteor Strike","floor":33.0},{"not_picked":[],"picked":"Streamline+1","floor":35},{"not_picked":["Stack+1"],"picked":"SKIP","floor":35},{"not_picked":["Streamline"],"picked":"SKIP","floor":36},{"not_picked":["Aggregate+1"],"picked":"SKIP","floor":36},{"not_picked":["Rebound"],"picked":"SKIP","floor":37},{"not_picked":["Double Energy"],"picked":"SKIP","floor":37},{"not_picked":["Steam"],"picked":"SKIP","floor":39},{"not_picked":["Streamline"],"picked":"SKIP","floor":39},{"not_picked":["Beam Cell+1"],"picked":"SKIP","floor":45},{"not_picked":["Redo"],"picked":"SKIP","floor":45},{"not_picked":["Beam Cell+1"],"picked":"SKIP","floor":47},{"not_picked":["Gash"],"picked":"SKIP","floor":47},{"not_picked":["Chaos"],"picked":"SKIP","floor":48},{"not_picked":["All For One"],"picked":"SKIP","floor":48}],"player_experience":666048,"relics_obtained":[{"floor":9.0,"key":"Omamori"},{"floor":24.0,"key":"Red Mask"},{"floor":26.0,"key":"Whetstone"},{"floor":28.0,"key":"Prayer Wheel"},{"floor":28.0,"key":"Cables"},{"floor":31.0,"key":"Nilry\u0027s Codex"},{"floor":43,"key":"Dream Catcher"},{"floor":44,"key":"Torii"}],"event_choices":[{"cards_removed":["Strike_B"],"damage_healed":0.0,"max_hp_gain":0.0,"max_hp_loss":0.0,"gold_gain":0.0,"event_name":"Golden Wing","player_choice":"Card Removal","floor":3.0,"gold_loss":0.0,"damage_taken":7.0},{"damage_healed":0.0,"max_hp_gain":0.0,"max_hp_loss":0.0,"gold_gain":0.0,"event_name":"Nest","player_choice":"Joined the Cult","floor":19.0,"gold_loss":0.0,"damage_taken":6.0,"cards_obtained":["RitualDagger"]},{"damage_healed":0.0,"max_hp_gain":0.0,"max_hp_loss":0.0,"gold_gain":0.0,"event_name":"Masked Bandits","player_choice":"Fought Bandits","floor":24.0,"gold_loss":0.0,"damage_taken":0.0},{"damage_healed":0.0,"max_hp_gain":0.0,"max_hp_loss":0.0,"gold_gain":0.0,"event_name":"Colosseum","player_choice":"Fight","floor":28.0,"gold_loss":0.0,"damage_taken":0.0},{"damage_healed":0.0,"max_hp_gain":0.0,"max_hp_loss":0.0,"gold_gain":0.0,"event_name":"Colosseum","player_choice":"Fought Nobs","floor":28.0,"gold_loss":0.0,"damage_taken":0.0},{"damage_healed":0.0,"max_hp_gain":0.0,"max_hp_loss":0.0,"gold_gain":0.0,"event_name":"Back to Basics","player_choice":"Simplicity","floor":29.0,"gold_loss":0.0,"damage_taken":0.0,"cards_upgraded":["Strike_B","Strike_B","Defend_B","Defend_B","Defend_B","Defend_B"]},{"damage_healed":0.0,"max_hp_gain":0.0,"max_hp_loss":0.0,"gold_gain":0.0,"event_name":"Cursed Tome","player_choice":"Obtained Book","floor":31.0,"gold_loss":0.0,"damage_taken":16.0},{"damage_healed":0,"gold_gain":0,"player_choice":"Max HP","damage_taken":0,"max_hp_gain":0,"max_hp_loss":4,"event_name":"Winding Halls","floor":41,"gold_loss":0},{"damage_healed":0,"gold_gain":222,"player_choice":"Wore Mask","damage_taken":0,"max_hp_gain":0,"max_hp_loss":0,"event_name":"Tomb of Lord Red Mask","floor":42,"gold_loss":0},{"damage_healed":0,"gold_gain":0,"player_choice":"Fight","damage_taken":0,"max_hp_gain":0,"max_hp_loss":0,"event_name":"MindBloom","floor":44,"gold_loss":0}],"is_beta":false,"boss_relics":[{"not_picked":["Coffee Dripper","Fusion Hammer"],"picked":"Snecko Eye"},{"not_picked":["Orrery","Empty Cage"],"picked":"Busted Crown"}],"items_purged_floors":[25,38],"is_endless":false,"potions_floor_spawned":[1,2,7,11,20,21,22,33,36,44],"ascension_level":0}