{"gold_per_floor":[110,59,234,249,135,160,178,178,178,213,213,247,247,312,312,389,389,399,416,61,71,71,71],"floor_reached":23,"playtime":1124,"items_purged":["Doubt","Strike_G"],"score":408,"play_id":"53c36db5-89c3-4d2a-9b36-7b7db47010f3","local_time":"20190426124236","is_ascension_mode":true,"campfire_choices":[{"data":"Deadly Poison","floor":8.0,"key":"SMITH"},{"floor":11.0,"key":"REST"},{"data":"Backflip","floor":13.0,"key":"SMITH"},{"floor":15.0,"key":"REST"}],"neow_cost":"NONE","seed_source_timestamp":9319524037905,"circlet_count":0,"master_deck":["AscendersBane","Defend_G","Defend_G","Defend_G","Defend_G","Defend_G","Strike_G","Strike_G","Strike_G","Strike_G","Survivor","Neutralize","Flying Knee","Deadly Poison+1","Dagger Throw","Leg Sweep","Acrobatics","Backflip+1","After Image+1","PiercingWail","Acrobatics+1","Storm of Steel+1","Concentrate+1","Acrobatics+1","Cloak And Dagger+1","Acrobatics+1","Choke","Blade Dance+1","Deadly Poison+1","Blade Dance+1","Noxious Fumes+1","Prepared+1"],"special_seed":0,"relics":["Ring of the Snake","NeowsBlessing","Frozen Egg 2","Orichalcum","Boot","Kunai","Toxic Egg 2","Orrery","Regal Pillow","Pen Nib"],"potions_floor_usage":[],"damage_taken":[{"damage":0.0,"enemies":"Small Slimes","floor":1.0,"turns":1.0},{"damage":0.0,"enemies":"Jaw Worm","floor":4.0,"turns":1.0},{"damage":0.0,"enemies":"3 Sentries","floor":6.0,"turns":1.0},{"damage":9.0,"enemies":"2 Louse","floor":7.0,"turns":3.0},{"damage":26.0,"enemies":"Gremlin Nob","floor":10.0,"turns":6.0},{"damage":27.0,"enemies":"Lagavulin","floor":12.0,"turns":8.0},{"damage":14.0,"enemies":"Gremlin Nob","floor":14.0,"turns":4.0},{"damage":4.0,"enemies":"Hexaghost","floor":16.0,"turns":12.0},{"damage":8.0,"enemies":"Spheric Guardian","floor":18.0,"turns":8.0},{"damage":6,"enemies":"Chosen","floor":19,"turns":5},{"damage":14,"enemies":"Centurion and Healer","floor":21,"turns":6},{"damage":19,"enemies":"Book of Stabbing","floor":23,"turns":4}],"seed_played":"332526500660105458","potions_obtained":[{"floor":1.0,"key":"EssenceOfSteel"},{"floor":12.0,"key":"PowerPotion"},{"floor":14.0,"key":"GhostInAJar"},{"floor":21,"key":"SpeedPotion"}],"is_trial":false,"path_per_floor":["M","$","?","M","$","E","M","R","T","E","R","E","R","?","R","B",null,"M","M","$","M","?","E"],"character_chosen":"THE_SILENT","items_purchased":["Deadly Poison","Leg Sweep","Regal Pillow","Blade Dance+1","Noxious Fumes+1"],"campfire_rested":2,"item_purchase_floors":[2,5,20,20,20],"current_hp_per_floor":[63,63,63,63,63,63,54,54,54,28,49,22,22,8,29,25,59,51,45,45,31,31,12],"gold":71,"neow_bonus":"THREE_ENEMY_KILL","is_prod":false,"is_daily":false,"chose_seed":false,"campfire_upgraded":2,"win_rate":0,"timestamp":1556250156,"path_taken":["M","$","?","M","$","E","M","R","T","E","R","E","R","?","R","BOSS","M","M","$","M","?","E"],"build_version":"2019-01-23","purchased_purges":2,"victory":false,"max_hp_per_floor":[70,70,70,70,70,70,70,70,70,70,70,70,70,70,70,70,70,70,70,70,70,70,70],"card_choices":[{"not_picked":["Setup","Flechettes"],"picked":"Flying Knee","floor":1.0},{"not_picked":["Prepared","Poisoned Stab"],"picked":"Dagger Throw","floor":4.0},{"not_picked":["Backflip","Riddle With Holes"],"picked":"Acrobatics","floor":6.0},{"not_picked":["Acrobatics","Quick Slash"],"picked":"Backflip","floor":7.0},{"not_picked":["Deadly Poison","Blade Dance"],"picked":"After Image+1","floor":10.0},{"not_picked":["Bane","Finisher"],"picked":"PiercingWail","floor":12.0},{"not_picked":["Slice","Dodge and Roll+1"],"picked":"Acrobatics+1","floor":14.0},{"not_picked":["Wraith Form v2+1","Night Terror+1"],"picked":"Storm of Steel+1","floor":16.0},{"not_picked":["Backflip+1","Dagger Throw"],"picked":"Concentrate+1","floor":17.0},{"not_picked":["Dodge and Roll+1","PiercingWail+1"],"picked":"Acrobatics+1","floor":17.0},{"not_picked":["All Out Attack","Footwork+1"],"picked":"Cloak And Dagger+1","floor":17.0},{"not_picked":["Dodge and Roll+1","Predator"],"picked":"Acrobatics+1","floor":17.0},{"not_picked":["Eviscerate","Dagger Throw"],"picked":"Choke","floor":17.0},{"not_picked":["Catalyst+1","Slice"],"picked":"Blade Dance+1","floor":18.0},{"not_picked":["Predator","Bane+1"],"picked":"Deadly Poison+1","floor":19},{"not_picked":["All Out Attack","Riddle With Holes"],"picked":"Prepared+1","floor":21}],"player_experience":703573,"relics_obtained":[{"floor":6.0,"key":"Frozen Egg 2"},{"floor":9.0,"key":"Orichalcum"},{"floor":10.0,"key":"Boot"},{"floor":12.0,"key":"Kunai"}],"event_choices":[{"damage_healed":0.0,"max_hp_gain":0.0,"max_hp_loss":0.0,"gold_gain":175.0,"event_name":"Liars Game","player_choice":"AGREE","floor":3.0,"gold_loss":0.0,"damage_taken":0.0,"cards_obtained":["Doubt"]},{"damage_healed":0.0,"max_hp_gain":0.0,"max_hp_loss":0.0,"gold_gain":0.0,"event_name":"Dead Adventurer","player_choice":"Searched \u00272\u0027 times","floor":14.0,"gold_loss":0.0,"damage_taken":0.0,"relics_obtained":["Toxic Egg 2"]},{"damage_healed":0,"gold_gain":0,"player_choice":"Opened","damage_taken":0,"relics_obtained":["Pen Nib"],"max_hp_gain":0,"max_hp_loss":0,"event_name":"The Mausoleum","floor":22,"gold_loss":0}],"is_beta":false,"boss_relics":[{"not_picked":["Velvet Choker","Snecko Eye"],"picked":"Orrery"}],"items_purged_floors":[5,20],"is_endless":false,"potions_floor_spawned":[1,12,14,21],"killed_by":"Book of Stabbing","ascension_level":13}