{"gold_per_floor":[111,128,53,123,137,166,241,241,241,241,260,278,278,19,19,92,92,112,112,124,39,56,56],"floor_reached":23,"playtime":3056,"items_purged":[],"score":334,"play_id":"7f7d895a-5b19-4c78-924d-7c1560d94f41","local_time":"20190421125625","is_ascension_mode":true,"campfire_choices":[{"floor":8,"key":"REST"},{"data":"Ball Lightning","floor":10,"key":"SMITH"},{"floor":13,"key":"REST"},{"data":"Consume","floor":15,"key":"SMITH"}],"neow_cost":"NONE","seed_source_timestamp":613812302918418,"circlet_count":0,"master_deck":["AscendersBane","Strike_B","Strike_B","Strike_B","Defend_B","Defend_B","Defend_B","Defend_B","Zap","Dualcast","Ball Lightning+1","Coolheaded","Conserve Battery","Consume+1","BootSequence","Electrodynamics"],"relics":["Cracked Core","Darkstone Periapt","Gambling Chip","Bottled Flame","Question Card","Busted Crown","The Courier"],"potions_floor_usage":[6,16,22],"damage_taken":[{"damage":7,"enemies":"Small Slimes","floor":1,"turns":3},{"damage":2,"enemies":"Jaw Worm","floor":2,"turns":3},{"damage":7,"enemies":"2 Louse","floor":5,"turns":3},{"damage":34,"enemies":"Gremlin Nob","floor":6,"turns":4},{"damage":5,"enemies":"2 Fungi Beasts","floor":11,"turns":3},{"damage":2,"enemies":"Red Slaver","floor":12,"turns":4},{"damage":37,"enemies":"Slime Boss","floor":16,"turns":13},{"damage":0,"enemies":"Chosen","floor":18,"turns":4},{"damage":5,"enemies":"Shell Parasite","floor":20,"turns":7},{"damage":23,"enemies":"Sentry and Sphere","floor":22,"turns":7},{"damage":46,"enemies":"Gremlin Leader","floor":23,"turns":3}],"seed_played":"5671634482991460032","potions_obtained":[{"floor":2,"key":"Ancient Potion"},{"floor":5,"key":"FocusPotion"},{"floor":18,"key":"FearPotion"},{"floor":20,"key":"Weak Potion"}],"is_trial":false,"path_per_floor":["M","M","?","T","M","E","?","R","T","R","M","M","R","$","R","B",null,"M","?","M","?","M","E"],"character_chosen":"DEFECT","items_purchased":["Question Card"],"campfire_rested":2,"item_purchase_floors":[14],"current_hp_per_floor":[64,62,62,62,55,21,10,33,33,33,28,26,49,49,49,12,62,62,62,57,57,34,0],"gold":56,"neow_bonus":"TEN_PERCENT_HP_BONUS","is_prod":false,"is_daily":false,"chose_seed":false,"campfire_upgraded":2,"win_rate":0,"timestamp":1555865785,"path_taken":["M","M","?","?","M","E","?","R","T","R","M","M","R","$","R","BOSS","M","?","?","?","M","E"],"build_version":"2019-01-23","purchased_purges":0,"victory":false,"max_hp_per_floor":[78,78,78,78,78,78,78,78,78,78,78,78,78,78,78,78,78,78,78,78,78,78,78],"card_choices":[{"not_picked":["Hologram","Auto Shields"],"picked":"Ball Lightning","floor":1},{"not_picked":["Redo","Auto Shields"],"picked":"Coolheaded","floor":2},{"not_picked":["Turbo","Go for the Eyes","Scrape"],"picked":"SKIP","floor":5},{"not_picked":["Rebound","Double Energy"],"picked":"Conserve Battery","floor":6},{"not_picked":["Chaos","Sweeping Beam"],"picked":"Consume","floor":11},{"not_picked":["Coolheaded","Streamline"],"picked":"BootSequence","floor":12},{"not_picked":["Amplify","Thunder Strike","Fission"],"picked":"Electrodynamics","floor":16},{"not_picked":["Storm","Chaos"],"picked":"SKIP","floor":18},{"not_picked":["Force Field","Go for the Eyes"],"picked":"SKIP","floor":20},{"not_picked":["Conserve Battery","Turbo"],"picked":"SKIP","floor":22}],"player_experience":845608,"relics_obtained":[{"floor":4,"key":"Darkstone Periapt"},{"floor":6,"key":"Gambling Chip"},{"floor":9,"key":"Bottled Flame"}],"event_choices":[{"cards_removed":["Strike_B"],"damage_healed":0,"gold_gain":0,"player_choice":"Card Removal","damage_taken":0,"max_hp_gain":0,"max_hp_loss":0,"event_name":"The Cleric","floor":3,"gold_loss":75},{"damage_healed":0,"gold_gain":75,"player_choice":"Gather Gold","damage_taken":11,"max_hp_gain":0,"max_hp_loss":0,"event_name":"World of Goop","floor":7,"gold_loss":0},{"damage_healed":0,"gold_gain":0,"player_choice":"0 cards matched","damage_taken":0,"max_hp_gain":0,"max_hp_loss":0,"event_name":"Match and Keep!","floor":19,"gold_loss":0,"cards_obtained":[]},{"damage_healed":0,"gold_gain":0,"player_choice":"Obtained Relic","damage_taken":0,"relics_obtained":["The Courier"],"max_hp_gain":0,"max_hp_loss":0,"event_name":"Addict","floor":21,"gold_loss":85}],"is_beta":false,"boss_relics":[{"not_picked":["Nuclear Battery","FrozenCore"],"picked":"Busted Crown"}],"items_purged_floors":[],"is_endless":false,"potions_floor_spawned":[2,5,18,20],"killed_by":"Gremlin Leader","ascension_level":15}