{"gold_per_floor":[115,132,5,5,28,64,64,99,99,99,118,118,183,15,15,143,143,143,143,143,143,143,143,143,143,143,143,143,143,143,143,143,143,143,143,143,143,143,143,143,143,143,143,143,143,143,143,143,143,143],"floor_reached":50,"playtime":2374,"items_purged":["Normality","Pain"],"score":674,"play_id":"9bb40ebc-d65b-4000-8859-0f9e5e29a67a","local_time":"20180909210520","is_ascension_mode":true,"campfire_choices":[{"floor":7.0,"key":"REST"},{"floor":12.0,"key":"REST"},{"data":"Zap","floor":15.0,"key":"SMITH"},{"data":"Sunder","floor":23.0,"key":"SMITH"},{"floor":28.0,"key":"REST"},{"floor":32.0,"key":"REST"},{"floor":41,"key":"REST"},{"floor":44,"key":"REST"},{"floor":49,"key":"REST"}],"neow_cost":"CURSE","seed_source_timestamp":0,"circlet_count":0,"master_deck":["Strike_B","Strike_B","Strike_B","Strike_B","Defend_B","Defend_B","Defend_B","Defend_B","Zap+1","Dualcast","Consume","Conserve Battery","Ball Lightning","Genetic Algorithm","Auto Shields","Darkness","Coolheaded","Ball Lightning","Chill","Electrodynamics","Ball Lightning+1","Cold Snap+1","Blizzard+1","Coolheaded","Sunder+1","Leap","Undo","RitualDagger","Hologram","Coolheaded+1","Double Energy+1","Conserve Battery+1","Undo+1","Dark Shackles","Fusion+1","Conserve Battery+1","Darkness+1","Compile Driver+1","Blizzard","Writhe"],"special_seed":0,"relics":["Cracked Core","Golden Idol","Symbiotic Virus","Cables","Ornamental Fan","WarpedTongs","Tiny Chest","Ectoplasm","Bottled Flame","Dodecahedron","Tiny House","Happy Flower","Kunai","Juzu Bracelet"],"potions_floor_usage":[35,45,47,50],"damage_taken":[{"damage":2.0,"enemies":"Jaw Worm","floor":1.0,"turns":3.0},{"damage":7.0,"enemies":"2 Louse","floor":2.0,"turns":2.0},{"damage":0.0,"enemies":"Cultist","floor":5.0,"turns":3.0},{"damage":32.0,"enemies":"Gremlin Nob","floor":6.0,"turns":4.0},{"damage":15.0,"enemies":"3 Sentries","floor":8.0,"turns":7.0},{"damage":3.0,"enemies":"Looter","floor":11.0,"turns":3.0},{"damage":6.0,"enemies":"Lagavulin","floor":13.0,"turns":5.0},{"damage":18.0,"enemies":"Hexaghost","floor":16.0,"turns":8.0},{"damage":0.0,"enemies":"3 Byrds","floor":18.0,"turns":2.0},{"damage":7.0,"enemies":"Shell Parasite","floor":19.0,"turns":4.0},{"damage":4.0,"enemies":"3 Cultists","floor":20.0,"turns":3.0},{"damage":0.0,"enemies":"Snecko","floor":21.0,"turns":3.0},{"damage":15.0,"enemies":"Cultist and Chosen","floor":22.0,"turns":5.0},{"damage":13.0,"enemies":"Centurion and Healer","floor":24.0,"turns":5.0},{"damage":19.0,"enemies":"Book of Stabbing","floor":25.0,"turns":5.0},{"damage":0.0,"enemies":"Sentry and Sphere","floor":30.0,"turns":3.0},{"damage":0.0,"enemies":"3 Cultists","floor":31.0,"turns":3.0},{"damage":35.0,"enemies":"Collector","floor":33.0,"turns":11.0},{"damage":0,"enemies":"3 Shapes","floor":35,"turns":2},{"damage":0,"enemies":"3 Darklings","floor":36,"turns":4},{"damage":42,"enemies":"Spire Growth","floor":39,"turns":4},{"damage":34,"enemies":"2 Orb Walkers","floor":40,"turns":5},{"damage":33,"enemies":"Sphere and 2 Shapes","floor":42,"turns":4},{"damage":8,"enemies":"Maw","floor":45,"turns":9},{"damage":0,"enemies":"4 Shapes","floor":46,"turns":4},{"damage":41,"enemies":"Spire Growth","floor":47,"turns":5},{"damage":77,"enemies":"Donu and Deca","floor":50,"turns":8}],"seed_played":"-2626597169558555242","potions_obtained":[{"floor":2.0,"key":"SteroidPotion"},{"floor":6.0,"key":"SkillPotion"},{"floor":11.0,"key":"Explosive Potion"},{"floor":19.0,"key":"PowerPotion"},{"floor":20.0,"key":"Swift Potion"},{"floor":25.0,"key":"Swift Potion"},{"floor":30.0,"key":"Fire Potion"},{"floor":31.0,"key":"FairyPotion"},{"floor":34,"key":"Dexterity Potion"},{"floor":40,"key":"AttackPotion"},{"floor":45,"key":"SpeedPotion"},{"floor":46,"key":"Fire Potion"}],"is_trial":false,"path_per_floor":["M","M","$","?","M","E","R","E","T","?","M","R","E","$","R","B",null,"M","M","M","M","M","R","M","E","T","?","R","?","M","M","R","B",null,"M","M","?","T","M","E","R","M","T","R","M","M","M","?","R"],"character_chosen":"DEFECT","items_purchased":["Ball Lightning","Chill"],"campfire_rested":7,"item_purchase_floors":[3,14],"current_hp_per_floor":[87,80,80,58,58,26,52,37,37,37,34,60,54,54,54,36,89,89,82,78,78,63,63,50,31,31,25,51,51,51,51,77,42,94,94,94,94,94,52,18,46,13,13,41,33,33,9,33,61,0],"gold":143,"neow_bonus":"TWENTY_PERCENT_HP_BONUS","is_prod":false,"is_daily":false,"chose_seed":false,"campfire_upgraded":2,"win_rate":0,"timestamp":1536541520,"path_taken":["M","M","$","?","M","E","R","E","T","?","M","R","E","$","R","BOSS","M","M","M","M","M","R","M","E","T","?","R","?","?","M","R","BOSS","M","M","?","?","?","E","R","?","T","R","M","M","M","?","R","BOSS"],"build_version":"2018-09-06","purchased_purges":2,"victory":false,"max_hp_per_floor":[89,89,89,89,89,89,89,89,89,89,89,89,89,89,89,89,89,89,89,89,89,89,89,89,89,89,89,89,89,89,89,89,89,94,94,94,94,94,94,94,94,94,94,94,94,94,94,94,94,94],"card_choices":[{"not_picked":["Scrape","Turbo"],"picked":"Consume","floor":1.0},{"not_picked":["Rip and Tear","Sweeping Beam"],"picked":"Conserve Battery","floor":2.0},{"not_picked":["Go for the Eyes","Beam Cell"],"picked":"Genetic Algorithm","floor":5.0},{"not_picked":["Storm","Leap"],"picked":"Auto Shields","floor":6.0},{"not_picked":["Scrape","Gash"],"picked":"Darkness","floor":8.0},{"not_picked":["Heatsinks","Streamline"],"picked":"Coolheaded","floor":11.0},{"not_picked":["Compile Driver","Static Discharge"],"picked":"Ball Lightning","floor":13.0},{"not_picked":["Amplify","Echo Form"],"picked":"Electrodynamics","floor":16.0},{"not_picked":["Gash","Reprogram"],"picked":"Ball Lightning+1","floor":18.0},{"not_picked":["Go for the Eyes","Storm"],"picked":"Cold Snap+1","floor":19.0},{"not_picked":["Hello World","Lockon"],"picked":"Blizzard","floor":20.0},{"not_picked":["Steam Power+1","Reprogram"],"picked":"Coolheaded","floor":21.0},{"not_picked":["Consume+1","Compile Driver"],"picked":"Sunder","floor":22.0},{"not_picked":["Undo","Compile Driver"],"picked":"Leap","floor":24.0},{"not_picked":["Multi-Cast","Fusion"],"picked":"Undo","floor":25.0},{"not_picked":["Turbo","Reprogram+1"],"picked":"Hologram","floor":30.0},{"not_picked":["Turbo","Fusion+1"],"picked":"Coolheaded+1","floor":31.0},{"not_picked":["Hologram","Streamline"],"picked":"Double Energy+1","floor":34},{"not_picked":["Fusion+1","Coolheaded"],"picked":"Conserve Battery+1","floor":35},{"not_picked":["Stack","Darkness"],"picked":"Undo+1","floor":36},{"not_picked":["Swift Strike","Madness"],"picked":"Dark Shackles","floor":37},{"not_picked":["Sweeping Beam","Barrage+1","Stack+1"],"picked":"SKIP","floor":39},{"not_picked":["All For One","Force Field"],"picked":"Fusion+1","floor":40},{"not_picked":["Hologram+1","Stack"],"picked":"Conserve Battery+1","floor":42},{"not_picked":["Genetic Algorithm","Beam Cell+1"],"picked":"Darkness+1","floor":45},{"not_picked":["Cold Snap","Beam Cell"],"picked":"Compile Driver+1","floor":46},{"not_picked":["Lockon","Barrage"],"picked":"Blizzard","floor":47}],"player_experience":97903,"relics_obtained":[{"floor":6.0,"key":"Symbiotic Virus"},{"floor":8.0,"key":"Cables"},{"floor":9.0,"key":"Ornamental Fan"},{"floor":13.0,"key":"Tiny Chest"},{"floor":25.0,"key":"Bottled Flame"},{"floor":26.0,"key":"Dodecahedron"},{"floor":38,"key":"Happy Flower"},{"floor":40,"key":"Kunai"},{"floor":43,"key":"Juzu Bracelet"}],"event_choices":[{"event_name":"Golden Idol","player_choice":"Take Damage","floor":4.0,"damage_taken":0.0},{"event_name":"Accursed Blacksmith","player_choice":"Rummage","floor":10.0,"damage_taken":0.0},{"event_name":"Nest","player_choice":"Joined the Cult","floor":27.0,"damage_taken":0.0},{"event_name":"The Mausoleum","player_choice":"No","floor":29.0,"damage_taken":0.0},{"event_name":"SensoryStone","player_choice":"Memory 1","floor":37,"damage_taken":0},{"event_name":"Winding Halls","player_choice":"Writhe","floor":48,"damage_taken":0}],"is_beta":false,"boss_relics":[{"not_picked":["Black Star","Fusion Hammer"],"picked":"Ectoplasm"},{"not_picked":["Calling Bell","Eternal Feather"],"picked":"Tiny House"}],"items_purged_floors":[3,14],"is_endless":false,"potions_floor_spawned":[2,6,11,19,20,25,30,31,40,45,46],"killed_by":"Donu and Deca","ascension_level":3}