{"gold_per_floor":[109,126,126,126,201,201,227,247,247,247,282,282,349,33,33,130,130,149,163,12,62,212,212,231,231,231,241,241,258,273,289,289,289],"floor_reached":33,"playtime":1391,"items_purged":[],"score":283,"play_id":"6c5dd111-e588-4b3f-b6cf-5502e7fd4b63","local_time":"20190426113555","is_ascension_mode":true,"campfire_choices":[{"data":"Bash","floor":6,"key":"SMITH"},{"data":"Armaments","floor":10,"key":"SMITH"},{"data":"Rupture","floor":15,"key":"SMITH"},{"data":"True Grit","floor":23,"key":"SMITH"},{"floor":25,"key":"REST"},{"data":"True Grit","floor":28,"key":"SMITH"},{"floor":32,"key":"REST"}],"neow_cost":"NONE","seed_source_timestamp":62900492646559,"circlet_count":0,"master_deck":["Strike_R","Strike_R","Strike_R","Strike_R","Strike_R","Defend_R","Defend_R","Defend_R","Defend_R","Bash+1","Iron Wave","Pommel Strike","Ghostly Armor","Armaments+1","Shrug It Off","Hemokinesis","Rupture+1","Offering","Headbutt+1","Clothesline+1","Feel No Pain","True Grit+1","Iron Wave","True Grit+1","Hemokinesis+1","Anger","Reaper","Corruption+1"],"relics":["Burning Blood","Gambling Chip","Sundial","Mercury Hourglass","Paper Frog","SsserpentHead","Gremlin Horn","Mark of Pain","FossilizedHelix","Shuriken"],"potions_floor_usage":[7,7,18,22,22,33,33,33],"damage_taken":[{"damage":6,"enemies":"Cultist","floor":1,"turns":4},{"damage":2,"enemies":"2 Louse","floor":2,"turns":4},{"damage":20,"enemies":"Gremlin Nob","floor":7,"turns":4},{"damage":2,"enemies":"Small Slimes","floor":8,"turns":5},{"damage":21,"enemies":"3 Sentries","floor":11,"turns":7},{"damage":0,"enemies":"Red Slaver","floor":13,"turns":3},{"damage":24,"enemies":"Hexaghost","floor":16,"turns":11},{"damage":19,"enemies":"3 Byrds","floor":18,"turns":5},{"damage":8,"enemies":"Spheric Guardian","floor":19,"turns":3},{"damage":36,"enemies":"Colosseum Slavers","floor":22,"turns":4},{"damage":11,"enemies":"Colosseum Nobs","floor":22,"turns":5},{"damage":6,"enemies":"3 Cultists","floor":24,"turns":5},{"damage":5,"enemies":"Snecko","floor":27,"turns":3},{"damage":16,"enemies":"Snake Plant","floor":29,"turns":4},{"damage":22,"enemies":"Chosen and Byrds","floor":30,"turns":6},{"damage":17,"enemies":"Centurion and Healer","floor":31,"turns":5},{"damage":65,"enemies":"Automaton","floor":33,"turns":8}],"seed_played":"5785400121417642100","potions_obtained":[{"floor":0,"key":"SteroidPotion"},{"floor":0,"key":"Ancient Potion"},{"floor":0,"key":"Fire Potion"},{"floor":16,"key":"Fire Potion"},{"floor":19,"key":"FearPotion"},{"floor":22,"key":"SpeedPotion"},{"floor":24,"key":"Dexterity Potion"},{"floor":27,"key":"Energy Potion"}],"is_trial":false,"path_per_floor":["T","?","?","?","M","?","?"],"character_chosen":"IRONCLAD","items_purchased":["Rupture","Gremlin Horn","Feel No Pain","True Grit","Iron Wave"],"campfire_rested":2,"item_purchase_floors":[14,14,20,20,20],"current_hp_per_floor":[80,80,80,80,69,69,55,59,59,59,44,44,50,50,50,32,80,67,65,65,65,30,30,30,54,54,55,55,45,35,24,48,0],"gold":289,"neow_bonus":"THREE_SMALL_POTIONS","is_prod":false,"is_daily":false,"chose_seed":false,"campfire_upgraded":5,"win_rate":0,"timestamp":1556253355,"path_taken":["M","M","?","?","?","R","E","M","T","R","E","?","?","$","R","BOSS","M","M","$","?","?","R","M","R","T","M","R","M","M","M","R","BOSS"],"build_version":"2019-01-23","purchased_purges":0,"victory":false,"max_hp_per_floor":[80,80,80,80,80,80,80,80,80,80,80,80,80,80,80,80,80,80,80,80,80,80,80,80,80,80,80,80,80,80,80,80,80],"card_choices":[{"not_picked":["Cleave","Flex"],"picked":"Iron Wave","floor":1},{"not_picked":["Dual Wield","Combust"],"picked":"Pommel Strike","floor":2},{"not_picked":["Clothesline","Corruption"],"picked":"Ghostly Armor","floor":7},{"not_picked":["Uppercut","Pommel Strike"],"picked":"Armaments","floor":8},{"not_picked":["Dual Wield","Pommel Strike"],"picked":"Shrug It Off","floor":11},{"not_picked":["Pommel Strike","Iron Wave"],"picked":"Hemokinesis","floor":13},{"not_picked":["Demon Form","Berserk"],"picked":"Offering","floor":16},{"not_picked":["Corruption","Fire Breathing"],"picked":"Headbutt+1","floor":18},{"not_picked":["Shockwave","Cleave"],"picked":"Clothesline+1","floor":19},{"not_picked":["Cleave","Headbutt"],"picked":"True Grit","floor":22},{"not_picked":["Wild Strike","Clothesline+1"],"picked":"Hemokinesis+1","floor":24},{"not_picked":["Bloodletting","Ghostly Armor"],"picked":"Anger","floor":27},{"not_picked":["Armaments","Clash+1"],"picked":"Reaper","floor":29},{"not_picked":["Reckless Charge","Wild Strike"],"picked":"Corruption+1","floor":30},{"not_picked":["Wild Strike","Rupture","Infernal Blade"],"picked":"SKIP","floor":31}],"player_experience":93233,"relics_obtained":[{"floor":3,"key":"Gambling Chip"},{"floor":7,"key":"Sundial"},{"floor":9,"key":"Mercury Hourglass"},{"floor":11,"key":"Paper Frog"},{"floor":22,"key":"FossilizedHelix"},{"floor":22,"key":"Shuriken"}],"event_choices":[{"damage_healed":0,"gold_gain":0,"player_choice":"Ignored","damage_taken":0,"max_hp_gain":0,"max_hp_loss":0,"event_name":"Liars Game","floor":4,"gold_loss":0},{"damage_healed":0,"gold_gain":75,"player_choice":"Gather Gold","damage_taken":11,"max_hp_gain":0,"max_hp_loss":0,"event_name":"World of Goop","floor":5,"gold_loss":0},{"damage_healed":0,"gold_gain":0,"player_choice":"Trade","damage_taken":0,"relics_obtained":["SsserpentHead"],"max_hp_gain":0,"max_hp_loss":0,"event_name":"FaceTrader","floor":12,"gold_loss":0},{"damage_healed":0,"gold_gain":0,"player_choice":"Ignored","damage_taken":0,"max_hp_gain":0,"max_hp_loss":0,"event_name":"Beggar","floor":21,"gold_loss":0},{"damage_healed":0,"gold_gain":0,"player_choice":"Fight","damage_taken":0,"max_hp_gain":0,"max_hp_loss":0,"event_name":"Colosseum","floor":22,"gold_loss":0},{"damage_healed":0,"gold_gain":0,"player_choice":"Fought Nobs","damage_taken":0,"max_hp_gain":0,"max_hp_loss":0,"event_name":"Colosseum","floor":22,"gold_loss":0}],"is_beta":false,"boss_relics":[{"not_picked":["Velvet Choker","Cursed Key"],"picked":"Mark of Pain"}],"items_purged_floors":[],"is_endless":false,"potions_floor_spawned":[2,16,19,22,24,27],"killed_by":"Automaton","ascension_level":2}