{"gold_per_floor":[117,117,137,137,150,188,188,232,310,280,296,296,13,13,13,132,132,155,175,175,175,194,194,194],"floor_reached":24,"playtime":1279,"items_purged":[],"score":204,"play_id":"667fc91b-e230-4c7c-a73f-cb959529c49c","local_time":"20190403140445","is_ascension_mode":false,"campfire_choices":[{"floor":7,"key":"REST"},{"floor":12,"key":"REST"},{"data":"Limit Break","floor":15,"key":"SMITH"},{"floor":23,"key":"REST"}],"neow_cost":"NONE","seed_source_timestamp":495244161418838,"circlet_count":0,"master_deck":["Strike_R+1","Strike_R+1","Strike_R+1","Strike_R+1","Strike_R+1","Defend_R+1","Defend_R+1","Defend_R+1","Defend_R+1","Bash","Cleave","Iron Wave","Spot Weakness","Flex","Limit Break+1","Searing Blow","Flex+1","Dropkick","Bludgeon","Iron Wave","Seeing Red+1","Double Tap+1"],"relics":["Burning Blood","NeowsBlessing","Ginger","Ancient Tea Set","Toxic Egg 2","Question Card","Centennial Puzzle","Runic Pyramid","Nloth\u0027s Gift"],"potions_floor_usage":[16,16,16],"damage_taken":[{"damage":0,"enemies":"2 Louse","floor":1,"turns":1},{"damage":0,"enemies":"Jaw Worm","floor":3,"turns":1},{"damage":0,"enemies":"Small Slimes","floor":5,"turns":1},{"damage":34,"enemies":"Gremlin Nob","floor":6,"turns":5},{"damage":20,"enemies":"3 Sentries","floor":8,"turns":8},{"damage":5,"enemies":"Looter","floor":10,"turns":4},{"damage":12,"enemies":"3 Louse","floor":11,"turns":2},{"damage":40,"enemies":"The Guardian","floor":16,"turns":8},{"damage":5,"enemies":"Chosen","floor":18,"turns":3},{"damage":25,"enemies":"Shell Parasite","floor":19,"turns":4},{"damage":31,"enemies":"Shelled Parasite and Fungi","floor":22,"turns":5},{"damage":57,"enemies":"Book of Stabbing","floor":24,"turns":5}],"seed_played":"-4522858117242380531","potions_obtained":[{"floor":6,"key":"Block Potion"},{"floor":8,"key":"Strength Potion"},{"floor":11,"key":"Weak Potion"},{"floor":18,"key":"Swift Potion"}],"is_trial":false,"path_per_floor":["M","?","M","?","M","E","R","E","T","M","M","R","$","?","R","B",null,"M","M","?","?","M","R","E"],"character_chosen":"IRONCLAD","items_purchased":["Question Card","Dropkick"],"campfire_rested":3,"item_purchase_floors":[13,13],"current_hp_per_floor":[80,80,80,74,74,46,68,54,54,55,49,71,71,64,64,30,74,74,55,55,55,30,52,0],"gold":194,"neow_bonus":"THREE_ENEMY_KILL","is_prod":false,"is_daily":false,"chose_seed":false,"campfire_upgraded":1,"win_rate":0,"timestamp":1554314685,"path_taken":["M","?","M","?","M","E","R","E","T","M","M","R","?","?","R","BOSS","M","M","?","?","M","R","E"],"build_version":"2019-01-23","purchased_purges":0,"victory":false,"max_hp_per_floor":[80,80,80,74,74,74,74,74,74,74,74,74,74,74,74,74,74,74,74,74,74,74,74,74],"card_choices":[{"not_picked":["Clash","Clothesline"],"picked":"Cleave","floor":1},{"not_picked":["Fire Breathing","Ghostly Armor"],"picked":"Iron Wave","floor":3},{"not_picked":["Evolve","Warcry"],"picked":"Spot Weakness","floor":5},{"not_picked":["Clothesline","Disarm"],"picked":"Flex","floor":6},{"not_picked":["Blood for Blood","Warcry"],"picked":"Limit Break","floor":8},{"not_picked":["Ghostly Armor+1","Rupture"],"picked":"Searing Blow","floor":10},{"not_picked":["Heavy Blade","True Grit+1"],"picked":"Flex+1","floor":11},{"not_picked":["Berserk","Barricade","Dark Embrace"],"picked":"Bludgeon","floor":16},{"not_picked":["Sword Boomerang","Clothesline","Clash+1"],"picked":"Iron Wave","floor":18},{"not_picked":["Armaments+1","Warcry+1","Pommel Strike+1"],"picked":"Seeing Red+1","floor":19},{"not_picked":["Twin Strike+1","Warcry+1","Flex+1"],"picked":"Double Tap+1","floor":22}],"player_experience":28021,"relics_obtained":[{"floor":6,"key":"Ginger"},{"floor":8,"key":"Ancient Tea Set"},{"floor":9,"key":"Toxic Egg 2"}],"event_choices":[{"damage_healed":0,"gold_gain":0,"player_choice":"Leave","damage_taken":0,"max_hp_gain":0,"max_hp_loss":0,"event_name":"The Cleric","floor":2,"gold_loss":0},{"damage_healed":0,"gold_gain":0,"player_choice":"Lose Max HP","damage_taken":0,"relics_obtained":["Golden Idol"],"max_hp_gain":0,"max_hp_loss":6,"event_name":"Golden Idol","floor":4,"gold_loss":0},{"damage_healed":0,"gold_gain":0,"player_choice":"Success","damage_taken":7,"relics_obtained":["Centennial Puzzle"],"max_hp_gain":0,"max_hp_loss":0,"event_name":"Scrap Ooze","floor":14,"gold_loss":0},{"damage_healed":0,"gold_gain":0,"player_choice":"Simplicity","damage_taken":0,"max_hp_gain":0,"max_hp_loss":0,"event_name":"Back to Basics","floor":20,"gold_loss":0,"cards_upgraded":["Strike_R","Strike_R","Strike_R","Strike_R","Strike_R","Defend_R","Defend_R","Defend_R","Defend_R"]},{"damage_healed":0,"gold_gain":0,"player_choice":"Traded Relic","damage_taken":0,"relics_obtained":["Nloth\u0027s Gift"],"max_hp_gain":0,"max_hp_loss":0,"event_name":"N\u0027loth","floor":21,"relics_lost":["Golden Idol"],"gold_loss":0}],"is_beta":false,"boss_relics":[{"not_picked":["Orrery","Sozu"],"picked":"Runic Pyramid"}],"items_purged_floors":[],"is_endless":false,"potions_floor_spawned":[6,8,11,18],"killed_by":"Book of Stabbing","ascension_level":0}