{"gold_per_floor":[111,111,122,141,153,153,5,5,32,32,52,52,127,146,146,241,241,151,74,74,274,285,319,337,337,360,360],"floor_reached":27,"playtime":2955,"items_purged":["Strike_B"],"score":332,"play_id":"adc7378d-77f4-4ae6-a0fc-d7282101921f","local_time":"20181229020843","is_ascension_mode":true,"campfire_choices":[{"floor":6,"key":"REST"},{"data":"Defragment","floor":8,"key":"SMITH"},{"data":"Glacier","floor":10,"key":"SMITH"},{"floor":15,"key":"REST"},{"floor":25,"key":"REST"}],"neow_cost":"PERCENT_DAMAGE","seed_source_timestamp":21199011731223,"circlet_count":0,"master_deck":["AscendersBane","Strike_B","Strike_B","Strike_B","Defend_B","Defend_B","Defend_B","Defend_B","Zap","Dualcast","Creative AI+1","Conserve Battery+1","Glacier+1","BootSequence","Defragment+1","Coolheaded","Amplify","Ball Lightning+1","Defragment","Heatsinks"],"relics":["Cracked Core","Lantern","Fusion Hammer","Potion Belt","Bag of Marbles"],"potions_floor_usage":[5,11,27,27],"damage_taken":[{"damage":13,"enemies":"Small Slimes","floor":1,"turns":4},{"damage":0,"enemies":"Jaw Worm","floor":3,"turns":4},{"damage":1,"enemies":"Cultist","floor":4,"turns":5},{"damage":0,"enemies":"2 Fungi Beasts","floor":5,"turns":4},{"damage":0,"enemies":"Exordium Wildlife","floor":11,"turns":7},{"damage":14,"enemies":"Gremlin Gang","floor":14,"turns":7},{"damage":4,"enemies":"The Guardian","floor":16,"turns":13},{"damage":9,"enemies":"2 Thieves","floor":18,"turns":5},{"damage":0,"enemies":"Spheric Guardian","floor":22,"turns":4},{"damage":7,"enemies":"Book of Stabbing","floor":23,"turns":9},{"damage":3,"enemies":"Centurion and Healer","floor":24,"turns":11},{"damage":76,"enemies":"Slavers","floor":27,"turns":4}],"seed_played":"-5075295429803725125","potions_obtained":[{"floor":1,"key":"AttackPotion"},{"floor":3,"key":"Fire Potion"},{"floor":23,"key":"Swift Potion"},{"floor":24,"key":"LiquidBronze"}],"is_trial":false,"path_per_floor":["M","?","M","M","M","R","$","R","T","R","M","?","?","M","R","B",null,"M","$","?","?","M","E","M","R","T","E"],"character_chosen":"DEFECT","items_purchased":["Defragment","Defragment"],"campfire_rested":3,"item_purchase_floors":[7,19],"current_hp_per_floor":[37,22,22,21,21,43,43,43,43,43,43,43,32,18,40,36,65,56,56,56,56,56,49,46,68,68,0],"gold":360,"neow_bonus":"THREE_RARE_CARDS","is_prod":false,"is_daily":false,"chose_seed":false,"campfire_upgraded":2,"win_rate":0,"timestamp":1546067323,"path_taken":["M","?","M","M","M","R","$","R","T","R","M","?","?","M","R","BOSS","M","$","?","?","?","E","M","R","T","E"],"build_version":"2018-12-20","purchased_purges":1,"victory":false,"max_hp_per_floor":[75,75,75,75,75,75,75,75,75,75,75,75,75,75,75,75,75,75,75,75,75,75,75,75,75,75,75],"card_choices":[{"not_picked":["Biased Cognition","Amplify"],"picked":"Creative AI","floor":0},{"not_picked":["Double Energy","Force Field"],"picked":"Conserve Battery","floor":1},{"not_picked":["Hologram","Melter","Turbo"],"picked":"SKIP","floor":3},{"not_picked":["Consume","Cold Snap"],"picked":"Glacier","floor":4},{"not_picked":["Auto Shields","Melter"],"picked":"BootSequence","floor":5},{"not_picked":["Genetic Algorithm","Sweeping Beam","Steam"],"picked":"SKIP","floor":11},{"not_picked":["Leap","Capacitor"],"picked":"Coolheaded","floor":14},{"not_picked":["Meteor Strike","Core Surge"],"picked":"Amplify","floor":16},{"not_picked":["Conserve Battery","Streamline"],"picked":"Ball Lightning+1","floor":18},{"not_picked":["Ball Lightning","Barrage","Hello World"],"picked":"SKIP","floor":22},{"not_picked":["Compile Driver+1","Rebound"],"picked":"Heatsinks","floor":23},{"not_picked":["Doom and Gloom","Hyperbeam","Rebound+1"],"picked":"SKIP","floor":24}],"player_experience":626744,"relics_obtained":[{"floor":9,"key":"Lantern"},{"floor":23,"key":"Potion Belt"},{"floor":26,"key":"Bag of Marbles"}],"event_choices":[{"damage_healed":0,"gold_gain":0,"player_choice":"Entered Light","damage_taken":15,"max_hp_gain":0,"max_hp_loss":0,"event_name":"Shining Light","floor":2,"gold_loss":0,"cards_upgraded":["Creative AI","Conserve Battery"]},{"damage_healed":0,"gold_gain":0,"player_choice":"Ignored","damage_taken":0,"max_hp_gain":0,"max_hp_loss":0,"event_name":"Liars Game","floor":12,"gold_loss":0},{"damage_healed":0,"gold_gain":75,"player_choice":"Gather Gold","damage_taken":11,"max_hp_gain":0,"max_hp_loss":0,"event_name":"World of Goop","floor":13,"gold_loss":0},{"damage_healed":0,"gold_gain":0,"player_choice":"Ignored","damage_taken":0,"max_hp_gain":0,"max_hp_loss":0,"event_name":"Vampires","floor":20,"gold_loss":0},{"damage_healed":0,"gold_gain":250,"player_choice":"Bet on Owner","damage_taken":0,"max_hp_gain":0,"max_hp_loss":0,"event_name":"The Joust","floor":21,"gold_loss":50}],"is_beta":false,"boss_relics":[{"not_picked":["Coffee Dripper","Empty Cage"],"picked":"Fusion Hammer"}],"items_purged_floors":[7],"is_endless":false,"potions_floor_spawned":[1,3,23,24],"killed_by":"Slavers","ascension_level":10}