{"gold_per_floor":[113,123,136,61,72,98,98,48,48,48,48,48,58,72,72,176,176,193,203,203,223,223,223],"floor_reached":23,"playtime":1969,"items_purged":["Injury"],"score":315,"play_id":"9f389969-231d-4a25-8dd2-582dbae95003","local_time":"20190318210808","is_ascension_mode":true,"campfire_choices":[{"floor":7,"key":"REST"},{"floor":10,"key":"REST"},{"data":"Consume","floor":15,"key":"SMITH"}],"neow_cost":"CURSE","seed_source_timestamp":1191511396208470,"circlet_count":0,"master_deck":["AscendersBane","Strike_B","Strike_B","Strike_B","Defend_B","Defend_B","Defend_B","Defend_B","Zap","Dualcast","Electrodynamics","Cold Snap","Consume+1","Creative AI","Seek","Cold Snap","Ball Lightning"],"relics":["Cracked Core","Bag of Marbles","Smiling Mask","Velvet Choker"],"potions_floor_usage":[6,12,16,16,22],"damage_taken":[{"damage":1,"enemies":"Cultist","floor":1,"turns":3},{"damage":1,"enemies":"2 Louse","floor":2,"turns":3},{"damage":10,"enemies":"Jaw Worm","floor":3,"turns":3},{"damage":14,"enemies":"Lots of Slimes","floor":5,"turns":4},{"damage":38,"enemies":"Gremlin Nob","floor":6,"turns":5},{"damage":0,"enemies":"Gremlin Gang","floor":12,"turns":1},{"damage":2,"enemies":"Looter","floor":13,"turns":4},{"damage":11,"enemies":"Exordium Wildlife","floor":14,"turns":5},{"damage":27,"enemies":"The Guardian","floor":16,"turns":12},{"damage":16,"enemies":"2 Thieves","floor":18,"turns":3},{"damage":2,"enemies":"3 Byrds","floor":19,"turns":2},{"damage":33,"enemies":"Snecko","floor":21,"turns":6},{"damage":2,"enemies":"Cultist and Chosen","floor":22,"turns":4},{"damage":8,"enemies":"Slavers","floor":23,"turns":1}],"seed_played":"9067733514376249419","potions_obtained":[{"floor":3,"key":"SmokeBomb"},{"floor":5,"key":"EssenceOfSteel"},{"floor":13,"key":"GamblersBrew"},{"floor":14,"key":"Strength Potion"},{"floor":16,"key":"Ancient Potion"},{"floor":18,"key":"FearPotion"},{"floor":20,"key":"SmokeBomb"},{"floor":20,"key":"Weak Potion"}],"is_trial":false,"path_per_floor":["M","M","M","$","M","E","R","?","T","R","$","M","M","M","R","B",null,"M","M","?","M","M","E"],"character_chosen":"DEFECT","items_purchased":[],"campfire_rested":2,"item_purchase_floors":[],"current_hp_per_floor":[67,66,56,56,42,4,26,26,26,48,48,48,46,35,35,8,58,42,40,40,7,5,0],"gold":223,"neow_bonus":"THREE_RARE_CARDS","is_prod":false,"is_daily":false,"chose_seed":false,"campfire_upgraded":1,"win_rate":0,"timestamp":1552957688,"path_taken":["M","M","M","$","?","E","R","?","T","R","$","M","M","M","R","BOSS","M","M","?","?","?","E"],"build_version":"2019-01-23","purchased_purges":1,"victory":false,"max_hp_per_floor":[75,75,75,75,75,75,75,75,75,75,75,75,75,75,75,75,75,75,75,75,75,75,75],"card_choices":[{"not_picked":["Thunder Strike","Core Surge"],"picked":"Electrodynamics","floor":0},{"not_picked":["Go for the Eyes","Streamline"],"picked":"Cold Snap","floor":1},{"not_picked":["Beam Cell","Conserve Battery"],"picked":"Consume","floor":2},{"not_picked":["Conserve Battery","Coolheaded","Leap"],"picked":"SKIP","floor":3},{"not_picked":["Chaos","Hologram","Sweeping Beam"],"picked":"SKIP","floor":5},{"not_picked":["Redo","Tempest","Beam Cell"],"picked":"SKIP","floor":6},{"not_picked":["Ball Lightning","Leap"],"picked":"Creative AI","floor":13},{"not_picked":["Steam","Scrape","Leap"],"picked":"SKIP","floor":14},{"not_picked":["Rainbow","Electrodynamics"],"picked":"Seek","floor":16},{"not_picked":["Rebound","Darkness","Fusion"],"picked":"SKIP","floor":18},{"not_picked":["Auto Shields","Beam Cell"],"picked":"Cold Snap","floor":19},{"not_picked":["Lockon","Barrage"],"picked":"Ball Lightning","floor":21}],"player_experience":811410,"relics_obtained":[{"floor":6,"key":"Bag of Marbles"},{"floor":9,"key":"Smiling Mask"}],"event_choices":[{"cards_removed":["Strike_B"],"damage_healed":0,"gold_gain":0,"player_choice":"Card Removal","damage_taken":0,"max_hp_gain":0,"max_hp_loss":0,"event_name":"The Cleric","floor":8,"gold_loss":50},{"damage_healed":0,"gold_gain":0,"player_choice":"Got Potions","damage_taken":0,"max_hp_gain":0,"max_hp_loss":0,"event_name":"Lab","floor":20,"gold_loss":0}],"is_beta":false,"boss_relics":[{"not_picked":["Nuclear Battery","FrozenCore"],"picked":"Velvet Choker"}],"items_purged_floors":[4],"is_endless":false,"potions_floor_spawned":[3,5,13,14,16,18],"killed_by":"Slavers","ascension_level":12}