{"gold_per_floor":[109,79,90,100,25,25,43,43,43,77,77,90,101,120,120,192,192,180,180,180],"floor_reached":20,"playtime":883,"items_purged":["Strike_G"],"score":290,"play_id":"a9c3e902-e697-4556-a8b2-1b8fcfaa7858","local_time":"20190426130548","is_ascension_mode":true,"campfire_choices":[{"floor":6.0,"key":"REST"},{"data":"Dagger Spray","floor":8.0,"key":"SMITH"},{"data":"Bouncing Flask","floor":11.0,"key":"SMITH"},{"floor":15,"key":"REST"}],"neow_cost":"PERCENT_DAMAGE","seed_source_timestamp":11277361050637,"circlet_count":0,"master_deck":["AscendersBane","Defend_G","Defend_G","Defend_G","Defend_G","Strike_G","Strike_G","Strike_G","Survivor","Neutralize","Dagger Spray+1","Terror","Bouncing Flask+1","Acrobatics","Cloak And Dagger","Grand Finale","Concentrate"],"special_seed":0,"relics":["Ring of the Snake","Shuriken","Juzu Bracelet","Runic Pyramid"],"potions_floor_usage":[13,14,16],"damage_taken":[{"damage":0.0,"enemies":"Small Slimes","floor":1.0,"turns":4.0},{"damage":1.0,"enemies":"Cultist","floor":3.0,"turns":3.0},{"damage":6.0,"enemies":"Jaw Worm","floor":4.0,"turns":6.0},{"damage":5.0,"enemies":"Exordium Wildlife","floor":7.0,"turns":7.0},{"damage":29.0,"enemies":"Lagavulin","floor":10.0,"turns":6.0},{"damage":12.0,"enemies":"Gremlin Gang","floor":12.0,"turns":4.0},{"damage":2,"enemies":"3 Louse","floor":13,"turns":2},{"damage":0,"enemies":"Blue Slaver","floor":14,"turns":4},{"damage":31,"enemies":"The Guardian","floor":16,"turns":13},{"damage":21,"enemies":"2 Thieves","floor":18,"turns":4},{"damage":16,"enemies":"Colosseum Slavers","floor":19,"turns":3},{"damage":0,"enemies":"Masked Bandits","floor":20,"turns":2}],"seed_played":"-3178782835970076379","potions_obtained":[{"floor":2.0,"key":"PowerPotion"},{"floor":2.0,"key":"Fire Potion"},{"floor":10.0,"key":"Fire Potion"},{"floor":13,"key":"Fire Potion"}],"is_trial":false,"path_per_floor":["M","?","M","M","$","R","M","R","T","E","R","M","M","M","R","B",null,"M","?","?"],"character_chosen":"THE_SILENT","items_purchased":[],"campfire_rested":2,"item_purchase_floors":[],"current_hp_per_floor":[45,45,44,38,38,59,54,54,54,25,25,13,11,11,32,1,53,32,16,16],"gold":180,"neow_bonus":"REMOVE_TWO","is_prod":false,"is_daily":false,"chose_seed":false,"campfire_upgraded":2,"win_rate":0,"timestamp":1556251548,"path_taken":["M","?","M","M","$","R","?","R","T","E","R","M","M","M","R","BOSS","M","?","?"],"build_version":"2019-01-23","purchased_purges":1,"victory":false,"max_hp_per_floor":[70,70,70,70,70,70,70,70,70,70,70,70,70,70,70,70,70,70,70,70],"card_choices":[{"not_picked":["Slice","Blade Dance"],"picked":"Dagger Spray","floor":1.0},{"not_picked":["Infinite Blades","Expertise","Poisoned Stab"],"picked":"SKIP","floor":3.0},{"not_picked":["Caltrops","Poisoned Stab","Accuracy"],"picked":"SKIP","floor":4.0},{"not_picked":["Flechettes","Sucker Punch"],"picked":"Terror","floor":7.0},{"not_picked":["Unload","Night Terror"],"picked":"Bouncing Flask","floor":10.0},{"not_picked":["Crippling Poison","Masterful Stab"],"picked":"Acrobatics","floor":12},{"not_picked":["Slice","Escape Plan"],"picked":"Cloak And Dagger","floor":13},{"not_picked":["Bane","Distraction","Masterful Stab"],"picked":"SKIP","floor":14},{"not_picked":["Malaise","Storm of Steel"],"picked":"Grand Finale","floor":16},{"not_picked":["Distraction","Escape Plan+1"],"picked":"Concentrate","floor":18}],"player_experience":704697,"relics_obtained":[{"floor":9.0,"key":"Shuriken"},{"floor":10.0,"key":"Juzu Bracelet"}],"event_choices":[{"damage_healed":0.0,"max_hp_gain":0.0,"max_hp_loss":0.0,"gold_gain":0.0,"event_name":"The Woman in Blue","player_choice":"Bought 2 Potions","floor":2.0,"gold_loss":0.0,"damage_taken":0.0},{"damage_healed":0,"gold_gain":0,"player_choice":"Fight","damage_taken":0,"max_hp_gain":0,"max_hp_loss":0,"event_name":"Colosseum","floor":19,"gold_loss":0},{"damage_healed":0,"gold_gain":0,"player_choice":"Fled From Nobs","damage_taken":0,"max_hp_gain":0,"max_hp_loss":0,"event_name":"Colosseum","floor":19,"gold_loss":0},{"damage_healed":0,"gold_gain":0,"player_choice":"Fought Bandits","damage_taken":0,"max_hp_gain":0,"max_hp_loss":0,"event_name":"Masked Bandits","floor":20,"gold_loss":0}],"is_beta":false,"boss_relics":[{"not_picked":["Tiny House","Sozu"],"picked":"Runic Pyramid"}],"items_purged_floors":[5],"is_endless":false,"potions_floor_spawned":[4,10,12,13,19],"killed_by":"Masked Bandits","ascension_level":13}