{"gold_per_floor":[119,131,131,131,131,174,197,230,312,312,325,343,383,404,404,523,523,544,544,544,559,198,198,242,263,288,331,331,351,375,396,396,515,515,533,552,117,242,302,341,355,22,48,48,48,73,73,37,37,37],"floor_reached":51,"playtime":2895,"items_purged":[],"score":767,"play_id":"4cd74685-3517-4a60-ae9c-c0a93fe1d69e","local_time":"20190424142601","is_ascension_mode":false,"campfire_choices":[{"data":"Hyperbeam","floor":10,"key":"SMITH"},{"data":"Hologram","floor":15,"key":"SMITH"},{"data":"Static Discharge","floor":23,"key":"SMITH"},{"floor":28,"key":"REST"},{"data":"Echo Form","floor":32,"key":"SMITH"},{"data":"Apotheosis","floor":45,"key":"SMITH"},{"data":"Defragment","floor":47,"key":"SMITH"},{"data":"Loop","floor":49,"key":"SMITH"}],"neow_cost":"NONE","seed_source_timestamp":6817819204190,"circlet_count":0,"master_deck":["Strike_B+1","Strike_B+1","Strike_B+1","Strike_B+1","Defend_B+1","Defend_B+1","Defend_B+1","Defend_B+1","Zap+1","Dualcast","Sunder","Glacier","Static Discharge+1","Coolheaded","Hyperbeam+1","Sweeping Beam","Hologram+1","Buffer","Barrage","FTL","Cold Snap","Storm","Go for the Eyes+1","Coolheaded+1","Echo Form+1","Electrodynamics","Conserve Battery+1","Genetic Algorithm","Self Repair","Apotheosis+1","Darkness+1","Undo","Defragment+1","Self Repair","Defragment+1","Loop+1"],"relics":["Cracked Core","NeowsBlessing","Golden Idol","Gremlin Horn","Meat on the Bone","Happy Flower","Bottled Flame","Girya","Inserter","Ornamental Fan","Juzu Bracelet","Smiling Mask","Red Mask","Runic Dome","Oddly Smooth Stone","Unceasing Top","StoneCalendar","Pocketwatch","Letter Opener","GremlinMask"],"potions_floor_usage":[16,16,21,24,29,31,31,31,33,38,39,40,46],"damage_taken":[{"damage":0,"enemies":"Cultist","floor":1,"turns":1},{"damage":0,"enemies":"Jaw Worm","floor":2,"turns":1},{"damage":0,"enemies":"3 Sentries","floor":6,"turns":1},{"damage":0,"enemies":"Small Slimes","floor":7,"turns":3},{"damage":30,"enemies":"Gremlin Nob","floor":8,"turns":5},{"damage":0,"enemies":"Looter","floor":11,"turns":1},{"damage":0,"enemies":"2 Fungi Beasts","floor":12,"turns":1},{"damage":4,"enemies":"Lagavulin","floor":13,"turns":7},{"damage":0,"enemies":"Gremlin Gang","floor":14,"turns":1},{"damage":24,"enemies":"Slime Boss","floor":16,"turns":9},{"damage":6,"enemies":"Chosen","floor":18,"turns":6},{"damage":2,"enemies":"Shell Parasite","floor":21,"turns":5},{"damage":28,"enemies":"Slavers","floor":24,"turns":3},{"damage":21,"enemies":"Centurion and Healer","floor":25,"turns":8},{"damage":0,"enemies":"Masked Bandits","floor":27,"turns":1},{"damage":34,"enemies":"Cultist and Chosen","floor":29,"turns":8},{"damage":11,"enemies":"Snake Plant","floor":30,"turns":5},{"damage":15,"enemies":"Centurion and Healer","floor":31,"turns":7},{"damage":2,"enemies":"Champ","floor":33,"turns":13},{"damage":3,"enemies":"Orb Walker","floor":35,"turns":5},{"damage":16,"enemies":"3 Darklings","floor":36,"turns":4},{"damage":18,"enemies":"Mind Bloom Boss Battle","floor":38,"turns":7},{"damage":55,"enemies":"2 Orb Walkers","floor":39,"turns":7},{"damage":9,"enemies":"Giant Head","floor":40,"turns":10},{"damage":0,"enemies":"Maw","floor":41,"turns":8},{"damage":0,"enemies":"Transient","floor":46,"turns":5},{"damage":44,"enemies":"Donu and Deca","floor":50,"turns":7}],"seed_played":"-2997871708838956652","potions_obtained":[{"floor":1,"key":"SpeedPotion"},{"floor":6,"key":"SteroidPotion"},{"floor":8,"key":"FocusPotion"},{"floor":12,"key":"Fruit Juice"},{"floor":20,"key":"Swift Potion"},{"floor":20,"key":"FairyPotion"},{"floor":20,"key":"Swift Potion"},{"floor":21,"key":"Fire Potion"},{"floor":25,"key":"Energy Potion"},{"floor":27,"key":"EntropicBrew"},{"floor":29,"key":"FocusPotion"},{"floor":35,"key":"Poison Potion"},{"floor":39,"key":"AttackPotion"},{"floor":41,"key":"Swift Potion"}],"is_trial":false,"path_per_floor":["?","T","?","M","?","?","M","?","?","?","$","?"],"character_chosen":"DEFECT","items_purchased":["Ornamental Fan","Cold Snap","Storm","Self Repair","Apotheosis","Oddly Smooth Stone","Regen Potion","Letter Opener","Defragment","Loop"],"campfire_rested":1,"item_purchase_floors":[22,22,22,37,37,37,37,42,42,48],"current_hp_per_floor":[75,75,69,69,69,69,69,39,39,39,39,39,35,35,35,28,74,68,68,68,66,66,66,38,29,29,41,63,41,42,42,42,40,74,71,55,55,52,19,42,49,49,49,49,49,59,59,59,59,37],"gold":37,"neow_bonus":"THREE_ENEMY_KILL","is_prod":false,"is_daily":false,"chose_seed":false,"campfire_upgraded":7,"win_rate":0,"timestamp":1556090761,"path_taken":["M","M","?","?","?","E","M","E","T","R","M","?","E","M","R","BOSS","M","?","?","?","$","R","E","M","T","?","R","M","M","M","R","BOSS","M","M","$","?","?","E","M","?","T","?","R","M","R","$","R","BOSS"],"build_version":"2019-01-23","purchased_purges":0,"victory":true,"max_hp_per_floor":[75,75,69,69,69,69,69,69,69,69,69,69,69,69,69,74,74,74,74,74,74,74,74,74,74,74,74,74,74,74,74,74,74,74,74,74,74,74,74,74,74,74,74,74,74,74,74,74,74,74],"card_choices":[{"not_picked":["Static Discharge","Consume"],"picked":"Sunder","floor":1},{"not_picked":["Barrage","Recycle"],"picked":"Glacier","floor":2},{"not_picked":["Loop","Force Field"],"picked":"Static Discharge","floor":6},{"not_picked":["Steam","Barrage"],"picked":"Coolheaded","floor":7},{"not_picked":["Fission","Aggregate"],"picked":"Hyperbeam","floor":8},{"not_picked":["Barrage","Leap"],"picked":"Sweeping Beam","floor":11},{"not_picked":["Sweeping Beam","Turbo","Tempest"],"picked":"SKIP","floor":12},{"not_picked":["Static Discharge","Reprogram"],"picked":"Hologram","floor":13},{"not_picked":["Steam Power","Leap","Turbo"],"picked":"SKIP","floor":14},{"not_picked":["Rainbow","Thunder Strike"],"picked":"Buffer","floor":16},{"not_picked":["Beam Cell","Conserve Battery"],"picked":"Barrage","floor":18},{"not_picked":["Tempest+1","Go for the Eyes"],"picked":"FTL","floor":21},{"not_picked":["Rebound","Steam","Hologram"],"picked":"SKIP","floor":24},{"not_picked":["Fusion+1","Beam Cell"],"picked":"Go for the Eyes+1","floor":25},{"not_picked":["Double Energy+1","Streamline"],"picked":"Coolheaded+1","floor":29},{"not_picked":["Conserve Battery","Turbo+1"],"picked":"Echo Form","floor":30},{"not_picked":["Reprogram","Stack","Rip and Tear"],"picked":"SKIP","floor":31},{"not_picked":["Thunder Strike","Multi-Cast"],"picked":"Electrodynamics","floor":33},{"not_picked":["Beam Cell+1","Aggregate+1"],"picked":"Conserve Battery+1","floor":35},{"not_picked":["Recycle+1","Coolheaded+1"],"picked":"Genetic Algorithm","floor":36},{"not_picked":["Hologram+1","All For One"],"picked":"Darkness+1","floor":38},{"not_picked":["Fusion","Rebound"],"picked":"Undo","floor":39},{"not_picked":["Electrodynamics","Glacier+1"],"picked":"Defragment+1","floor":40},{"not_picked":["Undo","Steam"],"picked":"Self Repair","floor":41},{"not_picked":["Undo+1","Steam+1","BootSequence+1"],"picked":"SKIP","floor":46}],"player_experience":27959,"relics_obtained":[{"floor":4,"key":"Gremlin Horn"},{"floor":6,"key":"Meat on the Bone"},{"floor":8,"key":"Happy Flower"},{"floor":9,"key":"Bottled Flame"},{"floor":13,"key":"Girya"},{"floor":24,"key":"Juzu Bracelet"},{"floor":26,"key":"Smiling Mask"},{"floor":27,"key":"Red Mask"},{"floor":38,"key":"Unceasing Top"},{"floor":39,"key":"StoneCalendar"},{"floor":40,"key":"Pocketwatch"}],"event_choices":[{"damage_healed":0,"gold_gain":0,"player_choice":"Lose Max HP","damage_taken":0,"relics_obtained":["Golden Idol"],"max_hp_gain":0,"max_hp_loss":6,"event_name":"Golden Idol","floor":3,"gold_loss":0},{"damage_healed":0,"gold_gain":0,"player_choice":"Forge","damage_taken":0,"max_hp_gain":0,"max_hp_loss":0,"event_name":"Accursed Blacksmith","floor":5,"gold_loss":0,"cards_upgraded":["Zap"]},{"damage_healed":0,"gold_gain":0,"player_choice":"Simplicity","damage_taken":0,"max_hp_gain":0,"max_hp_loss":0,"event_name":"Back to Basics","floor":19,"gold_loss":0,"cards_upgraded":["Strike_B","Strike_B","Strike_B","Strike_B","Defend_B","Defend_B","Defend_B","Defend_B"]},{"damage_healed":0,"gold_gain":0,"player_choice":"Got Potions","damage_taken":0,"max_hp_gain":0,"max_hp_loss":0,"event_name":"Lab","floor":20,"gold_loss":0},{"damage_healed":0,"gold_gain":0,"player_choice":"Fought Bandits","damage_taken":0,"max_hp_gain":0,"max_hp_loss":0,"event_name":"Masked Bandits","floor":27,"gold_loss":0},{"damage_healed":0,"gold_gain":0,"player_choice":"Fight","damage_taken":0,"max_hp_gain":0,"max_hp_loss":0,"event_name":"MindBloom","floor":38,"gold_loss":0},{"damage_healed":0,"gold_gain":0,"player_choice":"Fight","damage_taken":0,"max_hp_gain":0,"max_hp_loss":0,"event_name":"Mysterious Sphere","floor":39,"gold_loss":0},{"damage_healed":0,"gold_gain":0,"player_choice":"Trade","damage_taken":0,"relics_obtained":["GremlinMask"],"max_hp_gain":0,"max_hp_loss":0,"event_name":"FaceTrader","floor":44,"gold_loss":0}],"is_beta":false,"boss_relics":[{"not_picked":["Empty Cage","White Beast Statue"],"picked":"Inserter"},{"not_picked":["Coffee Dripper","Black Star"],"picked":"Runic Dome"}],"items_purged_floors":[],"is_endless":false,"potions_floor_spawned":[1,6,8,12,13,14,21,25,27,29,35,39,41],"ascension_level":0}