{"gold_per_floor":[117,117,43,43,43,69,69,81,156,175,175,175,185,196,196,297,297,313,313,8,22,36,36,61,75,128,140,140,153,171,189,189,284,284,300,400,400,400,69,69,83,83,158,158,204,204,219,233,233,233,233,233,20,20],"floor_reached":54,"playtime":2264,"items_purged":["Strike_B"],"score":841,"play_id":"3aab7fb0-a33a-418b-8759-fcae75b49424","local_time":"20190426050237","is_ascension_mode":true,"campfire_choices":[{"data":"Zap","floor":7,"key":"SMITH"},{"data":"Defragment","floor":11,"key":"SMITH"},{"floor":15,"key":"REST"},{"floor":23,"key":"REST"},{"floor":32,"key":"REST"},{"floor":40,"key":"RECALL"},{"floor":42,"key":"REST"},{"floor":44,"key":"REST"},{"floor":46,"key":"REST"},{"floor":49,"key":"REST"},{"floor":52,"key":"REST"}],"neow_cost":"NONE","seed_source_timestamp":38436623382919,"circlet_count":0,"master_deck":["Strike_B+1","Strike_B","Strike_B","Defend_B+1","Defend_B","Defend_B","Defend_B","Zap+1","Dualcast","Melter","Defragment+1","Conserve Battery","Chill","Leap","Storm","Self Repair","Creative AI","Sweeping Beam+1","Undo","Genetic Algorithm","Heatsinks","Defragment+1","Self Repair","Echo Form","White Noise","Amplify","Genetic Algorithm+1","Steam+1","Master of Strategy","Dramatic Entrance","Genetic Algorithm+1","Capacitor","Leap+1","Recycle+1","Turbo+1","Static Discharge+1","Auto Shields+1","Conserve Battery+1","Cold Snap"],"relics":["Cracked Core","NeowsBlessing","Gremlin Horn","Bottled Lightning","Mercury Hourglass","Fusion Hammer","Ice Cream","Matryoshka","Centennial Puzzle","DataDisk","Runic Pyramid","StoneCalendar","Toxic Egg 2","Bronze Scales","Prayer Wheel"],"potions_floor_usage":[22,24,24,29,31,45,48],"damage_taken":[{"damage":0,"enemies":"Cultist","floor":1,"turns":1},{"damage":0,"enemies":"3 Sentries","floor":6,"turns":1},{"damage":0,"enemies":"Small Slimes","floor":8,"turns":1},{"damage":5,"enemies":"Jaw Worm","floor":10,"turns":2},{"damage":10,"enemies":"Exordium Wildlife","floor":13,"turns":4},{"damage":5,"enemies":"Blue Slaver","floor":14,"turns":3},{"damage":7,"enemies":"The Guardian","floor":16,"turns":11},{"damage":0,"enemies":"Chosen","floor":18,"turns":3},{"damage":11,"enemies":"Spheric Guardian","floor":21,"turns":3},{"damage":13,"enemies":"Snake Plant","floor":22,"turns":3},{"damage":45,"enemies":"Slavers","floor":24,"turns":5},{"damage":11,"enemies":"Shelled Parasite and Fungi","floor":25,"turns":6},{"damage":6,"enemies":"Centurion and Healer","floor":27,"turns":8},{"damage":13,"enemies":"Snake Plant","floor":29,"turns":3},{"damage":0,"enemies":"Cultist and Chosen","floor":30,"turns":4},{"damage":6,"enemies":"Snecko","floor":31,"turns":4},{"damage":18,"enemies":"Champ","floor":33,"turns":7},{"damage":10,"enemies":"Orb Walker","floor":35,"turns":4},{"damage":10,"enemies":"Mind Bloom Boss Battle","floor":36,"turns":6},{"damage":0,"enemies":"3 Shapes","floor":41,"turns":3},{"damage":70,"enemies":"2 Orb Walkers","floor":45,"turns":5},{"damage":12,"enemies":"Maw","floor":47,"turns":7},{"damage":10,"enemies":"Sphere and 2 Shapes","floor":48,"turns":3},{"damage":70,"enemies":"Donu and Deca","floor":50,"turns":5},{"damage":83,"enemies":"Shield and Spear","floor":54,"turns":5}],"seed_played":"6509482511275412656","potions_obtained":[{"floor":8,"key":"Ancient Potion"},{"floor":10,"key":"Energy Potion"},{"floor":14,"key":"Ancient Potion"},{"floor":21,"key":"Poison Potion"},{"floor":25,"key":"SkillPotion"},{"floor":29,"key":"EssenceOfSteel"},{"floor":36,"key":"SkillPotion"},{"floor":41,"key":"Swift Potion"}],"is_trial":false,"path_per_floor":["?","?","$","M","?","?","M","?","M","?","?","?","$","?","M"],"character_chosen":"DEFECT","items_purchased":["Defragment","Ice Cream","Toxic Egg 2","Genetic Algorithm+1","Auto Shields+1","Conserve Battery+1","Cold Snap"],"campfire_rested":8,"item_purchase_floors":[3,20,39,39,53,53,53],"current_hp_per_floor":[75,63,63,48,48,48,48,48,48,43,43,43,33,28,50,50,75,75,68,68,64,58,75,37,33,33,34,34,28,42,50,72,68,75,75,75,65,65,65,65,72,75,75,75,19,41,57,61,75,12,75,75,75,0],"gold":20,"neow_bonus":"THREE_ENEMY_KILL","is_prod":false,"is_daily":false,"chose_seed":false,"campfire_upgraded":2,"win_rate":0,"timestamp":1556229757,"path_taken":["M","?","$","?","?","E","R","M","T","?","R","?","M","M","R","BOSS","M","?","$","M","M","R","E","M","T","?","?","M","?","M","R","BOSS","M","?","?","?","?","R","M","R","T","R","?","R","?","M","R","BOSS","R","$","E"],"build_version":"2019-01-23","purchased_purges":1,"victory":false,"max_hp_per_floor":[75,75,75,75,75,75,75,75,75,75,75,75,75,75,75,75,75,75,75,75,75,75,75,75,75,75,75,75,75,75,75,75,75,75,75,75,75,75,75,75,75,75,75,75,75,75,75,75,75,75,75,75,75,75],"card_choices":[{"not_picked":["Barrage","Reprogram"],"picked":"Melter","floor":1},{"not_picked":["Compile Driver","Stack"],"picked":"Conserve Battery","floor":6},{"not_picked":["Skim","Tempest"],"picked":"Chill","floor":8},{"not_picked":["Redo","Compile Driver"],"picked":"Leap","floor":10},{"not_picked":["Rebound","Turbo"],"picked":"Storm","floor":13},{"not_picked":["Cold Snap","FTL"],"picked":"Self Repair","floor":14},{"not_picked":["Meteor Strike","Echo Form"],"picked":"Creative AI","floor":16},{"not_picked":["FTL","Leap"],"picked":"Sweeping Beam+1","floor":18},{"not_picked":["Rip and Tear","Beam Cell"],"picked":"Undo","floor":21},{"not_picked":["Redo","Undo","Sweeping Beam"],"picked":"SKIP","floor":22},{"not_picked":["Auto Shields","Double Energy"],"picked":"Genetic Algorithm","floor":24},{"not_picked":["Fusion","Melter+1"],"picked":"Heatsinks","floor":25},{"not_picked":["Hologram","Hello World","Sweeping Beam"],"picked":"SKIP","floor":27},{"not_picked":["Streamline+1","Tempest"],"picked":"Self Repair","floor":29},{"not_picked":["Sweeping Beam","Leap+1"],"picked":"Echo Form","floor":30},{"not_picked":["Go for the Eyes","Compile Driver+1"],"picked":"White Noise","floor":31},{"not_picked":["Machine Learning","Hyperbeam"],"picked":"Amplify","floor":33},{"not_picked":["Heatsinks","Consume"],"picked":"Genetic Algorithm+1","floor":35},{"not_picked":["Gash","Hologram"],"picked":"Steam+1","floor":36},{"not_picked":["Good Instincts","PanicButton"],"picked":"Master of Strategy","floor":37},{"not_picked":["Bandage Up","Thinking Ahead"],"picked":"Dramatic Entrance","floor":37},{"not_picked":["Redo+1","Leap+1"],"picked":"Capacitor","floor":41},{"not_picked":["Streamline+1","Beam Cell+1"],"picked":"Leap+1","floor":45},{"not_picked":["Rebound+1","Steam Power+1"],"picked":"Recycle+1","floor":47},{"not_picked":["Beam Cell","Skim+1","Melter+1"],"picked":"SKIP","floor":47},{"not_picked":["Cold Snap+1","Rainbow+1"],"picked":"Turbo+1","floor":48},{"not_picked":["Scrape+1","Skim+1"],"picked":"Static Discharge+1","floor":48}],"player_experience":70977,"relics_obtained":[{"floor":6,"key":"Bottled Lightning"},{"floor":9,"key":"Mercury Hourglass"},{"floor":24,"key":"Matryoshka"},{"floor":26,"key":"Centennial Puzzle"},{"floor":26,"key":"DataDisk"},{"floor":36,"key":"StoneCalendar"},{"floor":43,"key":"Bronze Scales"},{"floor":45,"key":"Prayer Wheel"}],"event_choices":[{"damage_healed":0,"gold_gain":0,"player_choice":"Success","damage_taken":12,"relics_obtained":["Gremlin Horn"],"max_hp_gain":0,"max_hp_loss":0,"event_name":"Scrap Ooze","floor":2,"gold_loss":0},{"damage_healed":0,"gold_gain":0,"player_choice":"Entered Light","damage_taken":15,"max_hp_gain":0,"max_hp_loss":0,"event_name":"Shining Light","floor":4,"gold_loss":0,"cards_upgraded":["Strike_B","Defend_B"]},{"damage_healed":0,"gold_gain":0,"player_choice":"Ignored","damage_taken":0,"max_hp_gain":0,"max_hp_loss":0,"event_name":"Liars Game","floor":12,"gold_loss":0},{"damage_healed":0,"gold_gain":0,"player_choice":"","damage_taken":7,"max_hp_gain":0,"max_hp_loss":0,"event_name":"Knowing Skull","floor":19,"potions_obtained":[],"gold_loss":0,"cards_obtained":[]},{"damage_healed":0,"gold_gain":0,"player_choice":"Copied","damage_taken":0,"max_hp_gain":0,"max_hp_loss":0,"event_name":"Duplicator","floor":28,"gold_loss":0,"cards_obtained":["Defragment"]},{"damage_healed":0,"gold_gain":0,"player_choice":"Fight","damage_taken":0,"max_hp_gain":0,"max_hp_loss":0,"event_name":"MindBloom","floor":36,"gold_loss":0},{"damage_healed":0,"gold_gain":0,"player_choice":"Memory 3","damage_taken":10,"max_hp_gain":0,"max_hp_loss":0,"event_name":"SensoryStone","floor":37,"gold_loss":0},{"damage_healed":0,"gold_gain":0,"player_choice":"Ignored","damage_taken":0,"max_hp_gain":0,"max_hp_loss":0,"event_name":"Tomb of Lord Red Mask","floor":38,"gold_loss":0},{"damage_healed":0,"gold_gain":0,"player_choice":"Fight","damage_taken":0,"max_hp_gain":0,"max_hp_loss":0,"event_name":"Mysterious Sphere","floor":45,"gold_loss":0}],"is_beta":false,"boss_relics":[{"not_picked":["Cursed Key","Velvet Choker"],"picked":"Fusion Hammer"},{"not_picked":["Busted Crown","Black Star"],"picked":"Runic Pyramid"}],"items_purged_floors":[53],"is_endless":false,"potions_floor_spawned":[8,10,14,21,25,29,36,41],"killed_by":"Shield and Spear","ascension_level":4}