{"gold_per_floor":[114,128,128,53,128,161,161,175,199,215,239,1,1,24,24,153,153,177,177,198,198,223,223,238,238,238,363,398,313,115,138,138,263,263,284,284,409,409,409,409,427,445,498,498,511,534,555,580,580,580],"floor_reached":51,"playtime":2810,"items_purged":["Regret"],"score":696,"play_id":"d77aaccf-41a6-4c4a-ab6d-75679519fb06","local_time":"20190415132610","is_ascension_mode":false,"campfire_choices":[{"floor":13,"key":"REST"},{"floor":15,"key":"REST"},{"floor":23,"key":"REST"},{"floor":25,"key":"REST"},{"floor":32,"key":"REST"},{"data":"Heavy Blade","floor":40,"key":"SMITH"},{"floor":49,"key":"REST"}],"neow_cost":"TEN_PERCENT_HP_LOSS","seed_source_timestamp":57511596180100,"circlet_count":0,"master_deck":["Strike_R","Strike_R","Strike_R","Strike_R","Defend_R","Defend_R","Defend_R","Bash","Demon Form","Pommel Strike","Shrug It Off+1","Heavy Blade+1","Demon Form","Spot Weakness+1","Ghostly Armor","Flame Barrier+1","Double Tap+1","Anger","Rage+1","Perfected Strike+1","Armaments+1","Ghostly Armor+1","Feed","Sword Boomerang+1","Mind Blast","Sword Boomerang","Shrug It Off+1","Apotheosis+1","Anger+1","Perfected Strike+1","Bloodletting+1"],"relics":["Burning Blood","Juzu Bracelet","StoneCalendar","Golden Idol","Bag of Preparation","Toxic Egg 2","Sozu","Enchiridion","Blood Vial","Matryoshka","Nunchaku","Frozen Egg 2","Happy Flower","Shuriken","ClockworkSouvenir","Eternal Feather","Peace Pipe","War Paint","Oddly Smooth Stone"],"potions_floor_usage":[16,16,18,45],"damage_taken":[{"damage":0,"enemies":"2 Louse","floor":1,"turns":3},{"damage":2,"enemies":"Small Slimes","floor":2,"turns":3},{"damage":29,"enemies":"3 Sentries","floor":6,"turns":7},{"damage":11,"enemies":"Jaw Worm","floor":8,"turns":6},{"damage":8,"enemies":"2 Fungi Beasts","floor":10,"turns":4},{"damage":29,"enemies":"Gremlin Gang","floor":11,"turns":4},{"damage":10,"enemies":"Looter","floor":14,"turns":2},{"damage":3,"enemies":"The Guardian","floor":16,"turns":10},{"damage":16,"enemies":"Chosen","floor":18,"turns":6},{"damage":3,"enemies":"3 Byrds","floor":20,"turns":4},{"damage":37,"enemies":"Centurion and Healer","floor":22,"turns":5},{"damage":29,"enemies":"Shelled Parasite and Fungi","floor":24,"turns":5},{"damage":4,"enemies":"Colosseum Slavers","floor":27,"turns":4},{"damage":13,"enemies":"Colosseum Nobs","floor":27,"turns":4},{"damage":10,"enemies":"Slavers","floor":28,"turns":4},{"damage":11,"enemies":"Cultist and Chosen","floor":31,"turns":5},{"damage":26,"enemies":"Champ","floor":33,"turns":8},{"damage":2,"enemies":"3 Darklings","floor":35,"turns":7},{"damage":0,"enemies":"Mind Bloom Boss Battle","floor":37,"turns":7},{"damage":5,"enemies":"Orb Walker","floor":41,"turns":3},{"damage":0,"enemies":"4 Shapes","floor":42,"turns":7},{"damage":29,"enemies":"3 Darklings","floor":45,"turns":7},{"damage":31,"enemies":"Writhing Mass","floor":46,"turns":7},{"damage":0,"enemies":"Maw","floor":47,"turns":6},{"damage":21,"enemies":"3 Darklings","floor":48,"turns":7},{"damage":50,"enemies":"Time Eater","floor":50,"turns":9}],"seed_played":"5270728037842736358","potions_obtained":[{"floor":6,"key":"Fire Potion"},{"floor":10,"key":"Regen Potion"},{"floor":11,"key":"AttackPotion"},{"floor":16,"key":"GamblersBrew"}],"is_trial":false,"path_per_floor":["M","M","?","$","?","E","?","M","T","M","M","$","R","M","R","B",null,"M","?","M","?","M","R","M","R","T","?","E","?","$","M","R","B",null,"M","?","?","?","?","R","M","M","T","?","M","M","M","M","R","B",null],"character_chosen":"IRONCLAD","items_purchased":["Toxic Egg 2","ClockworkSouvenir"],"campfire_rested":6,"item_purchase_floors":[12,30],"current_hp_per_floor":[72,72,72,72,61,38,38,33,33,31,8,8,28,24,44,62,67,57,41,44,44,15,35,14,34,34,33,31,31,31,28,48,30,67,67,67,67,67,67,67,67,67,67,67,44,21,29,16,54,12],"gold":580,"neow_bonus":"TRANSFORM_TWO_CARDS","is_prod":false,"is_daily":false,"chose_seed":false,"campfire_upgraded":1,"win_rate":0,"timestamp":1555349170,"path_taken":["M","M","?","$","?","E","?","M","T","M","M","$","R","M","R","BOSS","M","?","M","?","M","R","M","R","T","?","E","?","$","M","R","BOSS","M","?","?","?","?","R","M","M","T","?","M","M","M","M","R","BOSS"],"build_version":"2019-01-23","purchased_purges":1,"victory":true,"max_hp_per_floor":[72,72,72,72,72,72,67,67,67,67,67,67,67,67,67,67,67,67,67,67,67,67,67,67,67,67,67,67,67,67,67,67,67,67,67,67,67,67,67,67,67,67,67,67,67,67,67,67,67,67],"card_choices":[{"not_picked":["Pommel Strike","Corruption"],"picked":"Shrug It Off","floor":1},{"not_picked":["True Grit","Body Slam"],"picked":"Heavy Blade","floor":2},{"not_picked":["Dropkick","Fire Breathing"],"picked":"Demon Form","floor":6},{"not_picked":["Pommel Strike","Wild Strike"],"picked":"Spot Weakness","floor":8},{"not_picked":["Clothesline","Fire Breathing","Clash"],"picked":"SKIP","floor":10},{"not_picked":["Power Through","Dual Wield"],"picked":"Ghostly Armor","floor":11},{"not_picked":["Heavy Blade","True Grit+1"],"picked":"Flame Barrier+1","floor":14},{"not_picked":["Offering+1","Immolate"],"picked":"Double Tap+1","floor":16},{"not_picked":["Heavy Blade+1","Cleave"],"picked":"Anger","floor":18},{"not_picked":["Rampage","Body Slam"],"picked":"Rage+1","floor":20},{"not_picked":["Brutality","Clash+1"],"picked":"Perfected Strike+1","floor":22},{"not_picked":["Metallicize","Bloodletting+1"],"picked":"Armaments+1","floor":24},{"not_picked":["Wild Strike","Entrench+1"],"picked":"Ghostly Armor+1","floor":28},{"not_picked":["Pommel Strike+1","Clash","Fire Breathing+1"],"picked":"SKIP","floor":31},{"not_picked":["Exhume+1","Dark Embrace+1"],"picked":"Feed","floor":33},{"not_picked":["Carnage","Thunderclap"],"picked":"Sword Boomerang+1","floor":35},{"not_picked":["Armaments+1","Infernal Blade+1"],"picked":"Shrug It Off+1","floor":37},{"not_picked":["Purity+1","Forethought+1"],"picked":"Apotheosis+1","floor":38},{"not_picked":["Wild Strike","Clash","Thunderclap+1"],"picked":"SKIP","floor":41},{"not_picked":["Sword Boomerang","Body Slam+1","Evolve+1"],"picked":"SKIP","floor":42},{"not_picked":["Body Slam","Fiend Fire"],"picked":"Anger+1","floor":45},{"not_picked":["Pommel Strike","Twin Strike+1"],"picked":"Perfected Strike+1","floor":46},{"not_picked":["Sever Soul","Shrug It Off+1","Clash"],"picked":"SKIP","floor":47},{"not_picked":["True Grit+1","Hemokinesis"],"picked":"Bloodletting+1","floor":48}],"player_experience":150951,"relics_obtained":[{"floor":6,"key":"StoneCalendar"},{"floor":9,"key":"Bag of Preparation"},{"floor":19,"key":"Enchiridion"},{"floor":26,"key":"Matryoshka"},{"floor":27,"key":"Nunchaku"},{"floor":27,"key":"Frozen Egg 2"},{"floor":28,"key":"Happy Flower"},{"floor":37,"key":"Peace Pipe"},{"floor":43,"key":"War Paint"},{"floor":43,"key":"Oddly Smooth Stone"}],"event_choices":[{"damage_healed":0,"gold_gain":0,"player_choice":"Box","damage_taken":0,"relics_obtained":["Juzu Bracelet"],"max_hp_gain":0,"max_hp_loss":0,"event_name":"Big Fish","floor":3,"gold_loss":0,"cards_obtained":["Regret"]},{"damage_healed":0,"gold_gain":75,"player_choice":"Gather Gold","damage_taken":11,"max_hp_gain":0,"max_hp_loss":0,"event_name":"World of Goop","floor":5,"gold_loss":0},{"damage_healed":0,"gold_gain":0,"player_choice":"Lose Max HP","damage_taken":0,"relics_obtained":["Golden Idol"],"max_hp_gain":0,"max_hp_loss":5,"event_name":"Golden Idol","floor":7,"gold_loss":0},{"damage_healed":0,"gold_gain":0,"player_choice":"Obtained Book","damage_taken":16,"max_hp_gain":0,"max_hp_loss":0,"event_name":"Cursed Tome","floor":19,"gold_loss":0},{"damage_healed":0,"gold_gain":0,"player_choice":"Opened","damage_taken":0,"relics_obtained":["Blood Vial"],"max_hp_gain":0,"max_hp_loss":0,"event_name":"The Mausoleum","floor":21,"gold_loss":0},{"damage_healed":0,"gold_gain":0,"player_choice":"Fight","damage_taken":0,"max_hp_gain":0,"max_hp_loss":0,"event_name":"Colosseum","floor":27,"gold_loss":0},{"damage_healed":0,"gold_gain":0,"player_choice":"Fought Nobs","damage_taken":0,"max_hp_gain":0,"max_hp_loss":0,"event_name":"Colosseum","floor":27,"gold_loss":0},{"damage_healed":0,"gold_gain":0,"player_choice":"Obtained Relic","damage_taken":0,"relics_obtained":["Shuriken"],"max_hp_gain":0,"max_hp_loss":0,"event_name":"Addict","floor":29,"gold_loss":85},{"damage_healed":0,"gold_gain":0,"player_choice":"2 cards matched","damage_taken":0,"max_hp_gain":0,"max_hp_loss":0,"event_name":"Match and Keep!","floor":36,"gold_loss":0,"cards_obtained":["Mind Blast","Sword Boomerang"]},{"damage_healed":0,"gold_gain":0,"player_choice":"2 cards matched","damage_taken":0,"max_hp_gain":0,"max_hp_loss":0,"event_name":"Match and Keep!","floor":36,"gold_loss":0,"cards_obtained":["Mind Blast","Sword Boomerang"]},{"damage_healed":0,"gold_gain":0,"player_choice":"Fight","damage_taken":0,"max_hp_gain":0,"max_hp_loss":0,"event_name":"MindBloom","floor":37,"gold_loss":0},{"damage_healed":0,"gold_gain":0,"player_choice":"Memory 1","damage_taken":0,"max_hp_gain":0,"max_hp_loss":0,"event_name":"SensoryStone","floor":38,"gold_loss":0},{"damage_healed":0,"gold_gain":0,"player_choice":"Ignored","damage_taken":0,"max_hp_gain":0,"max_hp_loss":0,"event_name":"The Moai Head","floor":39,"gold_loss":0},{"damage_healed":0,"gold_gain":0,"player_choice":"Bought 0 Potions","damage_taken":0,"max_hp_gain":0,"max_hp_loss":0,"event_name":"The Woman in Blue","floor":44,"gold_loss":0}],"is_beta":false,"boss_relics":[{"not_picked":["Tiny House","White Beast Statue"],"picked":"Sozu"},{"not_picked":["Black Star","Orrery"],"picked":"Eternal Feather"}],"items_purged_floors":[4],"is_endless":false,"potions_floor_spawned":[6,10,11,16,18,20,27,27,31,33,35,47,48],"ascension_level":0}