{"gold_per_floor":[112,12,27,37,37,37,50,50,96,96,136,156,156,175,175,175],"floor_reached":16,"playtime":671,"items_purged":[],"score":102,"play_id":"58825218-b8b8-4445-82fa-59fed66780c9","local_time":"20190411105854","is_ascension_mode":false,"campfire_choices":[{"data":"Armaments","floor":6,"key":"SMITH"},{"data":"True Grit","floor":10,"key":"SMITH"},{"floor":13,"key":"REST"},{"data":"Battle Trance","floor":15,"key":"SMITH"}],"neow_cost":"","seed_source_timestamp":607889779169,"circlet_count":0,"master_deck":["Strike_R","Strike_R","Strike_R","Strike_R","Defend_R","Defend_R","Defend_R","Defend_R","Bash","Hemokinesis","Armaments+1","True Grit+1","Pommel Strike","Battle Trance+1","Rupture","Feel No Pain","Bloodletting"],"relics":["Burning Blood","Golden Idol","Boot","Bag of Marbles"],"potions_floor_usage":[16],"damage_taken":[{"damage":6,"enemies":"Cultist","floor":1,"turns":3},{"damage":3,"enemies":"Small Slimes","floor":3,"turns":3},{"damage":9,"enemies":"Jaw Worm","floor":4,"turns":3},{"damage":6,"enemies":"Looter","floor":7,"turns":3},{"damage":34,"enemies":"3 Sentries","floor":11,"turns":11},{"damage":2,"enemies":"Red Slaver","floor":12,"turns":6},{"damage":12,"enemies":"2 Fungi Beasts","floor":14,"turns":4},{"damage":57,"enemies":"The Guardian","floor":16,"turns":5}],"seed_played":"360436762300802566","potions_obtained":[{"floor":1,"key":"SneckoOil"},{"floor":3,"key":"Energy Potion"},{"floor":7,"key":"LiquidBronze"}],"is_trial":false,"path_per_floor":["?","?"],"character_chosen":"IRONCLAD","items_purchased":["Armaments","True Grit"],"campfire_rested":1,"item_purchase_floors":[2,2],"current_hp_per_floor":[80,80,80,77,57,57,57,57,57,57,29,33,57,51,51,0],"gold":175,"neow_bonus":"","is_prod":false,"is_daily":false,"chose_seed":false,"campfire_upgraded":3,"win_rate":0.0,"timestamp":1554955134,"path_taken":["M","$","M","M","?","R","M","?","T","R","E","M","R","M","R","BOSS"],"build_version":"2019-01-23","purchased_purges":0,"victory":false,"max_hp_per_floor":[80,80,80,80,80,80,80,80,80,80,80,80,80,80,80,80],"card_choices":[{"not_picked":["Metallicize","Cleave"],"picked":"Hemokinesis","floor":1},{"not_picked":["Reckless Charge","Disarm"],"picked":"Pommel Strike","floor":3},{"not_picked":["Perfected Strike","Iron Wave","Hemokinesis"],"picked":"SKIP","floor":4},{"not_picked":["Twin Strike","Sword Boomerang"],"picked":"Battle Trance","floor":7},{"not_picked":["Reaper","Pummel"],"picked":"Feel No Pain","floor":11},{"not_picked":["True Grit","Fire Breathing","Second Wind"],"picked":"SKIP","floor":12},{"not_picked":["Body Slam","Pommel Strike"],"picked":"Bloodletting","floor":14}],"player_experience":0,"relics_obtained":[{"floor":9,"key":"Boot"},{"floor":11,"key":"Bag of Marbles"}],"event_choices":[{"damage_healed":0,"gold_gain":0,"player_choice":"Take Damage","damage_taken":20,"relics_obtained":["Golden Idol"],"max_hp_gain":0,"max_hp_loss":0,"event_name":"Golden Idol","floor":5,"gold_loss":0},{"damage_healed":0,"gold_gain":0,"cards_transformed":["Strike_R"],"player_choice":"Transformed","damage_taken":0,"max_hp_gain":0,"max_hp_loss":0,"event_name":"Transmorgrifier","floor":8,"gold_loss":0,"cards_obtained":["Rupture"]}],"is_beta":false,"boss_relics":[],"items_purged_floors":[],"is_endless":false,"potions_floor_spawned":[1,3,7],"killed_by":"The Guardian","ascension_level":0}