{"gold_per_floor":[109,128,144,244,258,258,274,274,274,274,288,288,300,475,475,575,575,546,461,18,18,34,64,64,64,64,64,164,190,202,202,202,298,298,298],"floor_reached":35,"playtime":1554,"items_purged":["Doubt"],"score":575,"play_id":"aef55880-b429-4fb3-b4f3-7b7fd54753ee","local_time":"20190425110946","is_ascension_mode":true,"campfire_choices":[{"data":"Genetic Algorithm","floor":6.0,"key":"SMITH"},{"data":"Defragment","floor":8.0,"key":"SMITH"},{"data":"Zap","floor":10.0,"key":"SMITH"},{"data":"Dualcast","floor":12.0,"key":"SMITH"},{"data":"Conserve Battery","floor":15.0,"key":"SMITH"},{"floor":24,"key":"REST"},{"floor":27,"key":"REST"},{"floor":32,"key":"DIG"}],"neow_cost":"NONE","seed_source_timestamp":0,"circlet_count":0,"master_deck":["Strike_B","Strike_B","Strike_B","Strike_B","Defend_B","Defend_B","Defend_B","Defend_B","Zap+1","Dualcast+1","Conserve Battery+1","Chill","Defragment+1","Genetic Algorithm+1","Auto Shields","Glacier","Ball Lightning","Amplify","Double Energy","Defragment+1","Conserve Battery","Aggregate+1","Auto Shields","FTL","Capacitor","Double Energy","Creative AI"],"special_seed":0,"relics":["Cracked Core","Oddly Smooth Stone","Ancient Tea Set","Sozu","Bag of Marbles","DollysMirror","Juzu Bracelet","Mercury Hourglass","PreservedInsect","Letter Opener","Shovel","Blue Candle","Bag of Preparation","WingedGreaves","Eternal Feather"],"potions_floor_usage":[16,16,16],"damage_taken":[{"damage":1.0,"enemies":"Jaw Worm","floor":1.0,"turns":4.0},{"damage":0.0,"enemies":"Cultist","floor":2.0,"turns":3.0},{"damage":4.0,"enemies":"Small Slimes","floor":3.0,"turns":3.0},{"damage":1.0,"enemies":"Looter","floor":5.0,"turns":2.0},{"damage":5.0,"enemies":"Blue Slaver","floor":7.0,"turns":5.0},{"damage":0.0,"enemies":"Gremlin Gang","floor":11.0,"turns":7.0},{"damage":0.0,"enemies":"Looter","floor":13.0,"turns":3.0},{"damage":0,"enemies":"Hexaghost","floor":16,"turns":9},{"damage":11,"enemies":"2 Thieves","floor":18,"turns":5},{"damage":4,"enemies":"3 Byrds","floor":22,"turns":6},{"damage":29,"enemies":"Slavers","floor":23,"turns":11},{"damage":5,"enemies":"Colosseum Slavers","floor":28,"turns":4},{"damage":1,"enemies":"Colosseum Nobs","floor":28,"turns":3},{"damage":0,"enemies":"Book of Stabbing","floor":29,"turns":4},{"damage":0,"enemies":"Centurion and Healer","floor":30,"turns":11},{"damage":63,"enemies":"Automaton","floor":33,"turns":13}],"seed_played":"1551870605449124661","potions_obtained":[{"floor":2.0,"key":"FocusPotion"},{"floor":5.0,"key":"LiquidBronze"},{"floor":11.0,"key":"EssenceOfSteel"}],"is_trial":false,"path_per_floor":["M","M","M","?","M","R","M","R","T","R","M","R","M","?","R","B",null,"M","?","$","?","M","E","R","T","T","R","?","E","M","?","R","B",null,"M"],"character_chosen":"DEFECT","items_purchased":["DollysMirror","Conserve Battery","Juzu Bracelet"],"campfire_rested":2,"item_purchase_floors":[20,20,20],"current_hp_per_floor":[74,74,70,70,69,69,64,64,64,64,64,64,64,64,64,64,72,61,61,61,47,43,14,38,38,38,62,56,56,56,80,80,17,64,0],"gold":298,"neow_bonus":"RANDOM_COMMON_RELIC","is_prod":false,"is_daily":false,"chose_seed":false,"campfire_upgraded":5,"win_rate":0,"timestamp":1556204986,"path_taken":["M","M","M","?","M","R","?","R","T","R","M","R","M","?","R","BOSS","M","?","$","?","M","E","R","?","T","R","?","E","M","?","R","BOSS","M"],"build_version":"2019-01-23","purchased_purges":1,"victory":false,"max_hp_per_floor":[75,75,75,75,75,75,75,75,75,75,75,75,75,75,75,75,75,75,75,75,80,80,80,80,80,80,80,80,80,80,80,80,80,80,80],"card_choices":[{"not_picked":["Steam","Streamline"],"picked":"Conserve Battery","floor":1.0},{"not_picked":["Streamline","Barrage"],"picked":"Chill","floor":2.0},{"not_picked":["Go for the Eyes","Hologram"],"picked":"Defragment","floor":3.0},{"not_picked":["White Noise","Steam"],"picked":"Genetic Algorithm","floor":5.0},{"not_picked":["Static Discharge","Turbo"],"picked":"Auto Shields","floor":7.0},{"not_picked":["Compile Driver","Cold Snap"],"picked":"Glacier","floor":11.0},{"not_picked":["Leap","Hello World"],"picked":"Ball Lightning","floor":13.0},{"not_picked":["Thunder Strike","Multi-Cast"],"picked":"Amplify","floor":16},{"not_picked":["Aggregate","Redo"],"picked":"Double Energy","floor":18},{"not_picked":["Sunder","Barrage"],"picked":"Aggregate+1","floor":22},{"not_picked":["Leap","Hologram"],"picked":"Auto Shields","floor":23},{"not_picked":["Sunder","Undo"],"picked":"FTL","floor":28},{"not_picked":["Beam Cell","Glacier"],"picked":"Capacitor","floor":29},{"not_picked":["Rebound","Skim"],"picked":"Double Energy","floor":30},{"not_picked":["Biased Cognition","Fission"],"picked":"Creative AI","floor":33}],"player_experience":161221,"relics_obtained":[{"floor":9.0,"key":"Ancient Tea Set"},{"floor":23,"key":"Mercury Hourglass"},{"floor":25,"key":"PreservedInsect"},{"floor":26,"key":"Letter Opener"},{"floor":28,"key":"Shovel"},{"floor":28,"key":"Blue Candle"},{"floor":29,"key":"Bag of Preparation"},{"floor":32,"key":"WingedGreaves"}],"event_choices":[{"damage_healed":0.0,"max_hp_gain":0.0,"max_hp_loss":0.0,"gold_gain":100.0,"event_name":"Wheel of Change","player_choice":"Gold","floor":4.0,"gold_loss":0.0,"damage_taken":0.0},{"damage_healed":0.0,"max_hp_gain":0.0,"max_hp_loss":0.0,"gold_gain":175.0,"event_name":"Liars Game","player_choice":"AGREE","floor":14.0,"gold_loss":0.0,"damage_taken":0.0,"cards_obtained":["Doubt"]},{"damage_healed":0,"gold_gain":0,"player_choice":"Obtained Relic","damage_taken":0,"relics_obtained":["Bag of Marbles"],"max_hp_gain":0,"max_hp_loss":0,"event_name":"Addict","floor":19,"gold_loss":85},{"damage_healed":0,"gold_gain":0,"player_choice":"Shed Blood","damage_taken":19,"max_hp_gain":5,"max_hp_loss":0,"event_name":"Forgotten Altar","floor":21,"gold_loss":0},{"damage_healed":0,"gold_gain":0,"player_choice":"Fight","damage_taken":0,"max_hp_gain":0,"max_hp_loss":0,"event_name":"Colosseum","floor":28,"gold_loss":0},{"damage_healed":0,"gold_gain":0,"player_choice":"Fought Nobs","damage_taken":0,"max_hp_gain":0,"max_hp_loss":0,"event_name":"Colosseum","floor":28,"gold_loss":0},{"damage_healed":26,"gold_gain":0,"player_choice":"Heal","damage_taken":0,"max_hp_gain":0,"max_hp_loss":0,"event_name":"The Library","floor":31,"gold_loss":0}],"is_beta":false,"boss_relics":[{"not_picked":["Inserter","Philosopher\u0027s Stone"],"picked":"Sozu"},{"not_picked":["Calling Bell","White Beast Statue"],"picked":"Eternal Feather"}],"items_purged_floors":[20],"is_endless":false,"potions_floor_spawned":[2,5,11,18,22,28,29,33],"killed_by":"3 Shapes","ascension_level":5}