{"gold_per_floor":[113,123,123,46,109,109,121,121,121,152,152,152,152,128,128,232,232,246,246,11,21,33,33,46,46,46,46,74,74,74,88,88,190,190,206,217,229,38,56,56,72,86,113,50,50,63,63,80,80,80],"floor_reached":50,"playtime":3147,"items_purged":["Footwork"],"score":537,"play_id":"0cae9ae2-142b-4d38-b03d-de39989f6ad1","local_time":"20190414153250","daily_mods":["Draft","Heirloom"],"is_ascension_mode":false,"campfire_choices":[{"data":"Catalyst","floor":6,"key":"SMITH"},{"data":"Backflip","floor":8,"key":"SMITH"},{"data":"PiercingWail","floor":11,"key":"SMITH"},{"floor":15,"key":"REST"},{"data":"Bullet Time","floor":23,"key":"SMITH"},{"floor":25,"key":"REST"},{"floor":29,"key":"REST"},{"data":"Ghostly","floor":32,"key":"SMITH"},{"data":"Ghostly","floor":40,"key":"SMITH"},{"floor":49,"key":"REST"}],"neow_cost":"","seed_source_timestamp":17607978977600,"circlet_count":0,"master_deck":["Bane+1","Bane","Caltrops+1","Blur","Dagger Throw","Poisoned Stab","Slice","Acrobatics+1","Flying Knee","Terror","Backflip+1","Dodge and Roll","Catalyst+1","Crippling Poison","Dash","Footwork","PiercingWail","PiercingWail+1","Poisoned Stab","Bullet Time+1","PiercingWail+1","Deadly Poison","Flame Barrier","Chrysalis","Ghostly","Ghostly+1","Ghostly+1","Ghostly","Ghostly","Chaos+1","Envenom","Conserve Battery","Leap+1","Double Energy+1","Creative AI","Catalyst"],"relics":["Ring of the Snake","Tingsha","Calipers","Turnip","Meat on the Bone","Black Star","PrismaticShard","Potion Belt","MutagenicStrength","Mummified Hand","War Paint","Philosopher\u0027s Stone","Toy Ornithopter","MawBank"],"potions_floor_usage":[16,16,33,33,33,41,42,46,50],"damage_taken":[{"damage":0,"enemies":"2 Louse","floor":1,"turns":3},{"damage":0,"enemies":"Cultist","floor":2,"turns":2},{"damage":8,"enemies":"Small Slimes","floor":7,"turns":4},{"damage":11,"enemies":"Lagavulin","floor":10,"turns":7},{"damage":18,"enemies":"Hexaghost","floor":16,"turns":7},{"damage":0,"enemies":"3 Byrds","floor":18,"turns":2},{"damage":14,"enemies":"2 Thieves","floor":21,"turns":4},{"damage":1,"enemies":"3 Cultists","floor":22,"turns":6},{"damage":15,"enemies":"Centurion and Healer","floor":24,"turns":6},{"damage":38,"enemies":"Slavers","floor":28,"turns":9},{"damage":8,"enemies":"Shelled Parasite and Fungi","floor":31,"turns":6},{"damage":19,"enemies":"Automaton","floor":33,"turns":13},{"damage":0,"enemies":"3 Shapes","floor":35,"turns":6},{"damage":1,"enemies":"Orb Walker","floor":36,"turns":4},{"damage":4,"enemies":"3 Darklings","floor":37,"turns":6},{"damage":0,"enemies":"Writhing Mass","floor":39,"turns":7},{"damage":23,"enemies":"Spire Growth","floor":41,"turns":7},{"damage":24,"enemies":"Jaw Worm Horde","floor":42,"turns":7},{"damage":12,"enemies":"Transient","floor":46,"turns":5},{"damage":14,"enemies":"3 Darklings","floor":48,"turns":4},{"damage":43,"enemies":"Donu and Deca","floor":50,"turns":6}],"seed_played":"-8110512120349864402","potions_obtained":[{"floor":1,"key":"Weak Potion"},{"floor":3,"key":"SkillPotion"},{"floor":3,"key":"Regen Potion"},{"floor":7,"key":"PowerPotion"},{"floor":18,"key":"AttackPotion"},{"floor":22,"key":"GhostInAJar"},{"floor":33,"key":"SkillPotion"},{"floor":36,"key":"Regen Potion"},{"floor":37,"key":"Energy Potion"},{"floor":41,"key":"Ancient Potion"}],"is_trial":true,"path_per_floor":["M","M","?","$","?","R","M","R","T","E","R","?","T","$","R","B",null,"M","?","$","M","M","R","M","R","T","?","E","R","?","M","R","B",null,"M","M","M","$","M","R","M","M","T","$","?","M","?","M","R","B"],"character_chosen":"THE_SILENT","items_purchased":["Footwork","Poisoned Stab","PrismaticShard","Deadly Poison","Toy Ornithopter"],"campfire_rested":4,"item_purchase_floors":[4,14,20,20,38],"current_hp_per_floor":[70,70,70,70,70,70,62,62,62,51,51,37,37,37,58,40,70,70,70,70,56,55,55,40,61,61,61,35,56,35,27,27,23,35,35,34,30,30,30,30,21,14,14,14,14,19,19,17,27,0],"gold":80,"neow_bonus":"","is_prod":false,"is_daily":false,"chose_seed":false,"campfire_upgraded":6,"win_rate":0,"timestamp":1555281170,"path_taken":["M","M","?","?","?","R","M","R","T","E","R","?","?","?","R","BOSS","M","?","$","M","?","R","M","R","T","?","E","R","?","M","R","BOSS","M","M","M","$","M","R","M","M","T","$","?","M","?","M","R","BOSS"],"build_version":"2019-01-23","purchased_purges":1,"victory":false,"max_hp_per_floor":[70,70,70,70,70,70,70,70,70,70,70,70,70,70,70,70,70,70,70,70,70,70,70,70,70,70,70,70,70,35,35,35,35,35,35,35,35,35,35,35,35,35,35,35,35,35,35,35,35,35],"card_choices":[{"not_picked":["Poisoned Stab","Backflip"],"picked":"Bane","floor":0},{"not_picked":["Dodge and Roll","Prepared"],"picked":"Bane","floor":0},{"not_picked":["Outmaneuver","Underhanded Strike"],"picked":"Caltrops","floor":0},{"not_picked":["Riddle With Holes","Distraction"],"picked":"Footwork","floor":0},{"not_picked":["Terror","Flying Knee"],"picked":"Blur","floor":0},{"not_picked":["Slice","All Out Attack"],"picked":"Dagger Throw","floor":0},{"not_picked":["Infinite Blades","Underhanded Strike"],"picked":"Poisoned Stab","floor":0},{"not_picked":["Masterful Stab","Tactician"],"picked":"Accuracy","floor":0},{"not_picked":["Calculated Gamble","Noxious Fumes"],"picked":"Slice","floor":0},{"not_picked":["Cloak And Dagger","Endless Agony"],"picked":"Acrobatics","floor":0},{"not_picked":["Well Laid Plans","Underhanded Strike"],"picked":"Flying Knee","floor":0},{"not_picked":["Expertise","Endless Agony"],"picked":"Terror","floor":0},{"not_picked":["Acrobatics","Poisoned Stab"],"picked":"Backflip","floor":0},{"not_picked":["Distraction","Blade Dance"],"picked":"Dodge and Roll","floor":0},{"not_picked":["All Out Attack","Footwork"],"picked":"Catalyst","floor":0},{"not_picked":["Dagger Throw","Blade Dance"],"picked":"Crippling Poison","floor":1},{"not_picked":["Riddle With Holes","Prepared"],"picked":"Dash","floor":2},{"not_picked":["Calculated Gamble","Dodge and Roll"],"picked":"PiercingWail","floor":7},{"not_picked":["Eviscerate","Prepared"],"picked":"PiercingWail","floor":10},{"not_picked":["Venomology","Doppelganger"],"picked":"Bullet Time","floor":16},{"not_picked":["Setup","Dagger Spray"],"picked":"PiercingWail","floor":18},{"not_picked":["Acrobatics+1","PiercingWail"],"picked":"Flame Barrier","floor":21},{"not_picked":["Bane","Endless Agony","Gash"],"picked":"SKIP","floor":22},{"not_picked":["Aggregate","Body Slam","Slice"],"picked":"SKIP","floor":24},{"not_picked":["Masterful Stab","Barrage"],"picked":"Chrysalis","floor":28},{"not_picked":["Infinite Blades","Thunderclap"],"picked":"Chaos+1","floor":31},{"not_picked":["HandOfGreed","Rainbow"],"picked":"Envenom","floor":33},{"not_picked":["Streamline+1","Iron Wave"],"picked":"Conserve Battery","floor":35},{"not_picked":["Slice","Prepared"],"picked":"Leap+1","floor":36},{"not_picked":["True Grit+1","Headbutt+1","Acrobatics"],"picked":"SKIP","floor":37},{"not_picked":["Compile Driver","Well Laid Plans"],"picked":"Double Energy+1","floor":39},{"not_picked":["Concentrate","Armaments"],"picked":"Creative AI","floor":41},{"not_picked":["Footwork","Dagger Spray"],"picked":"Catalyst","floor":42},{"not_picked":["Steam Power","Impatience","Havoc+1"],"picked":"SKIP","floor":46},{"not_picked":["Terror+1","Twin Strike+1","Havoc"],"picked":"SKIP","floor":48}],"player_experience":147804,"relics_obtained":[{"floor":9,"key":"Calipers"},{"floor":10,"key":"Turnip"},{"floor":13,"key":"Meat on the Bone"},{"floor":26,"key":"Potion Belt"},{"floor":28,"key":"Mummified Hand"},{"floor":28,"key":"War Paint"},{"floor":43,"key":"MawBank"}],"event_choices":[{"damage_healed":0,"gold_gain":0,"player_choice":"Got Potions","damage_taken":0,"max_hp_gain":0,"max_hp_loss":0,"event_name":"Lab","floor":3,"gold_loss":0},{"damage_healed":0,"gold_gain":63,"player_choice":"Gained Gold","damage_taken":0,"max_hp_gain":0,"max_hp_loss":0,"event_name":"Golden Wing","floor":5,"gold_loss":0},{"damage_healed":0,"gold_gain":0,"player_choice":"Entered Light","damage_taken":14,"max_hp_gain":0,"max_hp_loss":0,"event_name":"Shining Light","floor":12,"gold_loss":0,"cards_upgraded":["Caltrops","Bane"]},{"cards_removed":["Accuracy"],"damage_healed":0,"gold_gain":0,"player_choice":"Purged","damage_taken":0,"max_hp_gain":0,"max_hp_loss":0,"event_name":"Purifier","floor":19,"gold_loss":0},{"damage_healed":0,"gold_gain":0,"player_choice":"Inject Mutagens","damage_taken":0,"relics_obtained":["MutagenicStrength"],"max_hp_gain":0,"max_hp_loss":0,"event_name":"Drug Dealer","floor":27,"gold_loss":0},{"damage_healed":0,"gold_gain":0,"player_choice":"Became a Ghost","damage_taken":0,"max_hp_gain":0,"max_hp_loss":35,"event_name":"Ghosts","floor":30,"gold_loss":0,"cards_obtained":["Ghostly","Ghostly","Ghostly","Ghostly","Ghostly"]},{"damage_healed":0,"gold_gain":0,"player_choice":"Memory 1","damage_taken":0,"max_hp_gain":0,"max_hp_loss":0,"event_name":"SensoryStone","floor":45,"gold_loss":0},{"damage_healed":0,"gold_gain":0,"player_choice":"Ignored","damage_taken":0,"max_hp_gain":0,"max_hp_loss":0,"event_name":"Mysterious Sphere","floor":47,"gold_loss":0}],"is_beta":false,"boss_relics":[{"not_picked":["Velvet Choker","Tiny House"],"picked":"Black Star"},{"not_picked":["Eternal Feather","Empty Cage"],"picked":"Philosopher\u0027s Stone"}],"items_purged_floors":[44],"is_endless":false,"potions_floor_spawned":[1,7,10,18,22,24,33,36,37,41],"killed_by":"Donu and Deca","ascension_level":0}