{"gold_per_floor":[118,137,137,69,88,116,116,144,144,178,188,198,211,222,222,323,323,338,438,448,448,448,448,475,435,435,447,447,99,110,128,128,230,230,249,269,125,48,48,48,48,65,143,160,187,187,233,249,249,249],"floor_reached":51,"playtime":2881,"items_purged":[],"score":785,"play_id":"37ad2eec-e6b3-491b-9db6-4ec5e6770007","local_time":"20190411151412","is_ascension_mode":true,"campfire_choices":[{"floor":7,"key":"REST"},{"floor":15,"key":"REST"},{"floor":23,"key":"REST"},{"data":"Limit Break","floor":28,"key":"SMITH"},{"data":"Entrench","floor":32,"key":"SMITH"},{"data":"1","floor":40,"key":"LIFT"},{"data":"2","floor":46,"key":"LIFT"},{"data":"3","floor":49,"key":"LIFT"}],"neow_cost":"PERCENT_DAMAGE","seed_source_timestamp":24644039606213,"circlet_count":0,"master_deck":["Strike_R","Strike_R","Strike_R+1","Defend_R","Defend_R+1","Defend_R","Bash","Limit Break+1","Body Slam","True Grit","Body Slam+1","Power Through","Shrug It Off","Offering","Flex","Entrench+1","Dropkick","Bludgeon","Rampage","Immolate+1","Pummel","Sword Boomerang+1","Entrench","Clumsy","Flex","Double Tap","Twin Strike","Rage+1","Immolate","Flex","Flash of Steel","HandOfGreed","Injury","Combust+1"],"relics":["Burning Blood","Magic Flower","Gambling Chip","Charon\u0027s Ashes","Lantern","Cursed Key","Peace Pipe","Matryoshka","Bag of Marbles","Du-Vu Doll","Mercury Hourglass","Letter Opener","Membership Card","Pen Nib","Busted Crown","Girya","Anchor","Ancient Tea Set","Frozen Egg 2","Whetstone","Happy Flower"],"potions_floor_usage":[16,16,16,33,33,45,50,50,50,50],"damage_taken":[{"damage":8,"enemies":"Cultist","floor":1,"turns":5},{"damage":2,"enemies":"Jaw Worm","floor":2,"turns":4},{"damage":2,"enemies":"2 Louse","floor":5,"turns":4},{"damage":15,"enemies":"Gremlin Nob","floor":6,"turns":4},{"damage":51,"enemies":"Lagavulin","floor":8,"turns":15},{"damage":18,"enemies":"3 Sentries","floor":10,"turns":7},{"damage":16,"enemies":"Large Slime","floor":11,"turns":5},{"damage":6,"enemies":"2 Fungi Beasts","floor":12,"turns":2},{"damage":6,"enemies":"Gremlin Gang","floor":13,"turns":4},{"damage":13,"enemies":"Red Slaver","floor":14,"turns":6},{"damage":7,"enemies":"Hexaghost","floor":16,"turns":5},{"damage":20,"enemies":"Spheric Guardian","floor":18,"turns":4},{"damage":13,"enemies":"Colosseum Slavers","floor":19,"turns":2},{"damage":6,"enemies":"Colosseum Nobs","floor":19,"turns":3},{"damage":6,"enemies":"3 Byrds","floor":20,"turns":3},{"damage":14,"enemies":"Book of Stabbing","floor":24,"turns":3},{"damage":0,"enemies":"Snake Plant","floor":27,"turns":1},{"damage":0,"enemies":"Centurion and Healer","floor":30,"turns":2},{"damage":0,"enemies":"Sentry and Sphere","floor":31,"turns":2},{"damage":59,"enemies":"Automaton","floor":33,"turns":8},{"damage":9,"enemies":"3 Shapes","floor":35,"turns":2},{"damage":2,"enemies":"Orb Walker","floor":36,"turns":3},{"damage":0,"enemies":"Transient","floor":42,"turns":5},{"damage":6,"enemies":"Sphere and 2 Shapes","floor":44,"turns":1},{"damage":4,"enemies":"Giant Head","floor":45,"turns":6},{"damage":6,"enemies":"Reptomancer","floor":47,"turns":2},{"damage":2,"enemies":"Writhing Mass","floor":48,"turns":2},{"damage":27,"enemies":"Time Eater","floor":50,"turns":4}],"seed_played":"-1534567859877895597","potions_obtained":[{"floor":8,"key":"Strength Potion"},{"floor":11,"key":"SpeedPotion"},{"floor":12,"key":"SkillPotion"},{"floor":14,"key":"SteroidPotion"},{"floor":19,"key":"GamblersBrew"},{"floor":20,"key":"Fire Potion"},{"floor":30,"key":"FearPotion"},{"floor":33,"key":"GamblersBrew"},{"floor":36,"key":"Weak Potion"},{"floor":47,"key":"SteroidPotion"},{"floor":48,"key":"EntropicBrew"}],"is_trial":false,"path_per_floor":["M","M","?","$","M","E","R","E","T","E","M","M","M","M","R","B",null,"M","?","M","?","?","R","E","?","T","M","R","$","M","M","R","B",null,"M","M","$","$","?","R","?","M","T","M","E","R","E","M","R","B",null],"character_chosen":"IRONCLAD","items_purchased":["Power Through","Membership Card","Pen Nib","Double Tap","Girya","Anchor"],"campfire_rested":3,"item_purchase_floors":[4,29,29,29,37,38],"current_hp_per_floor":[54,58,58,58,62,53,77,35,35,26,19,22,25,21,45,47,80,69,68,71,56,56,81,76,76,76,85,85,85,85,85,85,35,85,85,85,85,85,80,80,80,85,85,85,85,85,85,85,85,67],"gold":249,"neow_bonus":"TRANSFORM_TWO_CARDS","is_prod":false,"is_daily":false,"chose_seed":false,"campfire_upgraded":2,"win_rate":0,"timestamp":1555010052,"path_taken":["M","M","?","$","?","E","R","E","T","E","?","M","M","M","R","BOSS","M","?","M","?","?","R","E","?","T","M","R","$","M","M","R","BOSS","M","?","?","$","?","R","?","M","T","M","E","R","E","?","R","BOSS"],"build_version":"2019-01-23","purchased_purges":0,"victory":true,"max_hp_per_floor":[80,80,80,80,80,80,80,80,80,80,80,80,80,80,80,80,80,80,80,80,85,85,85,85,85,85,85,85,85,85,85,85,85,85,85,85,85,85,85,85,85,85,85,85,85,85,85,85,85,85],"card_choices":[{"not_picked":["Clothesline","Sentinel"],"picked":"True Grit","floor":1},{"not_picked":["Sword Boomerang","Second Wind"],"picked":"Body Slam","floor":2},{"not_picked":["Warcry","Havoc"],"picked":"Shrug It Off","floor":5},{"not_picked":["Sever Soul","Bloodletting"],"picked":"Offering","floor":6},{"not_picked":["Perfected Strike","Rage"],"picked":"Flex","floor":8},{"not_picked":["Pommel Strike","Metallicize"],"picked":"Entrench","floor":10},{"not_picked":["Clash","Intimidate"],"picked":"Dropkick","floor":11},{"not_picked":["Bloodletting","Perfected Strike"],"picked":"Bludgeon","floor":12},{"not_picked":["Carnage","Clothesline","Warcry"],"picked":"SKIP","floor":13},{"not_picked":["Armaments","Wild Strike"],"picked":"Rampage","floor":14},{"not_picked":["Berserk","Brutality"],"picked":"Immolate","floor":16},{"not_picked":["Intimidate","Warcry","Clash+1"],"picked":"SKIP","floor":18},{"not_picked":["True Grit","Cleave+1"],"picked":"Pummel","floor":19},{"not_picked":["Searing Blow","Sentinel"],"picked":"Sword Boomerang+1","floor":20},{"not_picked":["Power Through","Blood for Blood"],"picked":"Entrench","floor":24},{"not_picked":["Body Slam","Second Wind"],"picked":"Flex","floor":27},{"not_picked":["Whirlwind+1","Armaments"],"picked":"Twin Strike","floor":30},{"not_picked":["Infernal Blade","Sentinel"],"picked":"Rage+1","floor":31},{"not_picked":["Brutality","Berserk"],"picked":"Immolate","floor":33},{"not_picked":["Cleave+1"],"picked":"SKIP","floor":35},{"not_picked":[],"picked":"Flex","floor":36},{"not_picked":[],"picked":"Flash of Steel","floor":39},{"not_picked":[],"picked":"HandOfGreed","floor":39},{"not_picked":["Shrug It Off"],"picked":"SKIP","floor":42},{"not_picked":["True Grit"],"picked":"SKIP","floor":44},{"not_picked":["Clash"],"picked":"SKIP","floor":45},{"not_picked":[],"picked":"Combust+1","floor":47},{"not_picked":["Clash"],"picked":"SKIP","floor":48}],"player_experience":115197,"relics_obtained":[{"floor":6,"key":"Magic Flower"},{"floor":8,"key":"Gambling Chip"},{"floor":9,"key":"Charon\u0027s Ashes"},{"floor":10,"key":"Lantern"},{"floor":19,"key":"Peace Pipe"},{"floor":19,"key":"Matryoshka"},{"floor":24,"key":"Du-Vu Doll"},{"floor":26,"key":"Mercury Hourglass"},{"floor":26,"key":"Letter Opener"},{"floor":43,"key":"Ancient Tea Set"},{"floor":43,"key":"Frozen Egg 2"},{"floor":45,"key":"Whetstone"},{"floor":47,"key":"Happy Flower"}],"event_choices":[{"cards_removed":["Strike_R"],"damage_healed":0,"gold_gain":0,"player_choice":"Offered Basic","damage_taken":0,"max_hp_gain":0,"max_hp_loss":0,"event_name":"Bonfire Elementals","floor":3,"gold_loss":0},{"damage_healed":0,"gold_gain":0,"player_choice":"Fight","damage_taken":0,"max_hp_gain":0,"max_hp_loss":0,"event_name":"Colosseum","floor":19,"gold_loss":0},{"damage_healed":0,"gold_gain":0,"player_choice":"Fought Nobs","damage_taken":0,"max_hp_gain":0,"max_hp_loss":0,"event_name":"Colosseum","floor":19,"gold_loss":0},{"damage_healed":0,"gold_gain":0,"player_choice":"Shed Blood","damage_taken":20,"max_hp_gain":5,"max_hp_loss":0,"event_name":"Forgotten Altar","floor":21,"gold_loss":0},{"damage_healed":0,"gold_gain":0,"player_choice":"Opened","damage_taken":0,"relics_obtained":["Bag of Marbles"],"max_hp_gain":0,"max_hp_loss":0,"event_name":"The Mausoleum","floor":22,"gold_loss":0,"cards_obtained":["Writhe"]},{"damage_healed":0,"gold_gain":0,"player_choice":"Upgraded Two","damage_taken":0,"max_hp_gain":0,"max_hp_loss":0,"event_name":"Designer","floor":25,"gold_loss":40,"cards_upgraded":["Defend_R","Body Slam"]},{"damage_healed":0,"gold_gain":0,"player_choice":"Memory 2","damage_taken":5,"max_hp_gain":0,"max_hp_loss":0,"event_name":"SensoryStone","floor":39,"gold_loss":0},{"cards_removed":["Writhe"],"damage_healed":0,"gold_gain":0,"player_choice":"Card Removal","damage_taken":0,"max_hp_gain":0,"max_hp_loss":0,"event_name":"Wheel of Change","floor":41,"gold_loss":0}],"is_beta":false,"boss_relics":[{"not_picked":["Runic Dome","White Beast Statue"],"picked":"Cursed Key"},{"not_picked":["Mark of Pain","Orrery"],"picked":"Busted Crown"}],"items_purged_floors":[],"is_endless":false,"potions_floor_spawned":[8,11,12,13,14,19,20,30,33,36,47,48],"ascension_level":1}