{"gold_per_floor":[99,24,24,24,24,24,0,0,0,0,0,0,0,0,0,0,0,0,0,0,0,0,0,0,0,0,0,0,0,0,0,0,0,0,0,0,0,0,0,0,0,0,0,0,0,0,0,0,0,0],"floor_reached":50,"playtime":7014,"items_purged":[],"score":728,"play_id":"487e6204-d34a-4ba2-92e5-0f9b48a04605","local_time":"20190424170525","is_ascension_mode":true,"campfire_choices":[{"data":"Noxious Fumes","floor":6.0,"key":"SMITH"},{"data":"A Thousand Cuts","floor":8.0,"key":"SMITH"},{"data":"Neutralize","floor":12,"key":"SMITH"},{"floor":15,"key":"REST"},{"floor":23,"key":"REST"},{"floor":25,"key":"REST"},{"data":"Caltrops","floor":27,"key":"SMITH"},{"floor":30,"key":"REST"},{"floor":32,"key":"REST"},{"data":"A Thousand Cuts","floor":40,"key":"SMITH"},{"data":"Well Laid Plans","floor":42,"key":"SMITH"},{"data":"Survivor","floor":44,"key":"SMITH"},{"data":"Defend_G","floor":49,"key":"SMITH"}],"neow_cost":"NONE","seed_source_timestamp":43297141489965,"circlet_count":0,"master_deck":["Defend_G","Defend_G","Defend_G","Defend_G","Defend_G+1","Strike_G","Strike_G","Strike_G","Survivor+1","Neutralize+1","Noxious Fumes+1","Caltrops+1","A Thousand Cuts+1","Blade Dance+1","Well Laid Plans+1","Leg Sweep+1","Corpse Explosion+1","PiercingWail+1","Cloak And Dagger+1","Catalyst+1","Leg Sweep+1","Doppelganger+1","Corpse Explosion+1","PiercingWail+1","Leg Sweep+1","A Thousand Cuts+1","Crippling Poison+1","Cloak And Dagger+1","Accuracy+1","PiercingWail+1","Tools of the Trade+1","Leg Sweep+1","Blade Dance+1"],"special_seed":0,"relics":["Ectoplasm","Toxic Egg 2","Bottled Flame","WristBlade","Red Mask","Question Card","Pen Nib","Lantern","Coffee Dripper","Anchor","Calipers"],"potions_floor_usage":[16,16,22,22,22,33,50,50,50],"damage_taken":[{"damage":0.0,"enemies":"Small Slimes","floor":1.0,"turns":3.0},{"damage":0.0,"enemies":"Cultist","floor":4.0,"turns":5.0},{"damage":2.0,"enemies":"Jaw Worm","floor":5.0,"turns":5.0},{"damage":4.0,"enemies":"Looter","floor":7.0,"turns":4.0},{"damage":25,"enemies":"Gremlin Nob","floor":11,"turns":5},{"damage":10,"enemies":"2 Fungi Beasts","floor":13,"turns":3},{"damage":0,"enemies":"Exordium Thugs","floor":14,"turns":3},{"damage":4,"enemies":"Hexaghost","floor":16,"turns":8},{"damage":0,"enemies":"3 Byrds","floor":18,"turns":2},{"damage":1,"enemies":"Shell Parasite","floor":19,"turns":5},{"damage":10,"enemies":"Centurion and Healer","floor":20,"turns":5},{"damage":35,"enemies":"Masked Bandits","floor":22,"turns":4},{"damage":21,"enemies":"Slavers","floor":24,"turns":4},{"damage":6,"enemies":"3 Cultists","floor":29,"turns":3},{"damage":6,"enemies":"Book of Stabbing","floor":31,"turns":4},{"damage":0,"enemies":"Collector","floor":33,"turns":5},{"damage":6,"enemies":"3 Darklings","floor":35,"turns":3},{"damage":0,"enemies":"3 Shapes","floor":37,"turns":4},{"damage":5,"enemies":"Sphere and 2 Shapes","floor":39,"turns":5},{"damage":28,"enemies":"Jaw Worm Horde","floor":41,"turns":2},{"damage":5,"enemies":"Giant Head","floor":45,"turns":8},{"damage":0,"enemies":"4 Shapes","floor":47,"turns":5},{"damage":0,"enemies":"3 Darklings","floor":48,"turns":3},{"damage":48,"enemies":"Awakened One","floor":50,"turns":5}],"seed_played":"-4964080649669405388","potions_obtained":[{"floor":4.0,"key":"Block Potion"},{"floor":7.0,"key":"Dexterity Potion"},{"floor":13,"key":"AttackPotion"},{"floor":16,"key":"FearPotion"},{"floor":18,"key":"Strength Potion"},{"floor":20,"key":"FearPotion"},{"floor":31,"key":"SkillPotion"},{"floor":37,"key":"Ancient Potion"},{"floor":41,"key":"Fire Potion"},{"floor":45,"key":"Weak Potion"}],"is_trial":false,"path_per_floor":["M","$","?","M","M","R","M","R","T","?","E","R","M","M","R","B",null,"M","M","M","?","?","R","E","R","T","R","?","M","R","E","R","B",null,"M","?","M","?","M","R","M","R","T","R","E","?","M","M","R","B"],"character_chosen":"THE_SILENT","items_purchased":["Noxious Fumes"],"campfire_rested":5,"item_purchase_floors":[2],"current_hp_per_floor":[70,70,70,70,68,68,64,64,64,69,44,44,34,34,56,52,69,69,68,58,44,9,33,12,36,36,36,36,30,54,48,72,72,78,72,72,72,80,75,75,47,47,47,47,42,42,42,42,42,0],"gold":0,"neow_bonus":"BOSS_RELIC","is_prod":false,"is_daily":false,"chose_seed":false,"campfire_upgraded":8,"win_rate":0,"timestamp":1556139925,"path_taken":["M","$","?","M","?","R","M","R","T","?","E","R","M","M","R","BOSS","M","M","M","?","?","R","E","R","T","R","?","M","R","E","R","BOSS","M","?","M","?","?","R","M","R","T","R","E","?","M","?","R","BOSS"],"build_version":"2019-01-23","purchased_purges":0,"victory":false,"max_hp_per_floor":[70,70,70,70,70,70,70,70,70,75,75,75,75,75,75,75,75,75,75,75,80,80,80,80,80,80,80,80,80,80,80,80,80,80,80,80,80,80,80,80,80,80,80,80,80,80,80,80,80,80],"card_choices":[{"not_picked":["Underhanded Strike","Prepared","Poisoned Stab"],"picked":"SKIP","floor":1.0},{"not_picked":["Dagger Throw","Blade Dance"],"picked":"Caltrops","floor":4.0},{"not_picked":["Concentrate","Bane","Finisher"],"picked":"SKIP","floor":5.0},{"not_picked":["Poisoned Stab","Sucker Punch"],"picked":"A Thousand Cuts","floor":7.0},{"not_picked":["Reflex+1","Slice"],"picked":"Blade Dance+1","floor":11},{"not_picked":["Poisoned Stab","Riddle With Holes"],"picked":"Well Laid Plans","floor":13},{"not_picked":["Prepared+1","All Out Attack"],"picked":"Leg Sweep+1","floor":14},{"not_picked":["Grand Finale","Night Terror+1"],"picked":"Corpse Explosion+1","floor":16},{"not_picked":["Skewer","Reflex+1"],"picked":"PiercingWail+1","floor":18},{"not_picked":["Backflip+1","Catalyst+1"],"picked":"Cloak And Dagger+1","floor":19},{"not_picked":["Sucker Punch","Skewer"],"picked":"Catalyst+1","floor":20},{"not_picked":["Flying Knee","Quick Slash"],"picked":"Leg Sweep+1","floor":22},{"not_picked":["Setup+1","Deflect+1"],"picked":"Doppelganger+1","floor":24},{"not_picked":["Caltrops","Slice","Dagger Spray"],"picked":"PiercingWail+1","floor":29},{"not_picked":["Slice","Escape Plan+1","Dagger Throw"],"picked":"Leg Sweep+1","floor":31},{"not_picked":["Glass Knife","Tools of the Trade","Night Terror+1"],"picked":"A Thousand Cuts","floor":33},{"not_picked":["Escape Plan+1","Skewer+1","Bane+1"],"picked":"Crippling Poison+1","floor":35},{"not_picked":["Acrobatics+1","Choke","Underhanded Strike+1"],"picked":"Cloak And Dagger+1","floor":37},{"not_picked":["All Out Attack+1","Eviscerate","Quick Slash+1"],"picked":"Accuracy+1","floor":39},{"not_picked":["Dodge and Roll+1","Quick Slash","Flying Knee+1"],"picked":"PiercingWail+1","floor":41},{"not_picked":["Acrobatics+1","Endless Agony+1","Deadly Poison+1"],"picked":"Tools of the Trade","floor":45},{"not_picked":["Flying Knee","Underhanded Strike+1","Riddle With Holes"],"picked":"Leg Sweep+1","floor":47},{"not_picked":["Underhanded Strike","Dagger Throw+1","Skewer"],"picked":"Blade Dance+1","floor":48}],"player_experience":909237,"relics_obtained":[{"floor":9.0,"key":"Toxic Egg 2"},{"floor":11,"key":"Bottled Flame"},{"floor":22,"key":"Red Mask"},{"floor":24,"key":"Question Card"},{"floor":26,"key":"Pen Nib"},{"floor":31,"key":"Lantern"},{"floor":43,"key":"Anchor"},{"floor":45,"key":"Calipers"}],"event_choices":[{"cards_removed":["Strike_G"],"damage_healed":0.0,"max_hp_gain":0.0,"max_hp_loss":0.0,"gold_gain":0.0,"event_name":"Bonfire Elementals","player_choice":"Offered Basic","floor":3.0,"gold_loss":0.0,"damage_taken":0.0},{"damage_healed":0.0,"max_hp_gain":5.0,"max_hp_loss":0.0,"gold_gain":0.0,"event_name":"Big Fish","player_choice":"Donut","floor":10.0,"gold_loss":0.0,"damage_taken":0.0},{"damage_healed":0,"gold_gain":0,"player_choice":"Shed Blood","damage_taken":19,"max_hp_gain":5,"max_hp_loss":0,"event_name":"Forgotten Altar","floor":21,"gold_loss":0},{"damage_healed":0,"gold_gain":0,"player_choice":"Fought Bandits","damage_taken":0,"max_hp_gain":0,"max_hp_loss":0,"event_name":"Masked Bandits","floor":22,"gold_loss":0},{"damage_healed":0,"gold_gain":0,"player_choice":"Copied","damage_taken":0,"max_hp_gain":0,"max_hp_loss":0,"event_name":"Duplicator","floor":28,"gold_loss":0,"cards_obtained":["Corpse Explosion"]},{"cards_removed":["Strike_G"],"damage_healed":0,"gold_gain":0,"player_choice":"Removed Attack","damage_taken":0,"max_hp_gain":0,"max_hp_loss":0,"event_name":"Falling","floor":36,"gold_loss":0},{"damage_healed":8,"gold_gain":0,"player_choice":"Full Heal","damage_taken":0,"max_hp_gain":0,"max_hp_loss":0,"event_name":"Wheel of Change","floor":38,"gold_loss":0},{"damage_healed":0,"gold_gain":0,"player_choice":"Forge","damage_taken":0,"max_hp_gain":0,"max_hp_loss":0,"event_name":"Accursed Blacksmith","floor":46,"gold_loss":0,"cards_upgraded":["Tools of the Trade"]}],"is_beta":false,"boss_relics":[{"not_picked":["Cursed Key","Calling Bell"],"picked":"WristBlade"},{"not_picked":["Empty Cage","Tiny House"],"picked":"Coffee Dripper"}],"items_purged_floors":[],"is_endless":false,"potions_floor_spawned":[4,7,13,16,18,20,31,37,41,45],"killed_by":"Awakened One","ascension_level":5}