{"gold_per_floor":[119,119,119,139,7,36,36,50,74,84,84,84,147,174,174,305,305,324,234,249,263,263,263,288,35,62,76,1,1,21,46,46,46],"floor_reached":33,"playtime":1035,"items_purged":[],"score":326,"play_id":"c9b56ba9-7fce-47a6-9524-dcdc3cf7f98b","local_time":"20190426024104","is_ascension_mode":true,"campfire_choices":[{"data":"Defragment","floor":7,"key":"SMITH"},{"data":"White Noise","floor":15,"key":"SMITH"},{"data":"Go for the Eyes","floor":23,"key":"SMITH"},{"floor":29,"key":"REST"},{"floor":32,"key":"REST"}],"neow_cost":"NONE","seed_source_timestamp":31174862352758,"circlet_count":0,"master_deck":["Strike_B+1","Strike_B","Defend_B","Defend_B","Defend_B+1","Defend_B","Zap+1","Dualcast","Glacier","Ball Lightning","Defragment+1","Conserve Battery","Ball Lightning+1","Go for the Eyes+1","Barrage","White Noise+1","Biased Cognition","Doom and Gloom","Coolheaded+1","Compile Driver","Self Repair","Coolheaded+1","Capacitor","Lockon+1","Self Repair+1"],"relics":["Cracked Core","NeowsBlessing","Oddly Smooth Stone","Bottled Tornado","Golden Idol","Cables","Whetstone","Snecko Eye","Molten Egg 2","Strawberry"],"potions_floor_usage":[10,13,31,33,33],"damage_taken":[{"damage":0,"enemies":"2 Louse","floor":1,"turns":1},{"damage":0,"enemies":"Small Slimes","floor":4,"turns":1},{"damage":0,"enemies":"3 Sentries","floor":6,"turns":2},{"damage":0,"enemies":"Cultist","floor":8,"turns":3},{"damage":1,"enemies":"Gremlin Gang","floor":10,"turns":3},{"damage":14,"enemies":"Gremlin Nob","floor":13,"turns":3},{"damage":10,"enemies":"Slime Boss","floor":16,"turns":6},{"damage":0,"enemies":"Spheric Guardian","floor":18,"turns":3},{"damage":24,"enemies":"3 Byrds","floor":20,"turns":3},{"damage":0,"enemies":"Sentry and Sphere","floor":21,"turns":4},{"damage":17,"enemies":"Shelled Parasite and Fungi","floor":24,"turns":4},{"damage":17,"enemies":"Centurion and Healer","floor":27,"turns":5},{"damage":2,"enemies":"Sentry and Sphere","floor":30,"turns":5},{"damage":38,"enemies":"3 Cultists","floor":31,"turns":5},{"damage":54,"enemies":"Automaton","floor":33,"turns":8}],"seed_played":"-8826516582631579767","potions_obtained":[{"floor":1,"key":"GamblersBrew"},{"floor":6,"key":"Energy Potion"},{"floor":8,"key":"Dexterity Potion"},{"floor":13,"key":"GamblersBrew"},{"floor":18,"key":"LiquidBronze"},{"floor":27,"key":"SkillPotion"}],"is_trial":false,"path_per_floor":["?","?","?","?","?","T","?","M","?","$"],"character_chosen":"DEFECT","items_purchased":["Defragment","Conserve Battery","Molten Egg 2","Capacitor"],"campfire_rested":2,"item_purchase_floors":[5,5,25,28],"current_hp_per_floor":[75,72,72,72,72,72,72,72,72,71,69,69,55,55,55,45,69,69,69,45,45,45,45,28,28,35,25,25,47,52,21,43,0],"gold":46,"neow_bonus":"THREE_ENEMY_KILL","is_prod":false,"is_daily":false,"chose_seed":false,"campfire_upgraded":3,"win_rate":0,"timestamp":1556221264,"path_taken":["M","?","?","M","$","E","R","M","T","M","?","?","?","?","R","BOSS","M","?","M","?","?","R","M","?","T","M","$","R","M","M","R","BOSS"],"build_version":"2019-01-23","purchased_purges":0,"victory":false,"max_hp_per_floor":[75,75,75,75,75,75,75,75,75,75,69,69,69,69,69,69,69,69,69,69,69,69,69,69,69,76,76,76,76,76,76,76,76],"card_choices":[{"not_picked":["FTL","Hello World"],"picked":"Glacier","floor":1},{"not_picked":["White Noise","Blizzard"],"picked":"Ball Lightning","floor":4},{"not_picked":["Steam","Beam Cell"],"picked":"Ball Lightning","floor":6},{"not_picked":["Leap","Conserve Battery"],"picked":"Go for the Eyes","floor":8},{"not_picked":["Heatsinks","Cold Snap"],"picked":"Barrage","floor":10},{"not_picked":["Redo","Ball Lightning"],"picked":"White Noise","floor":13},{"not_picked":["Buffer","Multi-Cast"],"picked":"Biased Cognition","floor":16},{"not_picked":["Compile Driver","Skim+1"],"picked":"Doom and Gloom","floor":18},{"not_picked":["Turbo","Ball Lightning"],"picked":"Coolheaded+1","floor":20},{"not_picked":["Turbo","Skim"],"picked":"Compile Driver","floor":21},{"not_picked":["Steam Power","Compile Driver"],"picked":"Self Repair","floor":24},{"not_picked":["Static Discharge","Go for the Eyes+1"],"picked":"Coolheaded+1","floor":27},{"not_picked":["Turbo","Stack"],"picked":"Lockon+1","floor":30},{"not_picked":["Leap","Steam"],"picked":"Self Repair+1","floor":31}],"player_experience":63891,"relics_obtained":[{"floor":6,"key":"Bottled Tornado"},{"floor":13,"key":"Cables"},{"floor":14,"key":"Whetstone"},{"floor":26,"key":"Strawberry"}],"event_choices":[{"damage_healed":0,"gold_gain":0,"player_choice":"Success","damage_taken":3,"relics_obtained":["Oddly Smooth Stone"],"max_hp_gain":0,"max_hp_loss":0,"event_name":"Scrap Ooze","floor":2,"gold_loss":0},{"damage_healed":0,"gold_gain":0,"player_choice":"Ignored","damage_taken":0,"max_hp_gain":0,"max_hp_loss":0,"event_name":"Liars Game","floor":3,"gold_loss":0},{"damage_healed":0,"gold_gain":0,"player_choice":"Lose Max HP","damage_taken":0,"relics_obtained":["Golden Idol"],"max_hp_gain":0,"max_hp_loss":6,"event_name":"Golden Idol","floor":11,"gold_loss":0},{"damage_healed":0,"gold_gain":0,"player_choice":"Grow","damage_taken":0,"max_hp_gain":0,"max_hp_loss":0,"event_name":"Living Wall","floor":12,"gold_loss":0,"cards_upgraded":["Zap"]},{"damage_healed":0,"gold_gain":30,"player_choice":"Searched \u00272\u0027 times","damage_taken":0,"max_hp_gain":0,"max_hp_loss":0,"event_name":"Dead Adventurer","floor":13,"gold_loss":0},{"cards_removed":["Strike_B"],"damage_healed":0,"gold_gain":0,"player_choice":"Upgrade and Remove","damage_taken":0,"max_hp_gain":0,"max_hp_loss":0,"event_name":"Designer","floor":19,"gold_loss":90,"cards_upgraded":["Defend_B"]},{"cards_removed":["Strike_B"],"damage_healed":0,"gold_gain":0,"player_choice":"Purged","damage_taken":0,"max_hp_gain":0,"max_hp_loss":0,"event_name":"Purifier","floor":22,"gold_loss":0}],"is_beta":false,"boss_relics":[{"not_picked":["Cursed Key","Sozu"],"picked":"Snecko Eye"}],"items_purged_floors":[],"is_endless":false,"potions_floor_spawned":[1,6,8,13,18,21,24,27],"killed_by":"Automaton","ascension_level":4}