{"gold_per_floor":[112,112,112,35,49,49,60,60,60,60,60,74,101,31,31,106,106,126,126,126,51,71,71,97,97,97,97,117,117,133,133,133,133],"floor_reached":33,"playtime":2407,"items_purged":["Strike_B"],"score":422,"play_id":"71b339c7-6aaa-43bd-ad6c-97b67d9bb729","local_time":"20190422211244","is_ascension_mode":true,"campfire_choices":[{"data":"Sunder","floor":6.0,"key":"SMITH"},{"data":"Reinforced Body","floor":8.0,"key":"SMITH"},{"floor":11.0,"key":"REST"},{"data":"Defragment","floor":15.0,"key":"SMITH"},{"data":"Capacitor","floor":23,"key":"SMITH"},{"data":"Coolheaded","floor":25,"key":"SMITH"},{"data":"Conserve Battery","floor":27,"key":"SMITH"},{"floor":32,"key":"REST"}],"neow_cost":"NONE","seed_source_timestamp":0,"circlet_count":0,"master_deck":["AscendersBane","Strike_B+1","Defend_B","Defend_B","Defend_B+1","Defend_B","Zap","Dualcast","Cold Snap","Sunder+1","Conserve Battery+1","Reinforced Body+1","Coolheaded+1","Capacitor+1","Defragment+1","Seek","Coolheaded+1","Writhe","Writhe","Electrodynamics+1","Capacitor","Compile Driver"],"special_seed":0,"relics":["Cracked Core","Juzu Bracelet","Ginger","Cursed Key","Strawberry","Anchor"],"potions_floor_usage":[33],"damage_taken":[{"damage":8.0,"enemies":"2 Louse","floor":1.0,"turns":3.0},{"damage":0.0,"enemies":"Jaw Worm","floor":5.0,"turns":4.0},{"damage":0.0,"enemies":"Cultist","floor":7.0,"turns":3.0},{"damage":3.0,"enemies":"Large Slime","floor":12.0,"turns":4.0},{"damage":13.0,"enemies":"Gremlin Nob","floor":13.0,"turns":5.0},{"damage":5.0,"enemies":"The Guardian","floor":16.0,"turns":16.0},{"damage":2,"enemies":"Shell Parasite","floor":18,"turns":6},{"damage":5,"enemies":"Spheric Guardian","floor":22,"turns":4},{"damage":9,"enemies":"Snake Plant","floor":28,"turns":5},{"damage":20,"enemies":"Centurion and Healer","floor":30,"turns":8},{"damage":100,"enemies":"Champ","floor":33,"turns":21}],"seed_played":"-2081831269000340329","potions_obtained":[{"floor":5.0,"key":"EssenceOfSteel"},{"floor":12.0,"key":"FairyPotion"},{"floor":13.0,"key":"AttackPotion"},{"floor":20,"key":"Fire Potion"},{"floor":30,"key":"Dexterity Potion"}],"is_trial":false,"path_per_floor":["M","?","?","$","M","R","M","R","T","?","R","M","E","$","R","B",null,"M","?","?","$","M","R","T","R","T","R","M","?","M","?","R","B"],"character_chosen":"DEFECT","items_purchased":["Sunder","Defragment"],"campfire_rested":2,"item_purchase_floors":[4,14],"current_hp_per_floor":[63,63,40,40,40,40,40,40,40,33,56,53,40,40,40,35,67,65,65,65,65,60,60,67,67,67,67,58,58,38,38,63,0],"gold":133,"neow_bonus":"TEN_PERCENT_HP_BONUS","is_prod":false,"is_daily":false,"chose_seed":false,"campfire_upgraded":6,"win_rate":0,"timestamp":1555981964,"path_taken":["M","?","?","?","M","R","M","R","T","?","R","M","E","$","R","BOSS","M","?","?","$","M","R","?","R","T","R","M","?","M","?","R","BOSS"],"build_version":"2019-01-23","purchased_purges":1,"victory":false,"max_hp_per_floor":[78,78,78,78,78,78,78,78,78,78,78,78,78,78,78,78,78,78,78,78,78,78,78,85,85,85,85,85,85,85,85,85,85],"card_choices":[{"not_picked":["Compile Driver","Redo"],"picked":"Cold Snap","floor":1.0},{"not_picked":["Leap","Force Field"],"picked":"Conserve Battery","floor":5.0},{"not_picked":["Go for the Eyes","Rainbow"],"picked":"Reinforced Body","floor":7.0},{"not_picked":["Streamline","Sweeping Beam"],"picked":"Coolheaded","floor":12.0},{"not_picked":["Consume","Loop"],"picked":"Capacitor","floor":13.0},{"not_picked":["All For One","Thunder Strike"],"picked":"Seek","floor":16.0},{"not_picked":["Barrage","Ball Lightning","Tempest"],"picked":"SKIP","floor":18},{"not_picked":["Hologram","Blizzard"],"picked":"Coolheaded+1","floor":22},{"not_picked":["Blizzard","Steam+1"],"picked":"Electrodynamics","floor":28},{"not_picked":["Sweeping Beam","Hologram"],"picked":"Capacitor","floor":30}],"player_experience":858726,"relics_obtained":[{"floor":9.0,"key":"Juzu Bracelet"},{"floor":13.0,"key":"Ginger"},{"floor":24,"key":"Strawberry"},{"floor":26,"key":"Anchor"}],"event_choices":[{"damage_healed":0.0,"max_hp_gain":0.0,"max_hp_loss":0.0,"gold_gain":0.0,"event_name":"Liars Game","player_choice":"Ignored","floor":2.0,"gold_loss":0.0,"damage_taken":0.0},{"damage_healed":0.0,"max_hp_gain":0.0,"max_hp_loss":0.0,"gold_gain":0.0,"event_name":"Shining Light","player_choice":"Entered Light","floor":3.0,"gold_loss":0.0,"damage_taken":23.0,"cards_upgraded":["Defend_B","Strike_B"]},{"cards_removed":["Strike_B"],"damage_healed":0.0,"max_hp_gain":0.0,"max_hp_loss":0.0,"gold_gain":0.0,"event_name":"Golden Wing","player_choice":"Card Removal","floor":10.0,"gold_loss":0.0,"damage_taken":7.0},{"damage_healed":0,"gold_gain":0,"player_choice":"0 cards matched","damage_taken":0,"max_hp_gain":0,"max_hp_loss":0,"event_name":"Match and Keep!","floor":19,"gold_loss":0,"cards_obtained":[]},{"damage_healed":0,"gold_gain":0,"player_choice":"Got Potions","damage_taken":0,"max_hp_gain":0,"max_hp_loss":0,"event_name":"Lab","floor":20,"gold_loss":0},{"damage_healed":0,"gold_gain":0,"player_choice":"Forge","damage_taken":0,"max_hp_gain":0,"max_hp_loss":0,"event_name":"Accursed Blacksmith","floor":29,"gold_loss":0,"cards_upgraded":["Electrodynamics"]},{"damage_healed":0,"gold_gain":0,"cards_transformed":["Strike_B"],"player_choice":"Transformed","damage_taken":0,"max_hp_gain":0,"max_hp_loss":0,"event_name":"Transmorgrifier","floor":31,"gold_loss":0,"cards_obtained":["Compile Driver"]}],"is_beta":false,"boss_relics":[{"not_picked":["Tiny House","Eternal Feather"],"picked":"Cursed Key"}],"items_purged_floors":[21],"is_endless":false,"potions_floor_spawned":[5,12,13,18,30],"killed_by":"Champ","ascension_level":15}