{"gold_per_floor":[113,130,60,60,14,32,50,65,65,65,76,76,104,117,117,220,220,236,251,262,262,106,106,116,116],"floor_reached":25,"playtime":2089,"items_purged":["Strike_B"],"score":311,"play_id":"6f0f047e-8c11-4262-b3b7-5177bb551d1d","local_time":"20181229000922","is_ascension_mode":true,"campfire_choices":[{"data":"Sunder","floor":12,"key":"SMITH"},{"data":"Ball Lightning","floor":15,"key":"SMITH"},{"data":"Consume","floor":23,"key":"SMITH"}],"neow_cost":"NONE","seed_source_timestamp":14904957326950,"circlet_count":0,"master_deck":["AscendersBane","Strike_B","Strike_B","Strike_B","Defend_B+1","Defend_B+1","Defend_B","Defend_B","Zap","Dualcast","Conserve Battery","White Noise+1","Conserve Battery","Ball Lightning+1","FTL","Sunder+1","Conserve Battery","Echo Form+1","White Noise+1","Go for the Eyes+1","Consume+1","Glacier"],"relics":["Cracked Core","Strawberry","War Paint","Letter Opener","Sozu"],"potions_floor_usage":[13,16,20],"damage_taken":[{"damage":2,"enemies":"Jaw Worm","floor":1,"turns":3},{"damage":0,"enemies":"Cultist","floor":2,"turns":3},{"damage":0,"enemies":"2 Louse","floor":6,"turns":2},{"damage":5,"enemies":"Red Slaver","floor":7,"turns":5},{"damage":6,"enemies":"Exordium Thugs","floor":8,"turns":3},{"damage":1,"enemies":"Large Slime","floor":11,"turns":4},{"damage":9,"enemies":"3 Sentries","floor":13,"turns":8},{"damage":0,"enemies":"Lots of Slimes","floor":14,"turns":3},{"damage":33,"enemies":"Hexaghost","floor":16,"turns":9},{"damage":0,"enemies":"Spheric Guardian","floor":18,"turns":2},{"damage":5,"enemies":"Chosen","floor":19,"turns":3},{"damage":21,"enemies":"Centurion and Healer","floor":20,"turns":5},{"damage":32,"enemies":"Sentry and Sphere","floor":24,"turns":6},{"damage":16,"enemies":"Gremlin Leader","floor":25,"turns":1}],"seed_played":"-2384819884125695010","potions_obtained":[{"floor":6,"key":"Strength Potion"},{"floor":11,"key":"EssenceOfSteel"},{"floor":13,"key":"EssenceOfSteel"},{"floor":16,"key":"Explosive Potion"}],"is_trial":false,"path_per_floor":["M","M","$","?","$","M","M","M","T","?","M","R","E","M","R","B",null,"M","M","M","?","$","R","M","E"],"character_chosen":"DEFECT","items_purchased":["White Noise","Conserve Battery","Consume"],"campfire_rested":0,"item_purchase_floors":[3,5,22],"current_hp_per_floor":[73,73,73,73,73,73,68,62,69,69,68,68,59,59,59,26,73,73,68,47,47,47,47,15,0],"gold":116,"neow_bonus":"TEN_PERCENT_HP_BONUS","is_prod":false,"is_daily":false,"chose_seed":false,"campfire_upgraded":3,"win_rate":0,"timestamp":1546060162,"path_taken":["M","M","$","?","?","M","?","M","T","?","M","R","E","?","R","BOSS","M","M","M","?","$","R","M","E"],"build_version":"2018-12-20","purchased_purges":1,"victory":false,"max_hp_per_floor":[82,82,82,82,82,82,82,82,89,89,89,89,89,89,89,89,89,89,89,89,89,89,89,89,89],"card_choices":[{"not_picked":["Turbo","Steam"],"picked":"Conserve Battery","floor":1},{"not_picked":["Lockon","Darkness","Fusion"],"picked":"SKIP","floor":2},{"not_picked":["Lockon","Storm"],"picked":"Ball Lightning","floor":6},{"not_picked":["Conserve Battery","Beam Cell"],"picked":"FTL","floor":7},{"not_picked":["Conserve Battery","Sweeping Beam"],"picked":"Sunder","floor":8},{"not_picked":["Rainbow","Sweeping Beam"],"picked":"Conserve Battery","floor":11},{"not_picked":["Beam Cell","Rebound","Streamline"],"picked":"SKIP","floor":13},{"not_picked":["Gash","Turbo","Sweeping Beam"],"picked":"SKIP","floor":14},{"not_picked":["Fission","Creative AI"],"picked":"Echo Form","floor":16},{"not_picked":["Sweeping Beam+1","Heatsinks"],"picked":"White Noise+1","floor":18},{"not_picked":["Double Energy","Reprogram","Redo"],"picked":"SKIP","floor":19},{"not_picked":["Redo","Streamline+1"],"picked":"Go for the Eyes+1","floor":20},{"not_picked":["Gash+1","Sweeping Beam"],"picked":"Glacier","floor":24}],"player_experience":620530,"relics_obtained":[{"floor":9,"key":"Strawberry"},{"floor":13,"key":"Letter Opener"}],"event_choices":[{"damage_healed":0,"gold_gain":0,"player_choice":"Upgraded","damage_taken":0,"max_hp_gain":0,"max_hp_loss":0,"event_name":"Upgrade Shrine","floor":4,"gold_loss":0,"cards_upgraded":["White Noise"]},{"damage_healed":0,"gold_gain":0,"player_choice":"Gave Potion","damage_taken":0,"relics_obtained":["War Paint"],"max_hp_gain":0,"max_hp_loss":0,"event_name":"WeMeetAgain","floor":10,"gold_loss":0},{"damage_healed":0,"gold_gain":0,"player_choice":"Upgraded","damage_taken":0,"max_hp_gain":0,"max_hp_loss":0,"event_name":"Upgrade Shrine","floor":21,"gold_loss":0,"cards_upgraded":["Echo Form"]}],"is_beta":false,"boss_relics":[{"not_picked":["Busted Crown","Calling Bell"],"picked":"Sozu"}],"items_purged_floors":[22],"is_endless":false,"potions_floor_spawned":[6,11,13,16,20],"killed_by":"Gremlin Leader","ascension_level":10}